2910 4986
217 344 294 418 420
677 357 967 420 carrrutaamu

218 504 303 581 Deo,
317 500 357 563 de
370 497 555 562 humilitate
575 507 608 561 et
627 497 794 584 patientia,
816 499 857 562 de
871 501 1015 562 castitate
1032 508 1065 562 et
1081 498 1294 582 continentia,
1311 503 1352 566 de

218 583 417 666 benignitate
436 591 469 644 et
484 581 715 659 misericordia,
732 582 776 643 de
791 581 1003 667 eleemosynis
1017 591 1049 644 et
1064 583 1265 644 confessione
1280 605 1354 667 pec-

220 675 365 729 catorum
386 686 529 742 suorum,
548 673 582 724 ut
603 674 637 725 et
655 664 937 728 debitoribussuis
956 665 1137 727 secundum
1158 664 1355 728 dominicam
1412 673 1415 682 ’

218 749 396 811 orationem
412 768 471 809 sua
492 746 602 808 debita
622 746 795 825 dimittant,
817 748 955 810 scientes
977 747 1152 809 certissime
1178 747 1266 827 quod
1294 749 1351 830 qui

217 831 293 892 talia
310 839 422 927 agunt,
442 849 579 912 regnum
596 829 659 890 Dei
678 829 897 912 possidebunt.
921 832 965 890 Et
982 829 1044 891 hoc
1065 830 1139 890 ideo
1161 828 1352 912 diligentius

218 914 418 996 iniungimus
436 921 557 974 vestrae
582 910 724 989 caritati,
750 913 827 993 quia
858 911 975 974 scimus
998 911 1196 994 temporibus
1219 913 1354 975 novissi·

215 995 275 1058 mis
288 994 557 1080 pseudodoctores
575 1014 642 1056 esse
657 1004 826 1069 venturam
847 993 930 1056 sicut
945 993 1012 1077 ipse
1025 995 1182 1055 Dominus
1191 993 1234 1074 jn
1251 1017 1352 1058 evan·

215 1079 302 1162 gelio
315 1076 486 1161 praedixit,
506 1085 539 1136 et
566 1075 740 1158 Apostolus
766 1078 886 1139 Paulus
907 1079 948 1139 ad
972 1077 1179 1137 Timotheum
1203 1085 1350 1138 testatur.

216 1161 306 1238 Ideo,
329 1157 540 1235 dilectissimi,
561 1166 628 1219 toto
651 1160 749 1220 corde
769 1179 996 1242 praeparemus
1014 1180 1071 1220 nos
1084 1164 1117 1218 ln
1142 1158 1274 1220 scientia
1290 1181 1351 1221 ve·

169 1274 171 1278 ·
215 1242 329 1318 ritatis,
343 1252 380 1302 ut
406 1240 564 1324 possimus
586 1241 882 1304 contradicentibus
904 1241 1033 1303 veritati
1060 1241 1221 1318 resistere,
1249 1250 1282 1301 et
1304 1242 1352 1303 di·

217 1325 292 1387 vina
313 1324 454 1386 donante
473 1322 576 1406 gratia
594 1324 731 1385 verbum
753 1325 815 1385 Dei
835 1333 958 1385 crescat
975 1331 1008 1384 et
1034 1333 1151 1400 currat,
1180 1333 1213 1384 et
1243 1324 1351 1384 multi-

215 1406 357 1490 plicetur
370 1405 404 1466 in
420 1406 602 1486 profectum
619 1417 747 1468 sanctae
772 1406 833 1468 Dei
850 1405 1015 1468 Ecclesiae
1050 1417 1082 1466 et
1110 1407 1247 1466 salutem
1277 1407 1349 1466 ani·

215 1509 339 1548 marum
361 1495 544 1548 nostrarum
565 1497 599 1548 et
614 1488 743 1550 laudem
757 1497 788 1550 et
803 1489 938 1571 gloriam
959 1487 1098 1550 nominis
1114 1484 1245 1547 Domini
1272 1510 1350 1548 nos·

215 1571 258 1631 tri
277 1572 350 1632 Iesu
370 1568 500 1631 Christi.
540 1571 608 1631 Pax
633 1571 906 1654 praedicantibus,
923 1571 1023 1653 gratia
1036 1569 1274 1647 obedientibus,
1283 1571 1350 1653 glo·

214 1653 261 1721 ria
278 1650 505 1715 DominoDeo
520 1663 630 1715 nostro
647 1657 722 1716 lesu
738 1651 876 1715 Christo.
898 1653 1012 1714 Amen.
1053 1651 1139 1717 Ibid.
1158 1672 1184 1717 c.
1202 1651 1253 1713 80.

597 1758 646 1819 De
678 1759 771 1819 rebus
796 1757 968 1825 Ecclesiae.

294 1857 468 1926 LXXVII.
510 1860 595 1942 Quia
613 1861 701 1923 iuxta
717 1871 900 1924 sanctorum
915 1865 1047 1925 Patrum
1060 1859 1269 1924 traditionem
1291 1885 1348 1924 uo·

214 1948 317 2012 vimus
334 1966 385 2006 res
400 1943 566 2005 Ecclesiae
584 1954 658 2007 vota
677 1967 745 2007 esse
760 1945 916 2022 fidelium,
940 1947 1044 2028 pretia
1070 1950 1287 2027 peccatorum,
1314 1956 1348 2007 et

213 2026 404 2115 patrimonia
420 2046 610 2110 pauperum,
628 2027 702 2088 ideo
723 2027 842 2109 cuique
871 2047 935 2087 non
960 2028 1063 2088 solum
1085 2027 1191 2086 habita
1214 2049 1348 2090 conser-

213 2133 300 2190 vare,
325 2131 439 2173 verum
463 2109 560 2171 etiam
586 2109 686 2169 multa
711 2111 781 2170 Deo
806 2108 985 2191 opitulante
1017 2112 1164 2170 conferre
1193 2120 1347 2192 optamus.

154 2238 156 2256 .
215 2196 336 2255 Tamen
353 2200 389 2251 ut
405 2191 444 2252 ab
462 2191 688 2254 ecclesiasticis
714 2190 753 2252 da
777 2212 843 2252 nou
869 2191 1051 2253 dividendis
1069 2191 1165 2253 rebus
1193 2192 1283 2254 illius
1305 2205 1347 2272 g)
1443 2187 1444 2200 ¹

125 2270 127 2278 ’
213 2272 428 2358 suspicionem
447 2273 569 2334 dudum
583 2282 769 2356 conceptam
785 2273 914 2356 penitus
930 2295 1159 2352 amoveremus,
1179 2275 1346 2337 statuimus

214 2370 251 2419 ut
265 2377 370 2438 neque
395 2355 512 2417 nostris
529 2377 636 2439 neque
656 2357 795 2416 filiorum
810 2365 842 2415 et
864 2358 933 2416 Deo
956 2356 1160 2439 dispensante
1185 2378 1346 2418 successo·

212 2463 284 2501 rum
304 2445 486 2498 nostrornm
500 2440 706 2522 temporibus,
723 2439 779 2520 qui
797 2448 936 2498 nostram
947 2440 1000 2500 vel
1017 2439 1258 2520 progenitorum
1274 2461 1345 2502 nos·

213 2534 336 2584 trorum
350 2518 550 2581 voluntatem
561 2523 615 2584 vel
637 2521 820 2604 exemplum
835 2520 953 2580 imitari
969 2521 1143 2596 voluerint,
1155 2522 1277 2580 nullam
1290 2544 1347 2604 pe-

215 2607 302 2666 nitus
315 2600 507 2665 divisionem
519 2613 574 2665 aut
587 2603 741 2664 iacturam
754 2603 917 2686 patiantur
930 2605 973 2676 h).
1017 2603 1153 2688 Capitul.
1172 2607 1200 2669 I.
1227 2627 1256 2670 a.
1271 2604 1343 2670 803.
1441 2639 1442 2644 κ

218 2711 245 2756 c.
262 2710 287 2750 1.
295 2732 308 2762 ,
334 2683 470 2768 Capitul.
489 2689 537 2753 II.
558 2710 586 2748 a.
604 2687 676 2764 814.
693 2707 718 2751 c.
729 2685 770 2757 5„
789 2685 923 2767 Capitul.
941 2709 969 2748 a.
984 2685 1055 2752 816.
1074 2708 1100 2752 c.
1117 2707 1142 2746 1.

541 2825 547 2836 -
586 2792 636 2851 De
652 2789 819 2875 Episcopis
835 2788 997 2870 eligendis.

294 2894 485 2960 LXXVIII.
526 2896 697 2958 Sacrorum
717 2916 878 2957 canonum
899 2917 964 2955 non
983 2894 1085 2978 ignari
1101 2897 1137 2975 i),
1162 2907 1198 2959 ut
1221 2897 1255 2959 in
1280 2901 1364 2962 Det
1410 2929 1416 2937 ¹

215 2980 346 3042 nomine
360 2991 469 3042 sancta
488 2979 634 3042 Ecclesia
647 2999 706 3041 suo
719 2976 852 3038 liberius
866 2977 1027 3060 potiretur
1038 2977 1210 3060 honored),
1225 2983 1344 3044 adsen-

215 3086 287 3126 sum
308 3064 415 3125 ordini
431 3062 647 3124 ecclesiastico
663 3059 878 3143 praebuimus,
905 3070 941 3120 ut
965 3059 1089 3121 scilicet
1111 3062 1263 3148 Episcopi
1283 3085 1345 3147 per

206 3145 410 3207 ‚electionem
425 3145 505 3206 cleri
527 3154 560 3207 et
572 3144 686 3227 populi
704 3141 883 3205 secundum
897 3151 1011 3204 statuta
1027 3164 1186 3204 canonum
1204 3147 1244 3207 de
1264 3168 1342 3229 pro-

214 3227 285 3310 pria
299 3226 450 3305 dioecesi,
463 3229 585 3288 remoti
609 3245 818 3308 personarum
835 3234 867 3286 et
889 3245 1059 3284 munerum
1081 3227 1279 3309 acceptione,
1300 3229 1343 3290 ob

180 3327 184 3334 '
215 3310 298 3370 vitae
318 3309 468 3368 meritum
480 3318 514 3369 et
530 3308 705 3390 sapientiae
725 3307 846 3368 donum
871 3307 1042 3388 eligantur,
1069 3317 1105 3368 ut
1134 3309 1283 3392 exemplo
1311 3320 1344 3372 et

214 3391 312 3453 verbo
331 3391 392 3450 sihi
418 3390 571 3452 subiectis
600 3409 831 3472 usquequaque
855 3391 1005 3474 prodesse
1028 3391 1163 3452 valeant.
1206 3392 1341 3477 Capitul.

214 3476 245 3536 Ι.
262 3496 291 3540 a.
307 3474 379 3538 805.
400 3493 427 3540 c.
447 3493 473 3539 2.
480 3517 492 3544 ,
515 3473 649 3558 Capitul.
664 3495 693 3532 a.
712 3473 783 3537 816.
798 3491 825 3537 c.
837 3494 866 3534 2.

256 3577 305 3641 De
326 3575 422 3638 dictis
436 3577 567 3639 Patrem
578 3577 731 3716 congpsps
749 3598 810 3662 pro
818 3578 976 3721 paeonica
987 3578 1199 3663 professione,
1225 3582 1301 3664 quia

672 3679 687 3717 e
711 3673 817 3720 onesta
838 3672 918 3726 atur.

297 3761 453 3827 LXXIX.
494 3760 579 3842 Quia
596 3783 672 3826 vero
698 3763 854 3828 canonica
873 3765 1031 3850 professio
1053 3766 1073 3829 d
1096 3764 1206 3830 multis
1225 3770 1345 3852 partim

216 3875 424 3894 man-u·-

242 3944 287 4018 s)
304 3943 338 3995 al.
348 3959 406 3995 mss.
423 3937 519 3995 Sedet
536 3937 755 4014 unicuiqueves·
837 3941 870 4009 lt)
888 3941 923 3995 al.
946 3961 1006 3996 mss.
1037 3948 1185 4018 patiatur,
1215 3948 1342 4018 patiatur

304 4025 375 4065 num
393 4009 543 4065 videndum
570 4023 626 4076 est,·
651 4009 705 4063 Sed
728 4022 755 4063 et
887 4016 1012 4068 eeclesia.

302 4095 422 4139 vestrum
440 4093 479 4133 est
484 4099 495 4146 ,·
513 4097 678 4151 summopere
703 4096 755 4134 vo·
836 4078 860 4150 a)
884 4083 918 4134 al.
936 4102 995 4136 mss.
1015 4085 1056 4139 De
1086 4085 1220 4156 eligendis
1236 4087 1343 4155 episco-

302 4149 505 4204 dissidendum
529 4162 574 4202 est.
886 4155 930 4222 pis
947 4173 1041 4206 sacros
1072 4171 1191 4211 canones
1215 4173 1272 4209 non
1299 4157 1342 4225 ig·

250 4221 280 4295 q)
297 4223 332 4276 al.
350 4238 409 4276 msa.
425 4219 506 4276 ratus
521 4219 706 4276 aeclesiarum.
888 4237 1028 4279 rorantes.
1302 4284 1305 4299 ι

836 4290 868 4358 ly
884 4293 917 4346 al.
935 4311 995 4348 mss.
1011 4297 1137 4366 potiatur
1156 4297 1217 4350 iura
