2926 4986
542 215 654 342 clean
682 279 880 346 sterilius,
1180 269 1252 344 703

133 420 198 484 Be·
213 421 315 484 causis
333 418 559 508 Episcoporum
580 425 628 485 vel
642 425 833 508 reliquorum
846 419 1053 486 Sacerdotem
1069 425 1090 486 ie
1107 435 1253 510 compro-

126 553 131 573 ,1
168 503 359 566 uincialibus
378 502 465 586 infra
480 509 643 590 propriam
659 507 852 588 provinciam
867 499 1085 581 terminandis,
1107 519 1139 570 et
1161 521 1225 572 non

398 584 436 646 ab
455 588 541 665 aliis,
571 588 745 670 nisisuerit
767 603 978 670 provocatum.

127 723 133 731 ·
217 680 304 752 CIX.
348 689 481 770 siquae
503 713 613 758 causae
638 691 691 754 vel
708 690 929 752 contentiones
953 691 1038 752 inter
1057 693 1200 758 Clericus
1223 707 1257 758 et

130 769 259 848 laicos,
282 771 333 834 vel
347 772 432 832 inter
458 774 600 837 Clericus
621 783 683 834 tam
701 772 828 834 maioris
844 773 967 836 ordinis
983 795 1080 855 quam
1094 777 1189 837 etiam
1206 778 1256 838 in-

131 855 261 916 ferioris
279 853 400 914 fuerint
419 865 559 932 exortae,
579 855 701 938 placuit
725 865 761 914 ut
774 855 951 916 secundum
967 877 980 916 s
1004 857 1125 918 nodum
1143 859 1256 921 Nicae-

131 956 218 1016 nam,
240 935 437 1018 congregatis
450 936 596 997 omnibus
622 937 764 998 eiusdem
781 937 964 1032 provinciae
981 878 1163 1027 Episcopis,
1184 943 1256 1003 iur·
1296 1011 1299 1016 ,

131 1017 221 1100 giam
241 1018 440 1084 terminetur,
481 1019 527 1079 Ne
547 1019 600 1081 cui
615 1019 721 1096 liceat,
744 1029 837 1094 (sine
851 1019 1050 1102 praeiudicio
1065 1021 1171 1084 lamen
1184 1022 1254 1084 Βο-

129 1121 243 1176 manae
257 1099 432 1178 Ecclesiae,
455 1099 510 1160 cui
533 1098 567 1160 in
584 1099 729 1162 omnibus
752 1097 853 1163 causis
875 1100 969 1163 debet
982 1105 1166 1164 reverentia
1185 1111 1255 1167 cus·

129 1181 252 1254 todiri)
273 1181 396 1242 relictis
419 1179 470 1252 his
504 1183 726 1244 Sacerdotibus
747 1189 804 1266 qui
827 1183 860 1242 in
881 1183 991 1244 eadem
1009 1185 1175 1267 provincia
1190 1187 1252 1249 Dei

128 1263 290 1325 Ecclesiae
318 1273 400 1323 nutu
422 1263 531 1324 divino
551 1264 741 1346 gubernant,
763 1265 803 1326 ad
821 1265 898 1326 alias
926 1266 1098 1331 convolare
1117 1269 1252 1350 provin-

129 1345 216 1420 cias,
244 1345 295 1406 vel
325 1345 463 1404 aliorum
490 1347 809 1428 comprovincialium
837 1345 1070 1442 Episcopornm
1094 1347 1253 1411 iudicium

123 1428 240 1508 expeti
261 1427 313 1490 vel
327 1427 403 1510 pati,
426 1427 489 1486 nisi
510 1430 649 1510 suspecti
664 1429 797 1495 fuerint.
837 1428 969 1506 Quodsi
984 1428 1056 1512 quie
1069 1449 1253 1517 praesump-

128 1509 217 1586 serit,
240 1516 272 1568 et
276 1509 324 1651 pb
346 1509 453 1570 officio
469 1509 550 1571 cleri
568 1511 753 1596 depositus,
774 1517 808 1574 et
825 1510 1015 1576 iniuriarum
1034 1527 1109 1594 reus
1125 1509 1164 1575 ih
1180 1536 1251 1576 om-

128 1589 225 1651 uibus
240 1589 275 1650 iu
297 1590 412 1658 icetnr.
1227 1623 1228 1626 ¹

179 1695 231 1756 De
250 1682 481 1759 accusatoribus
496 1696 531 1758 in
556 1698 709 1761 maiorum
738 1706 814 1760 nutu
839 1693 958 1761 iudicio
986 1695 1194 1785 requirendis.

210 1799 281 1867 CX.
322 1802 551 1879 Quaerendum
571 1803 664 1864 estin
686 1803 808 1865 iudicio
824 1801 915 1868 cuine
932 1803 974 1870 sit
996 1804 1249 1871 conversationis

127 1889 162 1944 et
176 1881 252 1944 fidei
266 1883 294 1946 is
310 1884 366 1967 qui
389 1893 516 1945 accusat
530 1893 563 1946 et
581 1885 606 1946 is
621 1884 678 1968 qui
693 1895 868 1949 accusatur.

126 1987 177 2048 De
202 1987 433 2050 accusatoribus
455 2007 571 2071 pravae
592 1991 858 2070 conversationis,
886 1983 942 2052 vel
955 2004 1088 2074 quoram
1106 1991 1176 2055 uita
1201 2009 1248 2058 est

244 2069 441 2142 accusabilis,
463 2091 527 2131 non
543 2071 731 2154 recipiendis
747 2073 781 2132 in
796 2092 890 2134 curuo
910 2069 1129 2135 sacerdotum,

210 2173 298 2241 CXI.
337 2176 382 2250 Ut
400 2173 436 2234 hi
456 2173 513 2257 qui
535 2191 599 2234 non
622 2184 698 2237 sunt
711 2171 814 2238 bonae
828 2177 1091 2256 conversationis,
1102 2177 1154 2240 vel
1168 2197 1246 2262 quo-

120 2279 202 2320 rum
217 2257 281 2320 vita
302 2266 350 2322 est
369 2254 576 2336 accusabilis,
605 2277 671 2320 non
691 2258 918 2348 permittantur
941 2258 1077 2323 maiores
1095 2270 1174 2323 natu
1193 2285 1246 2325 ac-

127 2361 250 2406 casare.

122 2444 174 2505 De
192 2443 424 2520 accusatoribus
442 2421 574 2528 quorum
583 2441 689 2528 fides„
710 2446 777 2510 vita
785 2483 798 2519 ,
820 2457 851 2508 et
868 2443 997 2520 libertus
1013 2445 1162 2522 nescitur,
1183 2470 1246 2512 non

340 2526 543 2608 admittendis
561 2527 597 2588 in
619 2526 824 2590 Sacerdotem
841 2529 1030 2614 pulsatione.

206 2631 311 2696 CXII.
355 2635 506 2712 Quorum
523 2631 612 2713 fides,
633 2631 710 2712 vita,
732 2641 761 2695 et
777 2632 906 2696 libertae
921 2633 1075 2714 nescitur,
1096 2653 1162 2696 non
1174 2656 1247 2722 pos-

123 2723 202 2782 sunt
220 2716 407 2778 Sacerdotes
428 2735 585 2777 accusare.
628 2728 633 2732 ’

263 2821 313 2883 De
334 2821 508 2884 Canonibur
528 2818 549 2880 i
572 2815 794 2884 Sacerdotibus
817 2839 882 2886 non
904 2819 1098 2906 ignorandis.

204 2925 333 2991 CXIII.
372 2925 500 2990 Placuit
528 2925 565 2986 ut
591 2924 675 2986 nnlli
704 2925 867 2992 Sacerdoti
896 2926 996 2992 liceat
1018 2929 1165 2993 Canones
1193 2930 1244 3016 ig·

124 3031 250 3073 narare.

257 3115 306 3175 Da
320 3110 478 3199 Episcopo
498 3109 560 3174 ribi
579 3108 640 3172 coli
656 3119 874 3256 praesumente
890 3117 1105 3198 eomitionem.

148 3195 324 3296 ..CXIII
365 3195 493 3258 Placuit
506 3204 543 3255 ut
558 3214 642 3256 unias
684 3195 832 3279 piscopue
845 3217 911 3262 non
931 3199 1152 3272 vindicetsibi
1170 3213 1242 3296 cog·

122 3289 289 3346 nunonem.
404 3294 409 3304 ·
1185 3317 1187 3320 -

145 3389 191 3448 De
212 3385 378 3472 Episcopis
405 3381 555 3443 damnare
583 3379 760 3482 uolentibus
785 3403 838 3446 eor
866 3385 888 3448 i
912 3387 1024 3470 quibus
1051 3410 1123 3461 sunt
1149 3421 1221 3464 con·

620 3477 743 3526 serrati.

113 3595 116 3606 .
204 3549 322 3616 CXV.'
349 3545 502 3630 Episcopi
532 3545 681 3616 Pontifici
706 3549 723 3606 al
746 3569 812 3630 quo
838 3555 1015 3617 consecrati
1045 3561 1240 3646 probantur,

116 3633 357 3722 ,praeiudicium
376 3628 643 3723 inferrenullum
661 3640 802 3711 possunt.
819 3688 823 3698 ,
843 3634 939 3709 Quod
955 3637 981 3698 si
1003 3658 1243 3730 praesumptum

122 3721 218 3780 luisse
242 3715 454 3809 cognoscitur,
477 3710 598 3774 viribus
617 3731 812 3774 carerenon
830 3714 963 3779 dubium
987 3731 1044 3804 est,
1066 3747 1128 3792 neo
1150 3751 1241 3814 posse

122 3801 206 3860 inter
229 3802 443 3864 ecclesiastica
464 3793 532 3854 ullo
553 3794 647 3854 modo
666 3801 782 3854 statuta
807 3798 942 3860 censeri.

114 3935 116 3940 ,
143 3907 191 3966 De
215 3903 382 3987 Episcopie
406 3900 512 3960 eiectis
535 3897 671 3960 velrois·
684 3899 775 3959 rebus
796 3903 980 3984 expoliatis,
1008 3912 1133 3974 utente
1156 3938 1221 3980 non

266 3996 448 4048 accusentur
474 4001 567 4062 quam
587 3981 705 4059 legibue
730 3983 1099 4071 pleniterreatituantur.

205 4086 321 4156 cxvi.
362 4089 397 4150 Si
424 4086 497 4168 quis
518 4085 693 4180 Episcopus
716 4085 782 4180 'suis
805 4088 904 4150 fuerit
930 4093 1026 4158 rebus
1049 4099 1239 4183 expoliatus,

112 4183 156 4239 ,et
176 4173 377 4236 accusatione
403 4172 563 4266 pulsatus,
594 4170 794 4231 ordinatione
810 4169 1007 4242 ‘Pontificum
1029 4190 1155 4266 oportet
1170 4187 1239 4272 pri,
