2910 4986
203 263 278 341 ,464
594 288 915 366 „carrrmmruu

469 427 519 490 De
531 478 532 486 ,
543 449 607 492 non
623 431 761 511 cogendo
778 432 883 494 bibere
902 432 935 492 in
957 431 1054 492 hoste.

281 530 411 596 LXXII.
453 537 495 596 Ut
521 535 557 618 in
583 535 674 597 hoste
697 559 791 598 nemo
821 560 931 621 parem
954 560 1049 598 suum
1072 535 1126 600 vel
1154 537 1334 620 quemlibet

197 617 335 680 alte-rum
355 618 521 679 hominem
540 619 650 680 bibere
671 626 814 702 rogety).
856 621 897 681 Et
914 620 1153 702 quicunquein
1185 623 1334 684 exercitu

198 701 306 763 ebrius
323 702 475 762 inventus
494 703 611 779 fuerit,
634 703 678 763 ita
694 703 993 764 excommunicetur
1008 713 1043 763 ut
1066 703 1097 762 in
1112 696 1254 764 bibendo
1277 727 1331 766 so-

197 784 229 844 la
249 807 332 867 aqua
350 795 458 844 utatur
477 806 645 866 quousque
672 807 705 847 se
724 787 806 846 male
827 785 940 846 fecisse
960 795 1139 868 cognoscat.
1173 785 1333 849 Ibid.c.6.

238 891 287 964 De
305 893 407 950 vassis
424 891 526 950 adhuc
542 893 575 950 in
591 892 713 974 palatio
737 893 941 953 servientibus
962 905 993 952 et
1015 905 1117 952 tamen
1134 891 1290 976 beneficia

670 975 864 1035 habentibus.

278 1054 426 1116 LXXIII.
468 1058 516 1117 Dc
534 1058 630 1118 vassis
658 1055 830 1116 dominicis
846 1055 902 1137 qui
921 1056 1026 1118 adhuc
1047 1056 1131 1116 intra
1150 1075 1254 1117 casam
1268 1081 1334 1121 ser-

195 1138 311 1216 viunt,
335 1149 488 1199 ettamen
510 1139 667 1200 beneficia
687 1138 805 1212 habere
823 1149 1019 1217 noscuntur,
1042 1148 1196 1199 statutum
1220 1150 1268 1202 est
1296 1151 1334 1202 ut

196 1221 386 1302 quicunque
409 1245 449 1284 ex
468 1222 513 1282 eis
531 1245 603 1282 cum
623 1226 750 1283 Domno
784 1221 979 1303 Imperatore
1009 1222 1095 1294 domi
1119 1225 1329 1302 remanserit,

196 1305 435 1365 vassallossuos
457 1316 576 1365 casatos
596 1327 705 1366 secum
736 1325 801 1364 non
830 1297 989 1380 retineat,
1011 1303 1069 1366 sed
1095 1326 1168 1366 cum
1201 1306 1329 1368 Comite

195 1385 288 1446 cuius
308 1408 462 1468 pagenses
481 1398 557 1448 sunt
577 1387 623 1448 ire
640 1387 811 1469 permittat.
853 1385 938 1446 ltid.
955 1408 981 1450 e.
999 1409 1026 1467 7.

194 1491 244 1552 De
260 1495 503 1575 praeparatione
515 1476 560 1552 aci
573 1496 692 1554 hostem
703 1490 871 1552 secundum
885 1493 1045 1574 antiquam
1059 1491 1329 1561 consuetudinem.

277 1598 421 1658 LXXIV.
464 1598 684 1660 Constitutum
698 1608 745 1658 est
763 1608 799 1657 ut
815 1599 993 1658 secundum
1006 1599 1170 1680 antiquam
1187 1623 1329 1662 cousue-

194 1679 343 1740 tudinem
359 1681 558 1761 praeparatio
580 1683 620 1741 ad
641 1681 766 1740 hostem
784 1678 931 1740 facienda
945 1681 1109 1741 indicetur
1128 1693 1160 1742 et
1181 1684 1332 1745 observe-

193 1772 262 1832 tur;
293 1761 327 1820 id
349 1771 413 1838 est,
432 1762 584 1823 victualia
599 1763 638 1824 de
655 1763 782 1822 marcha
802 1762 842 1821 ad
863 1772 928 1824 tres
947 1783 1090 1841 menses,
1113 1775 1147 1826 ct
1169 1787 1256 1824 arma
1280 1775 1331 1827 at·

193 1865 257 1925 que
273 1842 463 1906 vestimenta
484 1846 524 1906 ad
542 1846 712 1906 dimidium
734 1867 864 1905 annum.
908 1846 1005 1923 Quod
1018 1857 1126 1908 tamen
1149 1847 1193 1907 ita
1218 1847 1331 1910 obser-

192 1926 264 1988 vari
279 1925 417 2008 placuit,
440 1938 477 1988 ut
495 1927 544 1988 his
571 1928 627 2010 qui
654 1929 693 1989 de
718 1926 830 1987 Rheno
859 1927 899 1987 ad
931 1928 1073 2008 Ligerim
1099 1940 1258 2010 pergunt,
1287 1929 1328 1990 de

192 2008 309 2091 Ligcre
324 2008 358 2066 in
384 2019 477 2070 antea
491 2011 531 2070 ad
548 2021 613 2072 tres
631 2032 754 2070 menses
774 2020 1000 2090 computetur;
1023 2011 1129 2092 etqui
1150 2013 1188 2071 de
1213 2011 1328 2092 Ligerc

192 2091 232 2152 ad
246 2092 397 2150 Rhenum
412 2103 570 2174 pergunt,
593 2093 631 2153 de
651 2093 764 2153 Rheno
785 2093 818 2151 iu
833 2102 925 2164 antea
944 2093 984 2151 ad
1000 2101 1063 2153 tres
1078 2115 1205 2154 menses
1225 2093 1328 2153 vIctu-

191 2173 254 2234 alia
272 2173 388 2233 habere
411 2174 558 2236 debeant.
601 2175 666 2252 Qui
691 2184 797 2235 autem
826 2185 913 2235 trans
937 2174 1085 2234 Rhenum
1114 2184 1207 2250 sunt,
1230 2185 1262 2235 et
1287 2173 1329 2234 ad

116 2279 123 2288 ·
191 2255 542 2338 Saxoniampcrgunt‚
566 2255 605 2318 ad
619 2257 745 2318 Albium
759 2256 918 2316 marcham
947 2277 1015 2316 esse
1040 2257 1151 2320 sciant.
1195 2258 1237 2317 Et
1269 2255 1328 2338 qui

190 2347 278 2399 trans
294 2338 435 2398 Lioerim
451 2352 599 2416 manent,
629 2351 724 2422 atque
746 2340 780 2398 in
805 2338 991 2420 Hispaniam
1012 2339 1170 2421 proficisci
1187 2339 1327 2417 dehent,

191 2431 317 2482 montes
332 2385 515 2502 Ryrenaeos
535 2423 696 2484 marcham
718 2422 777 2483 sibi
804 2443 870 2482 esse
899 2433 1102 2504 cognoscant.
1125 2419 1205 2483 Ibid.
1218 2442 1244 2480 c.
1255 2422 1285 2482 8.

191 2521 240 2586 De
258 2526 316 2586 hoc
332 2537 366 2584 ut
383 2548 446 2586 non
466 2529 529 2586 nisi
538 2529 746 2611 permissione
760 2527 859 2606 regali
875 2527 987 2587 brunia
1000 2528 1053 2585 vel
1066 2527 1191 2604 gladius
1207 2529 1329 2589 homini

340 2683 344 2698 .
378 2621 530 2669 extraneo
548 2612 721 2692 bqaolibet
737 2609 833 2668 detur
854 2621 907 2668 aut
925 2608 1133 2669 venundetur.

272 2713 401 2776 LXXV.
446 2715 664 2782 Constitutum
692 2725 741 2776 est
759 2725 795 2774 ut
811 2735 917 2794 neque
939 2713 1116 2796 Episcopus
1132 2736 1238 2797 neque
1258 2715 1327 2777 Ab·

189 2797 244 2858 bas
261 2806 315 2857 aut
332 2795 517 2868 Abbatissa‚
540 2799 591 2859 vel
605 2798 745 2879 quilibet
768 2798 886 2856 Rector
910 2796 1074 2856 Ecclesiae
1097 2796 1247 2863 bruniam
1270 2797 1325 2860 vel

123 2955 124 2958 Ἴ
190 2880 332 2963 gladium
353 2879 421 2938 sine
442 2891 551 2940 nostro
566 2881 721 2962 permissu
740 2879 875 2939 cuilibet
888 2878 1011 2938 homini
1030 2887 1184 2939 extraneo
1198 2891 1254 2942 aut
1271 2882 1325 2942 da-

189 2985 225 3024 re
244 2972 301 3023 aut
320 2963 461 3022 vendere
483 2974 664 3042 praesumat
675 3009 687 3039 s.
708 2962 769 3022 nisi
791 2970 915 3021 tantum
942 2959 1086 3021 vassallis
1114 2961 1189 3022 suis.
1231 2965 1274 3024 Et
1297 2963 1324 3024 si

190 3045 334 3106 evenerit
348 3054 384 3103 ut
396 3044 429 3102 in
448 3045 602 3126 ‚qualibet
614 3044 757 3106 Ecclesia
775 3045 825 3104 vel
845 3054 956 3106 sancto,
972 3045 1044 3102 loco
1065 3043 1174 3123 plures
1192 3044 1324 3106 brunias

188 3127 329 3186 habeant
346 3128 496 3206 quemad
515 3127 664 3188 homines
687 3125 831 3187 Rectoris
856 3125 999 3186 eiusdem
1020 3125 1183 3186 Ecclesiae
1202 3126 1324 3187 suffici-

189 3219 262 3284 ant,
284 3218 362 3268 tunc
379 3207 566 3290 Principem
578 3209 663 3270 idem
678 3210 796 3269 Rector
809 3207 972 3268 Ecclesiae
992 3208 1173 3291 iuterroget
1185 3207 1265 3290 quid
1282 3209 1324 3271 de

188 3289 239 3350 his
259 3291 365 3351 facere
381 3291 567 3373 praecipiat.
613 3291 695 3352 [bid.
711 3313 737 3350 c.
757 3313 801 3355 ro.

477 3398 526 3456 De
544 3419 709 3458 causarum
724 3396 870 3455 etlilium
886 3395 1037 3454 terminis.

270 3502 415 3562 LXXVI.
456 3504 504 3562 De
520 3503 659 3563 termino
676 3523 842 3564 causarum
858 3511 890 3561 et
905 3500 1010 3562 litium
1034 3501 1201 3565 statuimus
1226 3513 1263 3566 ut
1284 3515 1337 3568 ex·

132 3651 134 3655 ,
189 3607 254 3669 quo
273 3583 376 3644 bonae
394 3584 565 3644 memoriae
585 3583 896 3666 DomnusPippinus
917 3585 986 3644 Rex
1005 3581 1085 3644 obiit
1102 3594 1135 3645 ct
1161 3607 1218 3648 nos
1250 3609 1326 3669 reg-

189 3689 265 3728 nare
296 3664 476 3759 coepimus,
506 3687 618 3728 causae
646 3667 698 3728 vel
724 3665 797 3726 lites
826 3665 914 3726 iuter
943 3676 1048 3746 partes
1083 3667 1185 3728 sactae
1227 3681 1324 3752 atque

187 3761 318 3813 exortae
329 3747 560 3826 discutiantur,
582 3757 615 3808 ct
624 3769 767 3830 congruo
782 3746 843 3808 sibi
859 3747 979 3808 iudicio
994 3748 1216 3810 terminentur.
1231 3753 1327 3814 Prius

188 3855 286 3908 vero,
308 3830 342 3890 id
374 3840 439 3904 est,
461 3839 535 3890 ante
566 3829 689 3892 obitum
713 3829 1013 3912 praedictilDomui
1040 3830 1172 3914 Pippini
1206 3834 1327 3916 Regis,

188 3935 300 3979 causae
318 3912 501 3973 commissae
521 3914 572 3974 vel
600 3912 732 3973 omnino
754 3933 819 3971 non
846 3917 1122 3990 moveantur,ch
1149 3915 1254 3976 salvae
1277 3939 1329 3978 us·

187 4020 252 4082 que
281 3996 321 4056 ad
347 4005 489 4056 nostram
516 3994 803 4078 interrogationem
830 4005 1061 4060 reserventur.'
1098 3997 1232 4080 Capitol.
1257 4003 1327 4061 111.

189 4080 398 4144 a.812.c.1.

195 4189 432 4208 Μ

220 4240 257 4304 y)
275 4234 309 4287 al.
330 4237 485 4304 ma'cogat.
