<?xml version="1.0" encoding="UTF-8"?>
<!DOCTYPE html PUBLIC "-//W3C//DTD XHTML 1.0 Transitional//EN"
    "http://www.w3.org/TR/xhtml1/DTD/xhtml1-transitional.dtd">
<html xmlns="http://www.w3.org/1999/xhtml" xml:lang="en" lang="en">
 <head>
  <title>
</title>
<meta http-equiv="Content-Type" content="text/html;charset=utf-8" />
  <meta name='ocr-system' content='tesseract 3.04.00' />
  <meta name='ocr-capabilities' content='ocr_page ocr_carea ocr_par ocr_line ocrx_word'/>
</head>
<body>
  <div class='ocr_page' id='page_1' title='image "./corpusiurisgerm04visigoog_0076.png"; bbox 0 0 2910 4986; ppageno 0'>
   <div class='ocr_carea' id='block_1_1' title="bbox 560 297 1343 392">
    <p class='ocr_par' dir='ltr' id='par_1_1' title="bbox 560 297 1343 392">
     <span class='ocr_line' id='line_1_1' title="bbox 560 297 1343 392; baseline 0.009 -11"><span class='ocrx_word' id='word_1_1' title='bbox 560 327 674 384; x_wconf 75' lang='lat' dir='ltr'><strong>Lissa</strong></span> <span class='ocrx_word' id='word_1_2' title='bbox 710 325 900 392; x_wconf 76' lang='lat' dir='ltr'><strong>Quartus.</strong></span> <span class='ocrx_word' id='word_1_3' title='bbox 1192 313 1262 388; x_wconf 84' lang='grc'><strong>473</strong></span> <span class='ocrx_word' id='word_1_4' title='bbox 1340 297 1343 302; x_wconf 55' lang='grc'><em>’</em></span> 
     </span>
    </p>
   </div>
   <div class='ocr_carea' id='block_1_2' title="bbox 135 467 1269 639">
    <p class='ocr_par' dir='ltr' id='par_1_2' title="bbox 135 467 1269 639">
     <span class='ocr_line' id='line_1_2' title="bbox 138 467 1269 556; baseline -0.005 -22"><span class='ocrx_word' id='word_1_5' title='bbox 138 474 360 551; x_wconf 74' lang='lat' dir='ltr'><strong>interfecerit,</strong></span> <span class='ocrx_word' id='word_1_6' title='bbox 380 470 523 534; x_wconf 89' lang='lat' dir='ltr'><strong>bannum</strong></span> <span class='ocrx_word' id='word_1_7' title='bbox 543 481 686 532; x_wconf 87' lang='lat' dir='ltr'><strong>nostrum</strong></span> <span class='ocrx_word' id='word_1_8' title='bbox 705 467 738 528; x_wconf 90' lang='lat' dir='ltr'><strong>in</strong></span> <span class='ocrx_word' id='word_1_9' title='bbox 760 467 858 548; x_wconf 91' lang='lat' dir='ltr'><strong>triplo</strong></span> <span class='ocrx_word' id='word_1_10' title='bbox 882 478 1069 553; x_wconf 86' lang='lat' dir='ltr'><strong>componat,</strong></span> <span class='ocrx_word' id='word_1_11' title='bbox 1091 480 1124 532; x_wconf 88' lang='lat' dir='ltr'><strong>et</strong></span> <span class='ocrx_word' id='word_1_12' title='bbox 1144 470 1269 556; x_wconf 67' lang='lat' dir='ltr'><strong>virgil..</strong></span> 
     </span>
     <span class='ocr_line' id='line_1_3' title="bbox 135 551 944 639; baseline -0.001 -21"><span class='ocrx_word' id='word_1_13' title='bbox 135 559 215 623; x_wconf 87' lang='lat' dir='ltr'><strong>dum</strong></span> <span class='ocrx_word' id='word_1_14' title='bbox 236 557 307 618; x_wconf 90' lang='lat' dir='ltr'><strong>eius</strong></span> <span class='ocrx_word' id='word_1_15' title='bbox 323 555 477 639; x_wconf 86' lang='lat' dir='ltr'>proximis</span> <span class='ocrx_word' id='word_1_16' title='bbox 493 554 562 616; x_wconf 85' lang='lat' dir='ltr'><strong>eius</strong></span> <span class='ocrx_word' id='word_1_17' title='bbox 574 552 744 634; x_wconf 83' lang='lat' dir='ltr'><strong>persolvat.</strong></span> <span class='ocrx_word' id='word_1_18' title='bbox 784 551 868 616; x_wconf 75' lang='lat' dir='ltr'><strong>laid.</strong></span> <span class='ocrx_word' id='word_1_19' title='bbox 879 573 904 618; x_wconf 91' lang='lat' dir='ltr'><strong>c.</strong></span> <span class='ocrx_word' id='word_1_20' title='bbox 916 553 944 617; x_wconf 87' lang='lat'><strong>5.</strong></span> 
     </span>
    </p>
   </div>
   <div class='ocr_carea' id='block_1_3' title="bbox 137 656 1276 4012">
    <p class='ocr_par' dir='ltr' id='par_1_3' title="bbox 157 656 1242 822">
     <span class='ocr_line' id='line_1_4' title="bbox 157 656 1242 743; baseline -0.004 -17"><span class='ocrx_word' id='word_1_21' title='bbox 157 666 214 726; x_wconf 84' lang='lat' dir='ltr'><strong>De</strong></span> <span class='ocrx_word' id='word_1_22' title='bbox 238 663 363 723; x_wconf 85' lang='lat' dir='ltr'><strong>bomine</strong></span> <span class='ocrx_word' id='word_1_23' title='bbox 381 662 498 735; x_wconf 83' lang='lat' dir='ltr'><strong>libero,</strong></span> <span class='ocrx_word' id='word_1_24' title='bbox 521 671 553 718; x_wconf 89' lang='lat' dir='ltr'><strong>ut</strong></span> <span class='ocrx_word' id='word_1_25' title='bbox 578 669 764 743; x_wconf 84' lang='lat' dir='ltr'><strong>potestatem</strong></span> <span class='ocrx_word' id='word_1_26' title='bbox 783 656 895 720; x_wconf 74' lang='lat' dir='ltr'><strong>lrabeat</strong></span> <span class='ocrx_word' id='word_1_27' title='bbox 912 659 1084 742; x_wconf 84' lang='lat' dir='ltr'><strong>ubicunque</strong></span> <span class='ocrx_word' id='word_1_28' title='bbox 1102 662 1242 724; x_wconf 79' lang='lat' dir='ltr'><strong>voluerit</strong></span> 
     </span>
     <span class='ocr_line' id='line_1_5' title="bbox 290 739 1113 822; baseline 0 -18"><span class='ocrx_word' id='word_1_29' title='bbox 290 763 340 804; x_wconf 85' lang='lat' dir='ltr'><strong>res</strong></span> <span class='ocrx_word' id='word_1_30' title='bbox 366 765 436 802; x_wconf 82' lang='lat' dir='ltr'><strong>suus</strong></span> <span class='ocrx_word' id='word_1_31' title='bbox 456 741 551 818; x_wconf 83' lang='lat' dir='ltr'><strong>dure„</strong></span> <span class='ocrx_word' id='word_1_32' title='bbox 573 756 604 802; x_wconf 87' lang='lat' dir='ltr'><strong>et</strong></span> <span class='ocrx_word' id='word_1_33' title='bbox 626 740 764 822; x_wconf 76' lang='lat' dir='ltr'><em>qualiter</em></span> <span class='ocrx_word' id='word_1_34' title='bbox 781 741 838 799; x_wconf 79' lang='lat' dir='ltr'><strong>boe</strong></span> <span class='ocrx_word' id='word_1_35' title='bbox 857 739 969 820; x_wconf 84' lang='lat' dir='ltr'><strong>facere</strong></span> <span class='ocrx_word' id='word_1_36' title='bbox 992 740 1113 806; x_wconf 85' lang='lat' dir='ltr'><strong>debeat.</strong></span> 
     </span>
    </p>

    <p class='ocr_par' dir='ltr' id='par_1_4' title="bbox 137 822 1274 3044">
     <span class='ocr_line' id='line_1_6' title="bbox 219 822 1269 905; baseline 0 -19"><span class='ocrx_word' id='word_1_37' title='bbox 219 825 307 891; x_wconf 82' lang='lat' dir='ltr'><strong>xlx.</strong></span> <span class='ocrx_word' id='word_1_38' title='bbox 350 825 383 888; x_wconf 91' lang='lat' dir='ltr'><strong>si</strong></span> <span class='ocrx_word' id='word_1_39' title='bbox 398 825 471 905; x_wconf 91' lang='lat' dir='ltr'><strong>quis</strong></span> <span class='ocrx_word' id='word_1_40' title='bbox 484 845 535 886; x_wconf 88' lang='lat' dir='ltr'><strong>res</strong></span> <span class='ocrx_word' id='word_1_41' title='bbox 549 845 621 886; x_wconf 90' lang='lat' dir='ltr'><strong>suas</strong></span> <span class='ocrx_word' id='word_1_42' title='bbox 643 842 701 905; x_wconf 90' lang='lat' dir='ltr'><strong>pro</strong></span> <span class='ocrx_word' id='word_1_43' title='bbox 720 823 821 882; x_wconf 90' lang='lat' dir='ltr'><strong>salute</strong></span> <span class='ocrx_word' id='word_1_44' title='bbox 839 822 961 883; x_wconf 89' lang='lat' dir='ltr'><strong>animae</strong></span> <span class='ocrx_word' id='word_1_45' title='bbox 977 844 1069 902; x_wconf 88' lang='lat' dir='ltr'><strong>suae,</strong></span> <span class='ocrx_word' id='word_1_46' title='bbox 1092 826 1144 888; x_wconf 91' lang='lat' dir='ltr'><strong>vel</strong></span> <span class='ocrx_word' id='word_1_47' title='bbox 1158 827 1197 886; x_wconf 90' lang='lat' dir='ltr'><strong>ad</strong></span> <span class='ocrx_word' id='word_1_48' title='bbox 1213 826 1269 886; x_wconf 86' lang='lat' dir='ltr'><strong>ali·</strong></span> 
     </span>
     <span class='ocr_line' id='line_1_7' title="bbox 137 901 1269 990; baseline 0.002 -22"><span class='ocrx_word' id='word_1_49' title='bbox 137 929 237 990; x_wconf 90' lang='lat' dir='ltr'><strong>qucm</strong></span> <span class='ocrx_word' id='word_1_50' title='bbox 264 907 483 968; x_wconf 87' lang='lat' dir='ltr'><strong>venerabilem</strong></span> <span class='ocrx_word' id='word_1_51' title='bbox 512 907 637 981; x_wconf 88' lang='lat' dir='ltr'><strong>locam,</strong></span> <span class='ocrx_word' id='word_1_52' title='bbox 667 903 722 966; x_wconf 90' lang='lat' dir='ltr'><strong>vel</strong></span> <span class='ocrx_word' id='word_1_53' title='bbox 750 901 934 987; x_wconf 89' lang='lat' dir='ltr'><strong>propinquo</strong></span> <span class='ocrx_word' id='word_1_54' title='bbox 955 927 1031 982; x_wconf 91' lang='lat' dir='ltr'><strong>suo,</strong></span> <span class='ocrx_word' id='word_1_55' title='bbox 1055 908 1107 968; x_wconf 86' lang='lat' dir='ltr'><strong>vel</strong></span> <span class='ocrx_word' id='word_1_56' title='bbox 1133 909 1269 970; x_wconf 83' lang='lat' dir='ltr'><strong>cuilibet</strong></span> 
     </span>
     <span class='ocr_line' id='line_1_8' title="bbox 137 986 1269 1069; baseline 0 -17"><span class='ocrx_word' id='word_1_57' title='bbox 137 990 231 1052; x_wconf 82' lang='lat' dir='ltr'><strong>alteri</strong></span> <span class='ocrx_word' id='word_1_58' title='bbox 245 990 372 1050; x_wconf 87' lang='lat' dir='ltr'><strong>tradere</strong></span> <span class='ocrx_word' id='word_1_59' title='bbox 391 991 547 1067; x_wconf 85' lang='lat' dir='ltr'><strong>voluerit,</strong></span> <span class='ocrx_word' id='word_1_60' title='bbox 571 999 602 1050; x_wconf 92' lang='lat' dir='ltr'><strong>et</strong></span> <span class='ocrx_word' id='word_1_61' title='bbox 621 1009 659 1048; x_wconf 90' lang='lat' dir='ltr'><strong>eo</strong></span> <span class='ocrx_word' id='word_1_62' title='bbox 673 997 816 1069; x_wconf 90' lang='lat' dir='ltr'><strong>tempore</strong></span> <span class='ocrx_word' id='word_1_63' title='bbox 842 988 927 1048; x_wconf 90' lang='lat' dir='ltr'><strong>intra</strong></span> <span class='ocrx_word' id='word_1_64' title='bbox 950 986 1054 1069; x_wconf 90' lang='lat' dir='ltr'><strong>ipsum</strong></span> <span class='ocrx_word' id='word_1_65' title='bbox 1082 991 1269 1052; x_wconf 86' lang='lat' dir='ltr'><strong>comitatum</strong></span> 
     </span>
     <span class='ocr_line' id='line_1_9' title="bbox 137 1069 1268 1154; baseline 0.003 -24"><span class='ocrx_word' id='word_1_66' title='bbox 137 1073 239 1137; x_wconf 77' lang='lat' dir='ltr'><strong>inerit</strong></span> <span class='ocrx_word' id='word_1_67' title='bbox 258 1073 372 1153; x_wconf 90' lang='lat' dir='ltr'><strong>inquo</strong></span> <span class='ocrx_word' id='word_1_68' title='bbox 394 1093 446 1134; x_wconf 89' lang='lat' dir='ltr'><strong>res</strong></span> <span class='ocrx_word' id='word_1_69' title='bbox 473 1071 692 1154; x_wconf 80' lang='lat' dir='ltr'><strong>illae‘positae</strong></span> <span class='ocrx_word' id='word_1_70' title='bbox 730 1078 824 1147; x_wconf 90' lang='lat' dir='ltr'><strong>sunt,</strong></span> <span class='ocrx_word' id='word_1_71' title='bbox 853 1069 1028 1152; x_wconf 80' lang='lat' dir='ltr'><strong>legitimam</strong></span> <span class='ocrx_word' id='word_1_72' title='bbox 1058 1073 1268 1135; x_wconf 78' lang='lat' dir='ltr'><strong>traditionem</strong></span> 
     </span>
     <span class='ocr_line' id='line_1_10' title="bbox 138 1153 1268 1234; baseline -0.003 -18"><span class='ocrx_word' id='word_1_73' title='bbox 138 1158 246 1216; x_wconf 79' lang='lat' dir='ltr'><strong>iacere</strong></span> <span class='ocrx_word' id='word_1_74' title='bbox 271 1155 396 1216; x_wconf 79' lang='lat' dir='ltr'><strong>studeat</strong></span> <span class='ocrx_word' id='word_1_75' title='bbox 427 1157 523 1233; x_wconf 88' lang='lat' dir='ltr'><strong>Quod</strong></span> <span class='ocrx_word' id='word_1_76' title='bbox 537 1155 562 1216; x_wconf 91' lang='lat' dir='ltr'><strong>si</strong></span> <span class='ocrx_word' id='word_1_77' title='bbox 580 1154 694 1232; x_wconf 81' lang='lat' dir='ltr'><strong>eodem</strong></span> <span class='ocrx_word' id='word_1_78' title='bbox 711 1162 854 1233; x_wconf 90' lang='lat' dir='ltr'><strong>tempore</strong></span> <span class='ocrx_word' id='word_1_79' title='bbox 868 1175 935 1234; x_wconf 91' lang='lat' dir='ltr'><strong>quo</strong></span> <span class='ocrx_word' id='word_1_80' title='bbox 953 1153 1024 1213; x_wconf 90' lang='lat' dir='ltr'><strong>illas</strong></span> <span class='ocrx_word' id='word_1_81' title='bbox 1038 1155 1165 1216; x_wconf 84' lang='lat' dir='ltr'><strong>tradere</strong></span> <span class='ocrx_word' id='word_1_82' title='bbox 1184 1155 1268 1231; x_wconf 92' lang='lat' dir='ltr'><strong>vult,</strong></span> 
     </span>
     <span class='ocr_line' id='line_1_11' title="bbox 138 1234 1267 1316; baseline -0.001 -18"><span class='ocrx_word' id='word_1_83' title='bbox 138 1247 228 1298; x_wconf 82' lang='lat' dir='ltr'><strong>extra</strong></span> <span class='ocrx_word' id='word_1_84' title='bbox 248 1238 388 1298; x_wconf 87' lang='lat' dir='ltr'><strong>eundem</strong></span> <span class='ocrx_word' id='word_1_85' title='bbox 403 1240 588 1300; x_wconf 89' lang='lat' dir='ltr'><strong>comitatum</strong></span> <span class='ocrx_word' id='word_1_86' title='bbox 604 1236 721 1311; x_wconf 87' lang='lat' dir='ltr'><strong>luerit,</strong></span> <span class='ocrx_word' id='word_1_87' title='bbox 744 1234 860 1314; x_wconf 89' lang='lat' dir='ltr'><strong>idest,</strong></span> <span class='ocrx_word' id='word_1_88' title='bbox 882 1235 950 1296; x_wconf 88' lang='lat' dir='ltr'><strong>sive</strong></span> <span class='ocrx_word' id='word_1_89' title='bbox 972 1235 1004 1294; x_wconf 92' lang='lat' dir='ltr'><strong>in</strong></span> <span class='ocrx_word' id='word_1_90' title='bbox 1024 1239 1180 1316; x_wconf 74' lang='lat' dir='ltr'><strong>exercitu,</strong></span> <span class='ocrx_word' id='word_1_91' title='bbox 1197 1238 1267 1299; x_wconf 91' lang='lat' dir='ltr'><strong>sive</strong></span> 
     </span>
     <span class='ocr_line' id='line_1_12' title="bbox 138 1317 1267 1402; baseline -0.001 -21"><span class='ocrx_word' id='word_1_92' title='bbox 138 1320 173 1381; x_wconf 92' lang='lat' dir='ltr'><strong>in</strong></span> <span class='ocrx_word' id='word_1_93' title='bbox 194 1319 332 1402; x_wconf 85' lang='lat' dir='ltr'><strong>palatio,</strong></span> <span class='ocrx_word' id='word_1_94' title='bbox 354 1321 422 1383; x_wconf 88' lang='lat' dir='ltr'><strong>sive</strong></span> <span class='ocrx_word' id='word_1_95' title='bbox 447 1321 480 1384; x_wconf 87' lang='lat' dir='ltr'><strong>in</strong></span> <span class='ocrx_word' id='word_1_96' title='bbox 499 1322 561 1380; x_wconf 87' lang='lat' dir='ltr'><strong>aiio</strong></span> <span class='ocrx_word' id='word_1_97' title='bbox 577 1318 725 1401; x_wconf 90' lang='lat' dir='ltr'><strong>quolibet</strong></span> <span class='ocrx_word' id='word_1_98' title='bbox 737 1320 820 1394; x_wconf 93' lang='lat' dir='ltr'><strong>loco,</strong></span> <span class='ocrx_word' id='word_1_99' title='bbox 842 1319 990 1379; x_wconf 88' lang='lat' dir='ltr'><strong>adhibeat</strong></span> <span class='ocrx_word' id='word_1_100' title='bbox 1003 1318 1063 1380; x_wconf 90' lang='lat' dir='ltr'><strong>sibi</strong></span> <span class='ocrx_word' id='word_1_101' title='bbox 1077 1323 1129 1382; x_wconf 89' lang='lat' dir='ltr'><strong>vel</strong></span> <span class='ocrx_word' id='word_1_102' title='bbox 1147 1321 1186 1381; x_wconf 91' lang='lat' dir='ltr'><strong>de</strong></span> <span class='ocrx_word' id='word_1_103' title='bbox 1199 1317 1267 1382; x_wconf 86' lang='lat' dir='ltr'><strong>suis</strong></span> 
     </span>
     <span class='ocr_line' id='line_1_13' title="bbox 138 1400 1268 1486; baseline 0.001 -26"><span class='ocrx_word' id='word_1_104' title='bbox 138 1403 350 1484; x_wconf 83' lang='lat' dir='ltr'><strong>pagensibus,</strong></span> <span class='ocrx_word' id='word_1_105' title='bbox 385 1405 437 1464; x_wconf 91' lang='lat' dir='ltr'><strong>vel</strong></span> <span class='ocrx_word' id='word_1_106' title='bbox 457 1404 496 1465; x_wconf 88' lang='lat' dir='ltr'><strong>de</strong></span> <span class='ocrx_word' id='word_1_107' title='bbox 513 1403 585 1464; x_wconf 90' lang='lat' dir='ltr'><strong>aliis</strong></span> <span class='ocrx_word' id='word_1_108' title='bbox 603 1400 659 1486; x_wconf 89' lang='lat' dir='ltr'><strong>qui</strong></span> <span class='ocrx_word' id='word_1_109' title='bbox 679 1401 789 1462; x_wconf 89' lang='lat' dir='ltr'><strong>eadem</strong></span> <span class='ocrx_word' id='word_1_110' title='bbox 805 1402 876 1482; x_wconf 84' lang='lat' dir='ltr'><strong>lege</strong></span> <span class='ocrx_word' id='word_1_111' title='bbox 893 1402 1010 1464; x_wconf 87' lang='lat' dir='ltr'><strong>vivunt</strong></span> <span class='ocrx_word' id='word_1_112' title='bbox 1032 1423 1096 1483; x_wconf 90' lang='lat' dir='ltr'><strong>qua</strong></span> <span class='ocrx_word' id='word_1_113' title='bbox 1121 1403 1189 1485; x_wconf 87' lang='lat' dir='ltr'><strong>ipse</strong></span> <span class='ocrx_word' id='word_1_114' title='bbox 1215 1401 1268 1464; x_wconf 90' lang='lat' dir='ltr'><strong>vi-</strong></span> 
     </span>
     <span class='ocr_line' id='line_1_14' title="bbox 139 1481 1269 1566; baseline 0 -21"><span class='ocrx_word' id='word_1_115' title='bbox 139 1485 204 1560; x_wconf 89' lang='lat' dir='ltr'><strong>vit,</strong></span> <span class='ocrx_word' id='word_1_116' title='bbox 225 1494 322 1545; x_wconf 87' lang='lat' dir='ltr'><strong>testes</strong></span> <span class='ocrx_word' id='word_1_117' title='bbox 345 1485 493 1556; x_wconf 89' lang='lat' dir='ltr'><strong>idoneos;</strong></span> <span class='ocrx_word' id='word_1_118' title='bbox 518 1485 569 1547; x_wconf 90' lang='lat' dir='ltr'><strong>vei</strong></span> <span class='ocrx_word' id='word_1_119' title='bbox 582 1487 608 1546; x_wconf 93' lang='lat' dir='ltr'><strong>si</strong></span> <span class='ocrx_word' id='word_1_120' title='bbox 630 1481 834 1545; x_wconf 87' lang='lat' dir='ltr'><strong>illoshabere</strong></span> <span class='ocrx_word' id='word_1_121' title='bbox 851 1505 916 1544; x_wconf 90' lang='lat' dir='ltr'><strong>non</strong></span> <span class='ocrx_word' id='word_1_122' title='bbox 945 1483 1109 1566; x_wconf 89' lang='lat' dir='ltr'><strong>potuerit,</strong></span> <span class='ocrx_word' id='word_1_123' title='bbox 1129 1482 1269 1546; x_wconf 81' lang='lat' dir='ltr'><strong>tanede</strong></span> 
     </span>
     <span class='ocr_line' id='line_1_15' title="bbox 139 1566 1271 1648; baseline 0.001 -22"><span class='ocrx_word' id='word_1_124' title='bbox 139 1567 211 1626; x_wconf 89' lang='lat' dir='ltr'><strong>aliis</strong></span> <span class='ocrx_word' id='word_1_125' title='bbox 227 1567 339 1647; x_wconf 85' lang='lat' dir='ltr'><strong>quales</strong></span> <span class='ocrx_word' id='word_1_126' title='bbox 356 1567 401 1626; x_wconf 93' lang='lat' dir='ltr'><strong>ihi</strong></span> <span class='ocrx_word' id='word_1_127' title='bbox 416 1570 565 1630; x_wconf 89' lang='lat' dir='ltr'><strong>meliores</strong></span> <span class='ocrx_word' id='word_1_128' title='bbox 591 1566 735 1628; x_wconf 76' lang='lat' dir='ltr'><strong>inveniri</strong></span> <span class='ocrx_word' id='word_1_129' title='bbox 764 1567 925 1648; x_wconf 89' lang='lat' dir='ltr'><strong>potuerit,</strong></span> <span class='ocrx_word' id='word_1_130' title='bbox 959 1576 1123 1628; x_wconf 80' lang='lat' dir='ltr'><strong>eteorum</strong></span> <span class='ocrx_word' id='word_1_131' title='bbox 1150 1568 1196 1630; x_wconf 90' lang='lat' dir='ltr'><strong>eis</strong></span> <span class='ocrx_word' id='word_1_132' title='bbox 1220 1587 1271 1632; x_wconf 61' lang='lat' dir='ltr'><strong>ree</strong></span> 
     </span>
     <span class='ocr_line' id='line_1_16' title="bbox 138 1647 1268 1724; baseline 0 -14"><span class='ocrx_word' id='word_1_133' title='bbox 138 1671 212 1713; x_wconf 87' lang='lat' dir='ltr'><strong>rum</strong></span> <span class='ocrx_word' id='word_1_134' title='bbox 233 1647 363 1709; x_wconf 86' lang='lat' dir='ltr'><strong>suarum</strong></span> <span class='ocrx_word' id='word_1_135' title='bbox 377 1651 580 1712; x_wconf 81' lang='lat' dir='ltr'><strong>traditionem</strong></span> <span class='ocrx_word' id='word_1_136' title='bbox 597 1650 708 1721; x_wconf 78' lang='lat' dir='ltr'><strong>faciat3</strong></span> <span class='ocrx_word' id='word_1_137' title='bbox 731 1653 775 1724; x_wconf 88' lang='lat' dir='ltr'><strong>(et</strong></span> <span class='ocrx_word' id='word_1_138' title='bbox 796 1649 997 1711; x_wconf 86' lang='lat' dir='ltr'><strong>fideiussores</strong></span> <span class='ocrx_word' id='word_1_139' title='bbox 1017 1650 1188 1719; x_wconf 76' lang='lat' dir='ltr'><strong>vestiturae</strong></span> <span class='ocrx_word' id='word_1_140' title='bbox 1208 1649 1268 1710; x_wconf 90' lang='lat' dir='ltr'><strong>do·</strong></span> 
     </span>
     <span class='ocr_line' id='line_1_17' title="bbox 140 1729 1271 1813; baseline 0 -23"><span class='ocrx_word' id='word_1_141' title='bbox 140 1742 199 1792; x_wconf 90' lang='lat' dir='ltr'><strong>net</strong></span> <span class='ocrx_word' id='word_1_142' title='bbox 212 1732 241 1792; x_wconf 89' lang='lat' dir='ltr'><strong>ei</strong></span> <span class='ocrx_word' id='word_1_143' title='bbox 257 1733 315 1813; x_wconf 92' lang='lat' dir='ltr'><strong>qui</strong></span> <span class='ocrx_word' id='word_1_144' title='bbox 335 1732 425 1792; x_wconf 87' lang='lat' dir='ltr'><strong>illam</strong></span> <span class='ocrx_word' id='word_1_145' title='bbox 450 1733 656 1794; x_wconf 85' lang='lat' dir='ltr'><strong>traditionem</strong></span> <span class='ocrx_word' id='word_1_146' title='bbox 680 1732 814 1812; x_wconf 87' lang='lat' dir='ltr'><strong>accipit,</strong></span> <span class='ocrx_word' id='word_1_147' title='bbox 845 1741 881 1792; x_wconf 92' lang='lat' dir='ltr'><strong>ut</strong></span> <span class='ocrx_word' id='word_1_148' title='bbox 903 1733 1091 1798; x_wconf 83' lang='lat' dir='ltr'><strong>vestituram</strong></span> <span class='ocrx_word' id='word_1_149' title='bbox 1113 1732 1210 1794; x_wconf 84' lang='lat' dir='ltr'><strong>faeiat</strong></span> <span class='ocrx_word' id='word_1_150' title='bbox 1219 1729 1271 1813; x_wconf 61' lang='lat' dir='ltr'><strong>f),</strong></span> 
     </span>
     <span class='ocr_line' id='line_1_18' title="bbox 140 1813 1271 1896; baseline 0 -23"><span class='ocrx_word' id='word_1_151' title='bbox 140 1815 184 1881; x_wconf 84' lang='lat' dir='ltr'><strong>Et</strong></span> <span class='ocrx_word' id='word_1_152' title='bbox 201 1824 368 1896; x_wconf 86' lang='lat' dir='ltr'><strong>postquam</strong></span> <span class='ocrx_word' id='word_1_153' title='bbox 388 1816 466 1876; x_wconf 88' lang='lat' dir='ltr'><strong>haec</strong></span> <span class='ocrx_word' id='word_1_154' title='bbox 482 1817 610 1876; x_wconf 89' lang='lat' dir='ltr'><strong>traditio</strong></span> <span class='ocrx_word' id='word_1_155' title='bbox 624 1816 666 1876; x_wconf 91' lang='lat' dir='ltr'><strong>ita</strong></span> <span class='ocrx_word' id='word_1_156' title='bbox 687 1816 770 1874; x_wconf 88' lang='lat' dir='ltr'><strong>sacta</strong></span> <span class='ocrx_word' id='word_1_157' title='bbox 782 1813 900 1891; x_wconf 83' lang='lat' dir='ltr'><strong>fuerit,</strong></span> <span class='ocrx_word' id='word_1_158' title='bbox 923 1814 1017 1876; x_wconf 91' lang='lat' dir='ltr'><strong>heres</strong></span> <span class='ocrx_word' id='word_1_159' title='bbox 1038 1814 1127 1876; x_wconf 92' lang='lat' dir='ltr'><strong>illius</strong></span> <span class='ocrx_word' id='word_1_160' title='bbox 1146 1814 1271 1876; x_wconf 78' lang='lat' dir='ltr'><strong>nullam</strong></span> 
     </span>
     <span class='ocr_line' id='line_1_19' title="bbox 141 1897 1271 1980; baseline -0.004 -20"><span class='ocrx_word' id='word_1_161' title='bbox 141 1897 182 1960; x_wconf 88' lang='lat' dir='ltr'><strong>de</strong></span> <span class='ocrx_word' id='word_1_162' title='bbox 207 1897 378 1978; x_wconf 90' lang='lat' dir='ltr'><strong>praedictis</strong></span> <span class='ocrx_word' id='word_1_163' title='bbox 405 1898 500 1960; x_wconf 89' lang='lat' dir='ltr'><strong>rebus</strong></span> <span class='ocrx_word' id='word_1_164' title='bbox 523 1900 627 1960; x_wconf 87' lang='lat' dir='ltr'><strong>valeat</strong></span> <span class='ocrx_word' id='word_1_165' title='bbox 654 1899 763 1960; x_wconf 89' lang='lat' dir='ltr'><strong>facere</strong></span> <span class='ocrx_word' id='word_1_166' title='bbox 791 1897 1029 1980; x_wconf 86' lang='lat' dir='ltr'><strong>repetitionem.</strong></span> <span class='ocrx_word' id='word_1_167' title='bbox 1071 1899 1209 1978; x_wconf 88' lang='lat' dir='ltr'><strong>Insuper</strong></span> <span class='ocrx_word' id='word_1_168' title='bbox 1237 1904 1271 1956; x_wconf 86' lang='lat' dir='ltr'><strong>et</strong></span> 
     </span>
     <span class='ocr_line' id='line_1_20' title="bbox 138 1977 1270 2063; baseline 0 -25"><span class='ocrx_word' id='word_1_169' title='bbox 138 1979 208 2061; x_wconf 87' lang='lat' dir='ltr'><strong>ipse</strong></span> <span class='ocrx_word' id='word_1_170' title='bbox 225 2000 284 2063; x_wconf 89' lang='lat' dir='ltr'><strong>per</strong></span> <span class='ocrx_word' id='word_1_171' title='bbox 298 2001 330 2040; x_wconf 90' lang='lat' dir='ltr'><strong>se</strong></span> <span class='ocrx_word' id='word_1_172' title='bbox 351 1980 590 2042; x_wconf 81' lang='lat' dir='ltr'><strong>fideiussionem</strong></span> <span class='ocrx_word' id='word_1_173' title='bbox 606 1981 701 2042; x_wconf 88' lang='lat' dir='ltr'><strong>faciat</strong></span> <span class='ocrx_word' id='word_1_174' title='bbox 722 1980 865 2043; x_wconf 88' lang='lat' dir='ltr'><strong>eiusdem</strong></span> <span class='ocrx_word' id='word_1_175' title='bbox 884 1981 1068 2058; x_wconf 81' lang='lat' dir='ltr'><strong>vestiturae,</strong></span> <span class='ocrx_word' id='word_1_176' title='bbox 1092 2001 1132 2041; x_wconf 87' lang='lat' dir='ltr'><strong>ne</strong></span> <span class='ocrx_word' id='word_1_177' title='bbox 1153 1977 1270 2040; x_wconf 89' lang='lat' dir='ltr'><strong>heredi</strong></span> 
     </span>
     <span class='ocr_line' id='line_1_21' title="bbox 139 2061 1272 2144; baseline 0 -24"><span class='ocrx_word' id='word_1_178' title='bbox 139 2063 208 2121; x_wconf 88' lang='lat' dir='ltr'><strong>ulla</strong></span> <span class='ocrx_word' id='word_1_179' title='bbox 233 2061 358 2124; x_wconf 81' lang='lat' dir='ltr'><strong>occasio</strong></span> <span class='ocrx_word' id='word_1_180' title='bbox 380 2073 545 2124; x_wconf 88' lang='lat' dir='ltr'><strong>remaneat</strong></span> <span class='ocrx_word' id='word_1_181' title='bbox 564 2063 648 2125; x_wconf 89' lang='lat' dir='ltr'><strong>hanc</strong></span> <span class='ocrx_word' id='word_1_182' title='bbox 673 2061 879 2129; x_wconf 84' lang='lat' dir='ltr'><strong>traditionem</strong></span> <span class='ocrx_word' id='word_1_183' title='bbox 899 2062 1108 2140; x_wconf 88' lang='lat' dir='ltr'><strong>immutandi,</strong></span> <span class='ocrx_word' id='word_1_184' title='bbox 1136 2063 1194 2124; x_wconf 91' lang='lat' dir='ltr'><strong>sed</strong></span> <span class='ocrx_word' id='word_1_185' title='bbox 1214 2081 1272 2144; x_wconf 92' lang='lat' dir='ltr'><strong>po·</strong></span> 
     </span>
     <span class='ocr_line' id='line_1_22' title="bbox 138 2143 1271 2227; baseline 0.002 -24"><span class='ocrx_word' id='word_1_186' title='bbox 138 2146 204 2204; x_wconf 91' lang='lat' dir='ltr'><strong>tius</strong></span> <span class='ocrx_word' id='word_1_187' title='bbox 221 2145 392 2207; x_wconf 87' lang='lat' dir='ltr'><strong>necessitas</strong></span> <span class='ocrx_word' id='word_1_188' title='bbox 409 2145 573 2206; x_wconf 88' lang='lat' dir='ltr'><strong>incumbat</strong></span> <span class='ocrx_word' id='word_1_189' title='bbox 591 2146 680 2206; x_wconf 89' lang='lat' dir='ltr'><strong>illam</strong></span> <span class='ocrx_word' id='word_1_190' title='bbox 704 2143 904 2227; x_wconf 81' lang='lat' dir='ltr'><strong>perficiendi.</strong></span> <span class='ocrx_word' id='word_1_191' title='bbox 945 2147 987 2208; x_wconf 92' lang='lat' dir='ltr'><strong>Et</strong></span> <span class='ocrx_word' id='word_1_192' title='bbox 1007 2145 1032 2206; x_wconf 91' lang='lat' dir='ltr'><strong>si</strong></span> <span class='ocrx_word' id='word_1_193' title='bbox 1054 2145 1199 2212; x_wconf 80' lang='lat' dir='ltr'><strong>nondum</strong></span> <span class='ocrx_word' id='word_1_194' title='bbox 1218 2165 1271 2205; x_wconf 90' lang='lat' dir='ltr'><strong>res</strong></span> 
     </span>
     <span class='ocr_line' id='line_1_23' title="bbox 139 2226 1268 2306; baseline -0.004 -16"><span class='ocrx_word' id='word_1_195' title='bbox 139 2249 211 2290; x_wconf 86' lang='lat' dir='ltr'><strong>suas</strong></span> <span class='ocrx_word' id='word_1_196' title='bbox 227 2248 301 2288; x_wconf 89' lang='lat' dir='ltr'><strong>cum</strong></span> <span class='ocrx_word' id='word_1_197' title='bbox 322 2229 534 2290; x_wconf 88' lang='lat' dir='ltr'><strong>coheredibus</strong></span> <span class='ocrx_word' id='word_1_198' title='bbox 547 2229 612 2290; x_wconf 91' lang='lat' dir='ltr'><strong>suis</strong></span> <span class='ocrx_word' id='word_1_199' title='bbox 630 2228 745 2291; x_wconf 89' lang='lat' dir='ltr'><strong>divisas</strong></span> <span class='ocrx_word' id='word_1_200' title='bbox 763 2226 891 2306; x_wconf 87' lang='lat' dir='ltr'><strong>habuit,</strong></span> <span class='ocrx_word' id='word_1_201' title='bbox 921 2251 986 2288; x_wconf 92' lang='lat' dir='ltr'><strong>non</strong></span> <span class='ocrx_word' id='word_1_202' title='bbox 1007 2227 1038 2288; x_wconf 90' lang='lat' dir='ltr'><strong>ei</strong></span> <span class='ocrx_word' id='word_1_203' title='bbox 1064 2227 1126 2288; x_wconf 89' lang='lat' dir='ltr'><strong>boc</strong></span> <span class='ocrx_word' id='word_1_204' title='bbox 1149 2227 1189 2290; x_wconf 88' lang='lat' dir='ltr'><strong>sit</strong></span> <span class='ocrx_word' id='word_1_205' title='bbox 1206 2227 1268 2286; x_wconf 85' lang='lat' dir='ltr'><strong>im-</strong></span> 
     </span>
     <span class='ocr_line' id='line_1_24' title="bbox 138 2309 1271 2392; baseline 0 -22"><span class='ocrx_word' id='word_1_206' title='bbox 138 2309 348 2392; x_wconf 86' lang='lat' dir='ltr'><strong>pedimento;</strong></span> <span class='ocrx_word' id='word_1_207' title='bbox 371 2311 427 2372; x_wconf 90' lang='lat' dir='ltr'><strong>sed</strong></span> <span class='ocrx_word' id='word_1_208' title='bbox 445 2311 579 2373; x_wconf 86' lang='lat' dir='ltr'><strong>coheres</strong></span> <span class='ocrx_word' id='word_1_209' title='bbox 593 2311 681 2387; x_wconf 90' lang='lat' dir='ltr'><strong>eius,</strong></span> <span class='ocrx_word' id='word_1_210' title='bbox 703 2311 730 2371; x_wconf 91' lang='lat' dir='ltr'><strong>si</strong></span> <span class='ocrx_word' id='word_1_211' title='bbox 755 2321 867 2391; x_wconf 90' lang='lat' dir='ltr'><strong>sponte</strong></span> <span class='ocrx_word' id='word_1_212' title='bbox 885 2311 1046 2386; x_wconf 91' lang='lat' dir='ltr'><strong>noluerit,</strong></span> <span class='ocrx_word' id='word_1_213' title='bbox 1069 2321 1124 2380; x_wconf 83' lang='lat' dir='ltr'><strong>aut</strong></span> <span class='ocrx_word' id='word_1_214' title='bbox 1140 2311 1271 2392; x_wconf 90' lang='lat' dir='ltr'><strong>perCo·</strong></span> 
     </span>
     <span class='ocr_line' id='line_1_25' title="bbox 140 2391 1274 2476; baseline -0.002 -26"><span class='ocrx_word' id='word_1_215' title='bbox 140 2391 251 2452; x_wconf 86' lang='lat' dir='ltr'><strong>mitem</strong></span> <span class='ocrx_word' id='word_1_216' title='bbox 271 2402 327 2453; x_wconf 90' lang='lat' dir='ltr'><strong>aut</strong></span> <span class='ocrx_word' id='word_1_217' title='bbox 347 2415 405 2476; x_wconf 87' lang='lat' dir='ltr'><strong>per</strong></span> <span class='ocrx_word' id='word_1_218' title='bbox 418 2392 550 2454; x_wconf 80' lang='lat' dir='ltr'><strong>Missum</strong></span> <span class='ocrx_word' id='word_1_219' title='bbox 565 2394 633 2456; x_wconf 90' lang='lat' dir='ltr'><strong>eius</strong></span> <span class='ocrx_word' id='word_1_220' title='bbox 653 2392 862 2471; x_wconf 81' lang='lat' dir='ltr'><strong>distringatur</strong></span> <span class='ocrx_word' id='word_1_221' title='bbox 876 2404 912 2454; x_wconf 90' lang='lat' dir='ltr'><strong>ut</strong></span> <span class='ocrx_word' id='word_1_222' title='bbox 935 2392 1126 2456; x_wconf 87' lang='lat' dir='ltr'><strong>divisionem</strong></span> <span class='ocrx_word' id='word_1_223' title='bbox 1144 2413 1217 2451; x_wconf 91' lang='lat' dir='ltr'><strong>cum</strong></span> <span class='ocrx_word' id='word_1_224' title='bbox 1234 2391 1274 2450; x_wconf 74' lang='lat' dir='ltr'><strong>il..</strong></span> 
     </span>
     <span class='ocr_line' id='line_1_26' title="bbox 138 2472 1270 2557; baseline -0.004 -23"><span class='ocrx_word' id='word_1_225' title='bbox 138 2475 172 2534; x_wconf 94' lang='lat' dir='ltr'><strong>Io</strong></span> <span class='ocrx_word' id='word_1_226' title='bbox 189 2475 283 2534; x_wconf 86' lang='lat' dir='ltr'><strong>faciat</strong></span> <span class='ocrx_word' id='word_1_227' title='bbox 304 2476 344 2535; x_wconf 91' lang='lat' dir='ltr'><strong>ad</strong></span> <span class='ocrx_word' id='word_1_228' title='bbox 360 2497 457 2557; x_wconf 90' lang='lat' dir='ltr'><strong>quem</strong></span> <span class='ocrx_word' id='word_1_229' title='bbox 472 2477 644 2540; x_wconf 82' lang='lat' dir='ltr'><strong>defunctus</strong></span> <span class='ocrx_word' id='word_1_230' title='bbox 663 2473 876 2537; x_wconf 85' lang='lat' dir='ltr'><strong>hereditatem</strong></span> <span class='ocrx_word' id='word_1_231' title='bbox 893 2499 983 2537; x_wconf 89' lang='lat' dir='ltr'><strong>suam</strong></span> <span class='ocrx_word' id='word_1_232' title='bbox 998 2474 1103 2537; x_wconf 88' lang='lat' dir='ltr'><strong>voluit</strong></span> <span class='ocrx_word' id='word_1_233' title='bbox 1118 2472 1270 2554; x_wconf 72' lang='lat' dir='ltr'><strong>perveni÷</strong></span> 
     </span>
     <span class='ocr_line' id='line_1_27' title="bbox 138 2554 1272 2640; baseline -0.002 -24"><span class='ocrx_word' id='word_1_234' title='bbox 138 2579 185 2620; x_wconf 91' lang='lat' dir='ltr'><strong>re.</strong></span> <span class='ocrx_word' id='word_1_235' title='bbox 226 2557 269 2616; x_wconf 88' lang='lat' dir='ltr'><strong>Et</strong></span> <span class='ocrx_word' id='word_1_236' title='bbox 286 2557 314 2618; x_wconf 88' lang='lat' dir='ltr'><strong>si</strong></span> <span class='ocrx_word' id='word_1_237' title='bbox 326 2557 646 2620; x_wconf 72' lang='lat' dir='ltr'><strong>cuilibet&#39;Ecclesiae</strong></span> <span class='ocrx_word' id='word_1_238' title='bbox 663 2581 732 2620; x_wconf 90' lang='lat' dir='ltr'><strong>eam</strong></span> <span class='ocrx_word' id='word_1_239' title='bbox 748 2558 877 2618; x_wconf 83' lang='lat' dir='ltr'><strong>tradere</strong></span> <span class='ocrx_word' id='word_1_240' title='bbox 893 2559 1027 2640; x_wconf 85' lang='lat' dir='ltr'><strong>rogavit,</strong></span> <span class='ocrx_word' id='word_1_241' title='bbox 1051 2555 1185 2616; x_wconf 90' lang='lat' dir='ltr'><strong>coheres</strong></span> <span class='ocrx_word' id='word_1_242' title='bbox 1200 2554 1272 2618; x_wconf 85' lang='lat' dir='ltr'><strong>eius</strong></span> 
     </span>
     <span class='ocr_line' id='line_1_28' title="bbox 140 2636 1273 2722; baseline -0.003 -25"><span class='ocrx_word' id='word_1_243' title='bbox 140 2658 210 2698; x_wconf 88' lang='lat' dir='ltr'><strong>eam</strong></span> <span class='ocrx_word' id='word_1_244' title='bbox 230 2638 335 2721; x_wconf 84' lang='lat' dir='ltr'><strong>legem</strong></span> <span class='ocrx_word' id='word_1_245' title='bbox 353 2663 427 2700; x_wconf 90' lang='lat' dir='ltr'><strong>cum</strong></span> <span class='ocrx_word' id='word_1_246' title='bbox 447 2641 504 2700; x_wconf 89' lang='lat' dir='ltr'><strong>illa</strong></span> <span class='ocrx_word' id='word_1_247' title='bbox 526 2643 672 2704; x_wconf 83' lang='lat' dir='ltr'><strong>Ecclesia</strong></span> <span class='ocrx_word' id='word_1_248' title='bbox 694 2642 734 2702; x_wconf 91' lang='lat' dir='ltr'><strong>de</strong></span> <span class='ocrx_word' id='word_1_249' title='bbox 761 2640 925 2722; x_wconf 88' lang='lat' dir='ltr'><strong>praedicta</strong></span> <span class='ocrx_word' id='word_1_250' title='bbox 946 2639 1126 2702; x_wconf 86' lang='lat' dir='ltr'><strong>hereditate</strong></span> <span class='ocrx_word' id='word_1_251' title='bbox 1157 2636 1273 2696; x_wconf 86' lang='lat' dir='ltr'><strong>babeat</strong></span> 
     </span>
     <span class='ocr_line' id='line_1_29' title="bbox 140 2718 1272 2802; baseline -0.004 -22"><span class='ocrx_word' id='word_1_252' title='bbox 140 2741 237 2802; x_wconf 90' lang='lat' dir='ltr'><strong>quam</strong></span> <span class='ocrx_word' id='word_1_253' title='bbox 252 2744 326 2787; x_wconf 85' lang='lat' dir='ltr'><strong>cum</strong></span> <span class='ocrx_word' id='word_1_254' title='bbox 351 2723 415 2783; x_wconf 86' lang='lat' dir='ltr'><strong>alio</strong></span> <span class='ocrx_word' id='word_1_255' title='bbox 432 2723 591 2784; x_wconf 85' lang='lat' dir='ltr'><strong>coherede</strong></span> <span class='ocrx_word' id='word_1_256' title='bbox 610 2747 668 2786; x_wconf 92' lang='lat' dir='ltr'><strong>suo</strong></span> <span class='ocrx_word' id='word_1_257' title='bbox 682 2723 800 2783; x_wconf 88' lang='lat' dir='ltr'><strong>habere</strong></span> <span class='ocrx_word' id='word_1_258' title='bbox 818 2722 962 2788; x_wconf 86' lang='lat' dir='ltr'><strong>debebat,</strong></span> <span class='ocrx_word' id='word_1_259' title='bbox 1003 2722 1046 2781; x_wconf 88' lang='lat' dir='ltr'><strong>Et</strong></span> <span class='ocrx_word' id='word_1_260' title='bbox 1069 2719 1132 2781; x_wconf 88' lang='lat' dir='ltr'><strong>hoe</strong></span> <span class='ocrx_word' id='word_1_261' title='bbox 1160 2718 1272 2778; x_wconf 88' lang='lat' dir='ltr'><strong>obser-</strong></span> 
     </span>
     <span class='ocr_line' id='line_1_30' title="bbox 139 2800 1273 2888; baseline -0.005 -23"><span class='ocrx_word' id='word_1_262' title='bbox 139 2813 235 2865; x_wconf 90' lang='lat' dir='ltr'><strong>vetur</strong></span> <span class='ocrx_word' id='word_1_263' title='bbox 253 2825 327 2886; x_wconf 80' lang='lat' dir='ltr'><strong>erga</strong></span> <span class='ocrx_word' id='word_1_264' title='bbox 341 2815 465 2886; x_wconf 90' lang='lat' dir='ltr'><strong>patrem</strong></span> <span class='ocrx_word' id='word_1_265' title='bbox 486 2817 518 2867; x_wconf 91' lang='lat' dir='ltr'><strong>et</strong></span> <span class='ocrx_word' id='word_1_266' title='bbox 538 2806 640 2870; x_wconf 84' lang='lat' dir='ltr'><strong>tilium</strong></span> <span class='ocrx_word' id='word_1_267' title='bbox 653 2815 686 2868; x_wconf 89' lang='lat' dir='ltr'><strong>et</strong></span> <span class='ocrx_word' id='word_1_268' title='bbox 706 2814 856 2888; x_wconf 89' lang='lat' dir='ltr'><strong>nepotem</strong></span> <span class='ocrx_word' id='word_1_269' title='bbox 872 2827 971 2887; x_wconf 90' lang='lat' dir='ltr'><strong>usque</strong></span> <span class='ocrx_word' id='word_1_270' title='bbox 992 2803 1032 2864; x_wconf 87' lang='lat' dir='ltr'><strong>ad</strong></span> <span class='ocrx_word' id='word_1_271' title='bbox 1052 2823 1153 2862; x_wconf 88' lang='lat' dir='ltr'><strong>annos</strong></span> <span class='ocrx_word' id='word_1_272' title='bbox 1169 2800 1273 2881; x_wconf 82' lang='lat' dir='ltr'><strong>legiti-</strong></span> 
     </span>
     <span class='ocr_line' id='line_1_31' title="bbox 139 2884 1272 2972; baseline -0.002 -25"><span class='ocrx_word' id='word_1_273' title='bbox 139 2907 227 2962; x_wconf 90' lang='lat' dir='ltr'><strong>mos,</strong></span> <span class='ocrx_word' id='word_1_274' title='bbox 250 2896 283 2948; x_wconf 89' lang='lat' dir='ltr'><strong>et</strong></span> <span class='ocrx_word' id='word_1_275' title='bbox 295 2897 405 2968; x_wconf 91' lang='lat' dir='ltr'><strong>postea</strong></span> <span class='ocrx_word' id='word_1_276' title='bbox 430 2888 516 2972; x_wconf 85' lang='lat' dir='ltr'><strong>ipsae</strong></span> <span class='ocrx_word' id='word_1_277' title='bbox 531 2911 582 2952; x_wconf 90' lang='lat' dir='ltr'><strong>res</strong></span> <span class='ocrx_word' id='word_1_278' title='bbox 595 2891 635 2952; x_wconf 89' lang='lat' dir='ltr'><strong>ad</strong></span> <span class='ocrx_word' id='word_1_279' title='bbox 650 2887 882 2950; x_wconf 88' lang='lat' dir='ltr'><strong>immunitatem</strong></span> <span class='ocrx_word' id='word_1_280' title='bbox 900 2888 1000 2972; x_wconf 87' lang='lat' dir='ltr'><strong>ipsius</strong></span> <span class='ocrx_word' id='word_1_281' title='bbox 1029 2884 1196 2952; x_wconf 80' lang='lat' dir='ltr'><strong>Ecclesiae</strong></span> <span class='ocrx_word' id='word_1_282' title='bbox 1218 2905 1272 2944; x_wconf 82' lang='lat' dir='ltr'><strong>rc-.</strong></span> 
     </span>
     <span class='ocr_line' id='line_1_32' title="bbox 141 2968 547 3044; baseline -0.002 -12"><span class='ocrx_word' id='word_1_283' title='bbox 141 2968 246 3034; x_wconf 82' lang='lat' dir='ltr'><strong>deant.</strong></span> <span class='ocrx_word' id='word_1_284' title='bbox 288 2969 445 3044; x_wconf 66' lang='lat' dir='ltr'><strong>uiuat.</strong></span> <span class='ocrx_word' id='word_1_285' title='bbox 545 2973 547 2982; x_wconf 60' lang='lat'>‘</span> 
     </span>
    </p>

    <p class='ocr_par' dir='ltr' id='par_1_5' title="bbox 467 3077 957 3162">
     <span class='ocr_line' id='line_1_33' title="bbox 467 3077 957 3162; baseline -0.012 -20"><span class='ocrx_word' id='word_1_286' title='bbox 467 3081 522 3142; x_wconf 88' lang='lat' dir='ltr'><strong>De</strong></span> <span class='ocrx_word' id='word_1_287' title='bbox 548 3079 725 3140; x_wconf 79' lang='lat' dir='ltr'><strong>homicidiis</strong></span> <span class='ocrx_word' id='word_1_288' title='bbox 739 3077 957 3162; x_wconf 77' lang='lat' dir='ltr'><strong>prohibendis.</strong></span> 
     </span>
    </p>

    <p class='ocr_par' dir='ltr' id='par_1_6' title="bbox 139 3156 1275 3573">
     <span class='ocr_line' id='line_1_34' title="bbox 220 3156 1271 3242; baseline 0 -24"><span class='ocrx_word' id='word_1_289' title='bbox 220 3157 290 3219; x_wconf 83' lang='lat' dir='ltr'><strong>XX.</strong></span> <span class='ocrx_word' id='word_1_290' title='bbox 334 3157 530 3242; x_wconf 90' lang='lat' dir='ltr'><strong>Quicunque</strong></span> <span class='ocrx_word' id='word_1_291' title='bbox 564 3161 730 3222; x_wconf 90' lang='lat' dir='ltr'><strong>hominem</strong></span> <span class='ocrx_word' id='word_1_292' title='bbox 760 3169 813 3220; x_wconf 88' lang='lat' dir='ltr'><strong>aut</strong></span> <span class='ocrx_word' id='word_1_293' title='bbox 837 3181 876 3221; x_wconf 87' lang='lat' dir='ltr'><strong>ex</strong></span> <span class='ocrx_word' id='word_1_294' title='bbox 901 3160 968 3222; x_wconf 89' lang='lat' dir='ltr'><strong>levi</strong></span> <span class='ocrx_word' id='word_1_295' title='bbox 991 3177 1095 3226; x_wconf 75' lang='lat' dir='ltr'><strong>&#39;causa</strong></span> <span class='ocrx_word' id='word_1_296' title='bbox 1121 3166 1178 3219; x_wconf 88' lang='lat' dir='ltr'><strong>aut</strong></span> <span class='ocrx_word' id='word_1_297' title='bbox 1201 3156 1271 3218; x_wconf 88' lang='lat' dir='ltr'><strong>sine</strong></span> 
     </span>
     <span class='ocr_line' id='line_1_35' title="bbox 141 3241 1275 3325; baseline -0.003 -21"><span class='ocrx_word' id='word_1_298' title='bbox 141 3262 235 3304; x_wconf 87' lang='lat' dir='ltr'><strong>causa</strong></span> <span class='ocrx_word' id='word_1_299' title='bbox 251 3242 472 3322; x_wconf 87' lang='lat' dir='ltr'><strong>interfecerit,</strong></span> <span class='ocrx_word' id='word_1_300' title='bbox 493 3243 677 3325; x_wconf 76' lang='lat' dir='ltr'><strong>wirgildum</strong></span> <span class='ocrx_word' id='word_1_301' title='bbox 700 3243 768 3304; x_wconf 92' lang='lat' dir='ltr'><strong>eius</strong></span> <span class='ocrx_word' id='word_1_302' title='bbox 793 3242 844 3302; x_wconf 86' lang='lat' dir='ltr'><strong>his</strong></span> <span class='ocrx_word' id='word_1_303' title='bbox 872 3244 910 3303; x_wconf 88' lang='lat' dir='ltr'><strong>ad</strong></span> <span class='ocrx_word' id='word_1_304' title='bbox 935 3265 1016 3325; x_wconf 90' lang='lat' dir='ltr'><strong>quos</strong></span> <span class='ocrx_word' id='word_1_305' title='bbox 1046 3243 1102 3302; x_wconf 92' lang='lat' dir='ltr'><strong>ille</strong></span> <span class='ocrx_word' id='word_1_306' title='bbox 1131 3241 1275 3322; x_wconf 88' lang='lat' dir='ltr'><strong>pertinet</strong></span> 
     </span>
     <span class='ocr_line' id='line_1_36' title="bbox 141 3323 1275 3409; baseline -0.004 -25"><span class='ocrx_word' id='word_1_307' title='bbox 141 3335 319 3405; x_wconf 87' lang='lat' dir='ltr'><strong>componat.</strong></span> <span class='ocrx_word' id='word_1_308' title='bbox 363 3326 434 3407; x_wconf 91' lang='lat' dir='ltr'><strong>Ipse</strong></span> <span class='ocrx_word' id='word_1_309' title='bbox 454 3349 532 3388; x_wconf 89' lang='lat' dir='ltr'><strong>vero</strong></span> <span class='ocrx_word' id='word_1_310' title='bbox 548 3336 680 3409; x_wconf 89' lang='lat' dir='ltr'><strong>propter</strong></span> <span class='ocrx_word' id='word_1_311' title='bbox 695 3327 791 3386; x_wconf 90' lang='lat' dir='ltr'><strong>talem</strong></span> <span class='ocrx_word' id='word_1_312' title='bbox 817 3326 1109 3406; x_wconf 88' lang='lat' dir='ltr'><strong>praesumptionem</strong></span> <span class='ocrx_word' id='word_1_313' title='bbox 1131 3325 1164 3382; x_wconf 93' lang='lat' dir='ltr'><strong>in</strong></span> <span class='ocrx_word' id='word_1_314' title='bbox 1183 3323 1275 3382; x_wconf 47' lang='lat' dir='ltr'><strong>exilia</strong></span> 
     </span>
     <span class='ocr_line' id='line_1_37' title="bbox 140 3407 1273 3496; baseline 0.002 -32"><span class='ocrx_word' id='word_1_315' title='bbox 140 3427 193 3472; x_wconf 87' lang='lat' dir='ltr'><strong>um</strong></span> <span class='ocrx_word' id='word_1_316' title='bbox 214 3407 358 3467; x_wconf 86' lang='lat' dir='ltr'><strong>mittatur</strong></span> <span class='ocrx_word' id='word_1_317' title='bbox 379 3408 419 3468; x_wconf 88' lang='lat' dir='ltr'><strong>ad</strong></span> <span class='ocrx_word' id='word_1_318' title='bbox 444 3419 602 3492; x_wconf 89' lang='lat' dir='ltr'><strong>quantum</strong></span> <span class='ocrx_word' id='word_1_319' title='bbox 622 3419 748 3492; x_wconf 89' lang='lat' dir='ltr'><strong>tempus</strong></span> <span class='ocrx_word' id='word_1_320' title='bbox 774 3409 867 3470; x_wconf 90' lang='lat' dir='ltr'><strong>nobis</strong></span> <span class='ocrx_word' id='word_1_321' title='bbox 897 3408 1071 3496; x_wconf 62' lang='lat' dir='ltr'><strong>placuerim</strong></span> <span class='ocrx_word' id='word_1_322' title='bbox 1092 3429 1143 3468; x_wconf 78' lang='lat' dir='ltr'><strong>res</strong></span> <span class='ocrx_word' id='word_1_323' title='bbox 1166 3415 1273 3474; x_wconf 80' lang='lat' dir='ltr'><strong>tamen</strong></span> 
     </span>
     <span class='ocr_line' id='line_1_38' title="bbox 139 3489 638 3573; baseline 0.012 -26"><span class='ocrx_word' id='word_1_324' title='bbox 139 3510 211 3558; x_wconf 78' lang='lat' dir='ltr'><strong>suas</strong></span> <span class='ocrx_word' id='word_1_325' title='bbox 229 3510 294 3549; x_wconf 90' lang='lat' dir='ltr'><strong>non</strong></span> <span class='ocrx_word' id='word_1_326' title='bbox 310 3489 442 3555; x_wconf 86' lang='lat' dir='ltr'><strong>amittat.</strong></span> <span class='ocrx_word' id='word_1_327' title='bbox 485 3492 638 3573; x_wconf 83' lang='lat' dir='ltr'><strong>Ibid.c.7.</strong></span> 
     </span>
    </p>

    <p class='ocr_par' dir='ltr' id='par_1_7' title="bbox 222 3595 1191 3681">
     <span class='ocr_line' id='line_1_39' title="bbox 222 3595 1191 3681; baseline 0 -25"><span class='ocrx_word' id='word_1_328' title='bbox 222 3597 279 3656; x_wconf 84' lang='lat' dir='ltr'><strong>De</strong></span> <span class='ocrx_word' id='word_1_329' title='bbox 301 3598 358 3662; x_wconf 85' lang='lat' dir='ltr'><strong>boc</strong></span> <span class='ocrx_word' id='word_1_330' title='bbox 376 3597 464 3678; x_wconf 78' lang='lat' dir='ltr'><strong>qucod</strong></span> <span class='ocrx_word' id='word_1_331' title='bbox 482 3598 786 3681; x_wconf 85' lang='lat' dir='ltr'><strong>incompositionem</strong></span> <span class='ocrx_word' id='word_1_332' title='bbox 806 3595 953 3676; x_wconf 75' lang='lat' dir='ltr'><strong>wirgildi</strong></span> <span class='ocrx_word' id='word_1_333' title='bbox 974 3597 1049 3656; x_wconf 80' lang='lat' dir='ltr'><strong>clari</strong></span> <span class='ocrx_word' id='word_1_334' title='bbox 1070 3597 1191 3660; x_wconf 83' lang='lat' dir='ltr'><strong>deleat.</strong></span> 
     </span>
    </p>

    <p class='ocr_par' dir='ltr' id='par_1_8' title="bbox 140 3678 1276 4012">
     <span class='ocr_line' id='line_1_40' title="bbox 220 3678 1276 3763; baseline -0.002 -25"><span class='ocrx_word' id='word_1_335' title='bbox 220 3678 307 3738; x_wconf 85' lang='lat' dir='ltr'><strong>XXI.</strong></span> <span class='ocrx_word' id='word_1_336' title='bbox 350 3679 672 3763; x_wconf 87' lang='lat' dir='ltr'><strong>incompositionem</strong></span> <span class='ocrx_word' id='word_1_337' title='bbox 696 3679 835 3760; x_wconf 83' lang='lat' dir='ltr'><strong>wirgildi</strong></span> <span class='ocrx_word' id='word_1_338' title='bbox 861 3681 1008 3739; x_wconf 88' lang='lat' dir='ltr'><strong>volumus</strong></span> <span class='ocrx_word' id='word_1_339' title='bbox 1030 3690 1065 3740; x_wconf 91' lang='lat' dir='ltr'><strong>nt</strong></span> <span class='ocrx_word' id='word_1_340' title='bbox 1095 3701 1132 3740; x_wconf 86' lang='lat' dir='ltr'><strong>ea</strong></span> <span class='ocrx_word' id='word_1_341' title='bbox 1157 3679 1276 3747; x_wconf 82' lang='lat' dir='ltr'><strong>dentur</strong></span> 
     </span>
     <span class='ocr_line' id='line_1_41' title="bbox 140 3759 1276 3845; baseline -0.003 -25"><span class='ocrx_word' id='word_1_342' title='bbox 140 3782 223 3841; x_wconf 86' lang='lat' dir='ltr'><strong>quae</strong></span> <span class='ocrx_word' id='word_1_343' title='bbox 242 3761 276 3819; x_wconf 91' lang='lat' dir='ltr'><strong>in</strong></span> <span class='ocrx_word' id='word_1_344' title='bbox 293 3759 365 3840; x_wconf 77' lang='lat' dir='ltr'><strong>Iege</strong></span> <span class='ocrx_word' id='word_1_345' title='bbox 384 3765 609 3833; x_wconf 91' lang='lat' dir='ltr'><strong>continentur;</strong></span> <span class='ocrx_word' id='word_1_346' title='bbox 633 3771 767 3845; x_wconf 80' lang='lat' dir='ltr'><strong>excepto</strong></span> <span class='ocrx_word' id='word_1_347' title='bbox 792 3761 941 3844; x_wconf 88' lang='lat' dir='ltr'><strong>accipitre</strong></span> <span class='ocrx_word' id='word_1_348' title='bbox 956 3767 986 3840; x_wconf 83' lang='lat' dir='ltr'><strong>g)</strong></span> <span class='ocrx_word' id='word_1_349' title='bbox 1008 3771 1042 3821; x_wconf 90' lang='lat' dir='ltr'><strong>et</strong></span> <span class='ocrx_word' id='word_1_350' title='bbox 1056 3759 1178 3842; x_wconf 88' lang='lat' dir='ltr'><strong>spatha,</strong></span> <span class='ocrx_word' id='word_1_351' title='bbox 1200 3762 1276 3840; x_wconf 89' lang='lat' dir='ltr'><strong>quia</strong></span> 
     </span>
     <span class='ocr_line' id='line_1_42' title="bbox 140 3843 1276 3928; baseline 0.003 -27"><span class='ocrx_word' id='word_1_352' title='bbox 140 3853 274 3924; x_wconf 88' lang='lat' dir='ltr'><strong>propter</strong></span> <span class='ocrx_word' id='word_1_353' title='bbox 305 3843 362 3904; x_wconf 89' lang='lat' dir='ltr'><strong>illa</strong></span> <span class='ocrx_word' id='word_1_354' title='bbox 398 3845 463 3905; x_wconf 91' lang='lat' dir='ltr'><strong>duo</strong></span> <span class='ocrx_word' id='word_1_355' title='bbox 483 3846 655 3926; x_wconf 84' lang='lat' dir='ltr'><strong>aliquoties</strong></span> <span class='ocrx_word' id='word_1_356' title='bbox 679 3844 857 3928; x_wconf 90' lang='lat' dir='ltr'><strong>periurium</strong></span> <span class='ocrx_word' id='word_1_357' title='bbox 879 3844 1110 3915; x_wconf 84' lang='lat' dir='ltr'><strong>committitur,</strong></span> <span class='ocrx_word' id='word_1_358' title='bbox 1145 3843 1276 3924; x_wconf 86' lang='lat' dir='ltr'><strong>quando</strong></span> 
     </span>
     <span class='ocr_line' id='line_1_43' title="bbox 141 3922 1119 4012; baseline 0 -28"><span class='ocrx_word' id='word_1_359' title='bbox 141 3926 269 3988; x_wconf 86' lang='lat' dir='ltr'><strong>maioris</strong></span> <span class='ocrx_word' id='word_1_360' title='bbox 291 3927 388 4008; x_wconf 88' lang='lat' dir='ltr'><strong>pretii</strong></span> <span class='ocrx_word' id='word_1_361' title='bbox 406 3950 502 4012; x_wconf 82' lang='lat' dir='ltr'><strong>quam</strong></span> <span class='ocrx_word' id='word_1_362' title='bbox 522 3930 580 3988; x_wconf 87' lang='lat' dir='ltr'><strong>illa</strong></span> <span class='ocrx_word' id='word_1_363' title='bbox 598 3929 663 3989; x_wconf 88' lang='lat' dir='ltr'><strong>sint</strong></span> <span class='ocrx_word' id='word_1_364' title='bbox 679 3950 746 3989; x_wconf 88' lang='lat' dir='ltr'><strong>esse</strong></span> <span class='ocrx_word' id='word_1_365' title='bbox 763 3922 922 3987; x_wconf 85' lang='lat' dir='ltr'><strong>iurantur.</strong></span> <span class='ocrx_word' id='word_1_366' title='bbox 964 3925 1119 3991; x_wconf 62' lang='lat' dir='ltr'><strong>laidet.</strong></span> 
     </span>
    </p>
   </div>
   <div class='ocr_carea' id='block_1_4' title="bbox 220 4034 1276 4202">
    <p class='ocr_par' dir='ltr' id='par_1_9' title="bbox 220 4034 1276 4202">
     <span class='ocr_line' id='line_1_44' title="bbox 408 4034 1001 4117; baseline -0.008 -22"><span class='ocrx_word' id='word_1_367' title='bbox 408 4034 463 4095; x_wconf 86' lang='lat' dir='ltr'><strong>De</strong></span> <span class='ocrx_word' id='word_1_368' title='bbox 486 4049 578 4117; x_wconf 80' lang='lat' dir='ltr'><strong>rupta</strong></span> <span class='ocrx_word' id='word_1_369' title='bbox 602 4035 776 4093; x_wconf 83' lang='lat' dir='ltr'><strong>alienarum</strong></span> <span class='ocrx_word' id='word_1_370' title='bbox 805 4053 1001 4116; x_wconf 82' lang='lat' dir='ltr'><strong>sponsarum,</strong></span> 
     </span>
     <span class='ocr_line' id='line_1_45' title="bbox 220 4110 1276 4202; baseline -0.002 -26"><span class='ocrx_word' id='word_1_371' title='bbox 220 4118 323 4183; x_wconf 82' lang='lat' dir='ltr'><strong>XXII.</strong></span> <span class='ocrx_word' id='word_1_372' title='bbox 366 4116 401 4178; x_wconf 86' lang='lat' dir='ltr'><strong>si</strong></span> <span class='ocrx_word' id='word_1_373' title='bbox 421 4117 493 4202; x_wconf 88' lang='lat' dir='ltr'><strong>quis</strong></span> <span class='ocrx_word' id='word_1_374' title='bbox 507 4137 655 4202; x_wconf 79' lang='lat' dir='ltr'><strong>sponsam</strong></span> <span class='ocrx_word' id='word_1_375' title='bbox 669 4117 807 4184; x_wconf 88' lang='lat' dir='ltr'><strong>alienam</strong></span> <span class='ocrx_word' id='word_1_376' title='bbox 821 4116 988 4199; x_wconf 87' lang='lat' dir='ltr'><strong>rapuerit,</strong></span> <span class='ocrx_word' id='word_1_377' title='bbox 1011 4122 1076 4174; x_wconf 83' lang='lat' dir='ltr'><strong>aut·</strong></span> <span class='ocrx_word' id='word_1_378' title='bbox 1090 4113 1173 4198; x_wconf 88' lang='lat' dir='ltr'><strong>patri</strong></span> <span class='ocrx_word' id='word_1_379' title='bbox 1193 4110 1276 4191; x_wconf 85' lang='lat' dir='ltr'><strong>eius,</strong></span> 
     </span>
    </p>
   </div>
   <div class='ocr_carea' id='block_1_5' title="bbox 140 4233 399 4250">
    <p class='ocr_par' dir='ltr' id='par_1_10' title="bbox 140 4233 399 4250">
     <span class='ocr_line' id='line_1_46' title="bbox 140 4233 399 4250; baseline 0 0"><span class='ocrx_word' id='word_1_380' title='bbox 140 4233 399 4250; x_wconf 45' lang='lat' dir='ltr'><strong>”na—nu·—</strong></span> 
     </span>
    </p>
   </div>
   <div class='ocr_carea' id='block_1_6' title="bbox 173 4289 1100 4369">
    <p class='ocr_par' dir='ltr' id='par_1_11' title="bbox 173 4289 1100 4369">
     <span class='ocr_line' id='line_1_47' title="bbox 173 4289 1100 4369; baseline -0.009 -20"><span class='ocrx_word' id='word_1_381' title='bbox 173 4289 210 4356; x_wconf 80' lang='lat' dir='ltr'><strong>s)</strong></span> <span class='ocrx_word' id='word_1_382' title='bbox 227 4290 334 4348; x_wconf 75' lang='lat' dir='ltr'><strong>Dauni</strong></span> <span class='ocrx_word' id='word_1_383' title='bbox 352 4292 381 4348; x_wconf 75' lang='lat' dir='ltr'><strong>ir</strong></span> <span class='ocrx_word' id='word_1_384' title='bbox 400 4291 434 4352; x_wconf 79' lang='lat' dir='ltr'><strong>el.</strong></span> <span class='ocrx_word' id='word_1_385' title='bbox 454 4311 515 4354; x_wconf 77' lang='lat' dir='ltr'><strong>mss,</strong></span> <span class='ocrx_word' id='word_1_386' title='bbox 834 4294 867 4369; x_wconf 67' lang='lat' dir='ltr'><strong>g)</strong></span> <span class='ocrx_word' id='word_1_387' title='bbox 887 4291 951 4363; x_wconf 72' lang='lat' dir='ltr'><strong>Lag.</strong></span> <span class='ocrx_word' id='word_1_388' title='bbox 971 4292 1100 4368; x_wconf 71' lang='lat' dir='ltr'><strong>tricipite.</strong></span> 
     </span>
    </p>
   </div>
   <div class='ocr_carea' id='block_1_7' title="bbox 0 0 1469 4986">
    <p class='ocr_par' dir='ltr' id='par_1_12' title="bbox 0 0 1469 4986">
     <span class='ocr_line' id='line_1_48' title="bbox 0 0 1469 4986; baseline 0 0"><span class='ocrx_word' id='word_1_389' title='bbox 0 0 1469 4986; x_wconf 95' lang='lat' dir='ltr'><strong> </strong></span> 
     </span>
    </p>
   </div>
  </div>
 </body>
</html>
