2910 4986
184 252 258 326 432
612 269 903 330 corrruasnruu

467 407 516 470 De
540 408 660 474 bonore
671 433 733 496 pro
753 406 905 482 Ecclesiis
919 409 1038 473 dando.

266 512 397 579 CXLII.
439 517 482 576 Ut
504 514 657 600 Episcopi
674 518 885 600 praevideant
897 539 996 601 quem
1016 517 1174 582 bonorem
1187 515 1323 599 Presby-

184 600 247 666 teri
266 621 326 686 pro
344 593 500 662 Ecclesiis
521 599 588 662 suis
601 600 791 661 Senioribus
806 601 961 663 tribuant.

458 777 463 784 Ι
539 706 589 766 De
610 705 741 767 decimis
762 706 995 792 dispensandis.

267 810 418 875 CXLIII.
459 813 504 872 Ut
521 810 666 873 decimae
684 812 719 874 in
741 821 899 899 potestate
923 812 1075 898 Episcopi
1096 811 1162 875 sint
1181 814 1323 898 qualiter

184 894 420 979 lPresbyteris
440 893 678 978 dispensantur.

526 1002 576 1062 De
589 999 741 1063 Ecclesiis
756 1003 812 1063 nel
829 1002 992 1064 altaribus.

267 1104 413 1172 CXLIV.
454 1108 497 1167 Ut
509 1107 674 1170 Ecclesiae
696 1108 750 1170 vel
772 1109 882 1170 altaria
896 1109 1010 1170 melius
1029 1119 1258 1171 construantur
1277 1117 1324 1186 g).

184 1193 228 1257 Et
247 1189 545 1335 nullustPreshyter
565 1212 728 1254 annonam
748 1193 801 1254 rel
819 1193 953 1274 foenum
967 1193 1002 1251 in
1027 1193 1174 1254 Ecclesia
1195 1193 1324 1251 mittere

182 1297 352 1360 praesuma
368 1318 376 1335 .

377 1366 380 1373 ¹
424 1379 474 1438 De
495 1375 648 1456 Ecclesiis
664 1379 720 1439 nel
740 1379 894 1442 altaribus
921 1357 1089 1459 ambiguis.¹

269 1483 398 1580 CXLV.
440 1486 483 1544 Ut
504 1480 669 1544 Ecclesiae
691 1483 744 1546 vel
764 1485 876 1546 altaria
902 1505 985 1568 quae
1011 1485 1158 1569 ambigua
1184 1494 1262 1548 sunt
1281 1487 1322 1548 de

187 1575 442 1644 consecratione,
462 1577 704 1628 consecrentur.
824 1593 825 1598 ¹
1323 1589 1327 1596 ·

448 1673 498 1734 De
524 1671 630 1732 linteis
654 1673 805 1735 altaribus
823 1672 1063 1758 praeparandis.

270 1775 411 1843 CXLVI.
452 1778 494 1836 Ut
517 1776 700 1859 Presbyteri
724 1798 782 1859 per
800 1779 967 1860 parochias
990 1775 1214 1844 saas'feminis
1233 1803 1325 1865 prae-

189 1861 300 1924 dicent
316 1867 352 1920 ut
367 1858 555 1920 linteamina
571 1858 724 1919 altaribus
737 1872 937 1942 praeparent.

436 1965 485 2024 De
503 1964 705 2046 parochianis
732 1966 860 2026 alterius
878 1968 1069 2045 Presbyteri.

211 2109 213 2113 .
272 2043 432 2133 CXLVII.
474 2071 518 2129 Ut
536 2069 646 2132 nullus
663 2070 835 2153 Presbyter
850 2072 981 2134 alterins
999 2074 1241 2156 parochianum,
1260 2080 1323 2140 nisi

188 2156 224 2220 in
242 2153 360 2216 itinere
378 2151 480 2214 inerit
496 2150 550 2213 vel
567 2151 723 2234 placitum
737 2153 782 2211 ibi
795 2153 955 2234 habuerit,
974 2160 1013 2218 ad
1030 2158 1157 2218 Missam
1177 2161 1324 2244 recipiat.

473 2258 522 2317 De
540 2258 697 2341 parocbia
715 2257 845 2318 alterius
861 2261 1053 2339 Presbyteri.

273 2366 447 2432 CXLVIII.
489 2368 533 2426 Ut
554 2364 665 2425 nullus
681 2365 854 2450 Presbyter
870 2368 903 2426 in
922 2369 1053 2428 alterius
1071 2369 1221 2450 parochia
1244 2373 1323 2432 Mis-

190 2473 256 2514 sarn
275 2460 405 2512 cantare
422 2456 614 2532 praesumat,
630 2447 692 2508 nisi
708 2447 740 2507 in
756 2449 873 2508 itinere
892 2451 1001 2528 fuerit,
1024 2472 1084 2512 nec
1103 2451 1260 2516 decimam
1282 2455 1323 2516 ad

188 2537 327 2597 alterum
346 2533 566 2616 pertinentem
579 2531 695 2591 audeat
722 2531 878 2614 recipere.

499 2711 505 2722 x
531 2637 581 2696 De
602 2638 735 2697 termino
753 2627 979 2698 'Ecclesiartrm

273 2746 414 2807 CXLIX.
455 2745 500 2805 Ut
519 2723 701 2805 terminum
723 2741 846 2805 haheat
861 2765 1075 2828 unaquaeque
1102 2746 1260 2826 Ecclesia·
1282 2748 1327 2811 de

194 2829 314 2913 quibus
341 2827 430 2892 villis
449 2826 589 2889 decimas
605 2825 749 2909 recipiat.
1262 2831 1265 2836 ’

535 2934 584 2994 De
606 2934 698 2994 rebus
720 2932 991 3010 Presbyterorum.

276 3043 340 3106 CL.
382 3041 425 3104 Ut
446 3037 671 3121 unnsquisque
692 3037 866 3120 Presbyter
879 3059 929 3098 res
952 3059 1029 3119 quas
1047 3046 1120 3120 post
1137 3039 1223 3100 dIem
1243 3061 1322 3100 con-

190 3122 377 3186 secrationis
393 3121 595 3204 adquisierit,
612 3119 760 3203 propriae
777 3121 940 3180 Ecclesiae
957 3118 1130 3202 relinquat.
1237 3171 1242 3178 .

480 3228 528 3286 De
546 3226 779 3309 poenitentibus
805 3246 868 3284 non
888 3225 1044 3304 cogendis.
1067 3229 1068 3234 ’

275 3334 355 3398 CLI.
378 3335 420 3406 Ut
437 3332 548 3391 nullus
557 3330 730 3412 Presbyter
742 3339 797 3390 aut
811 3330 911 3391 laicus
929 3332 1150 3412 poenitentem
1162 3333 1277 3396 inritet
1291 3339 1326 3408 b)

190 3419 304 3483 bibere
325 3425 379 3476 aut
393 3435 522 3476 caruem
534 3413 740 3490 manducare,
756 3413 820 3472 nisi
839 3413 878 3473 ad
896 3435 1046 3495 praesens
1066 3437 1124 3498 pro
1140 3417 1209 3498 ipso
1223 3440 1326 3478 unum

192 3503 247 3568 vel
261 3497 349 3564 'duos
368 3500 394 3574 i)
411 3495 572 3572 denarios,
596 3495 687 3554 iusta
707 3495 895 3576 qualitatem
914 3497 1146 3578 poenitentiae,
1171 3499 1305 3566 dederit.

419 3602 468 3661 De
490 3600 707 3676 Presbyteris,
735 3601 755 3659 ir
776 3601 886 3684 quibus
906 3623 939 3662 se
960 3616 1101 3664 caveant.

277 3711 373 3776 CLII.
413 3709 457 3768 Ut
473 3705 584 3766 nullus
597 3704 771 3788 Presbyter
782 3705 907 3768 chartas
927 3708 1056 3788 scribat,
1074 3730 1134 3772 nec
1149 3711 1332 3776 conductor

196 3798 246 3861 sni
263 3790 409 3858 Senioris
431 3789 557 3855 existat.

531 3871 579 3930 De
599 3869 771 3953 sepultura,
794 3868 849 3930 ubi
863 3869 1010 3956 eonfiat.

280 3955 392 4021 CLIII.
434 3954 477 4014 Ut
496 3952 608 4014 nnllns
625 3951 777 4035 deinceps
793 3951 828 4012 in
846 3953 993 4015 Ecclesia
1009 3965 1171 4019 mortuum
1182 3957 1328 4042 sepeliat.

209 4074 470 4094 Μ

233 4124 262 4196 g)
279 4121 314 4174 al.
334 4137 398 4178 mss.
419 4117 514 4172 melius
535 4134 554 4168 a
571 4115 738 4185 Presbyteris
823 4113 852 4178 Ia)
870 4115 904 4167 al.
922 4135 981 4172 mss.
1001 4132 1091 4192 cogat.

272 4201 479 4246 conserventur.
822 4184 846 4253 i)
869 4187 905 4238 al.
922 4205 983 4241 mss.
1000 4189 1068 4243 duos
1086 4191 1133 4246 vel
1150 4203 1211 4242 tras.
