2910 4984
228 260 304 337 822

328 442 406 492 rum.
447 423 502 492 Ea
521 425 661 499 Concilio
685 427 766 490 Car·

232 501 236 510 ’
330 509 474 588 thaginis.
623 587 626 594 ι
739 511 741 514 ’

248 586 297 652 56.
326 591 375 651 De
399 592 603 654 Praesidibus
619 591 674 654 uel
691 614 764 654 cae·

329 673 404 732 teris
422 676 655 756 rempublicam
672 697 763 755 agere

230 759 233 772 ‘
329 753 512 828 volentibus,
535 779 572 816 ne
590 759 656 816 sine
676 759 763 817 litte·

238 911 241 917 .
327 837 372 895 ris
386 836 501 919 Episco
523 840 606 898 isui
625 859 762 898 commu-

325 919 439 983 nicent.
510 934 522 980 t
553 941 621 980 cum
651 933 761 980 contra

326 998 524 1083 disciplinam
543 1003 678 1081 egerint,
701 1023 762 1062 ex-

326 1085 598 1145 communicentur.
618 1082 673 1144 Ex
683 1083 761 1145 Con-

323 1164 396 1223 cilio
420 1165 612 1231 Arelatensc.

243 1245 291 1327 57.
325 1243 365 1305 Ut
395 1246 510 1308 Clerici
533 1249 588 1308 uel
611 1246 703 1306 Laici
725 1248 759 1308 in

323 1328 426 1386 aliena
441 1327 583 1390 Ecclesia
600 1349 662 1388 non
680 1348 761 1389 com-

321 1413 478 1470 municent
497 1415 564 1472 sine
582 1411 695 1470 litteris
712 1410 759 1470 E-

319 1495 445 1573 piscopi
466 1496 523 1553 sui.
567 1493 622 1553 Ex
643 1491 758 1554 Conci-

233 1569 237 1575 ’
323 1575 366 1635 lio
390 1575 593 1654 Carthaginis.

240 1657 291 1721 38.
317 1657 397 1717 Item
413 1677 456 1716 ex
471 1657 624 1740 Capitulis
640 1656 758 1715 Domni

322 1738 434 1799 Karoli
459 1739 674 1822 Imperatoris.

239 1819 288 1900 39.
319 1820 366 1877 De
381 1823 497 1880 honore
517 1835 547 1881 et
563 1840 641 1904 pace
664 1841 757 1880 sanc-

320 1913 370 1959 tae
392 1901 560 1969 Ecclesiae.
616 1971 621 1978 1

239 1982 290 2058 40.
318 1981 366 2040 De
388 1984 449 2042 Dei
471 1984 694 2047 Sacerdotibus
725 1996 755 2044 ct

320 2065 478 2124 Ministris
494 2067 614 2132 altaris.

235 2146 287 2221 4ι.
316 2145 364 2204 De
389 2146 559 2207 concordia
579 2148 755 2233 Episcopo-

319 2249 388 2288 rum
405 2243 434 2289 et
452 2229 611 2296 Comitum.

236 2307 286 2386 40.
316 2311 364 2370 De
386 2311 531 2371 incendio
546 2326 575 2371 ct
592 2313 712 2396 rapina.

235 2393 286 2468 45,
315 2393 364 2454 De
383 2415 460 2477 pace
479 2393 693 2455 custodienda.

234 2475 286 2552 44.
313 2476 362 2535 De
402 2476 509 2559 puella
551 2479 666 2557 uirgine
701 2475 756 2536 vel

321 2557 423 2624 uidua,

235 2635 287 2714 45.
316 2640 364 2700 Dc
384 2644 486 2704 banno
501 2640 718 2723 persolvendo.

234 2719 285 2795 46.
312 2723 361 2780 De
376 2727 498 2806 negotio
516 2727 657 2786 seculari.

234 2806 285 2878 47.
314 2805 363 2864 De
381 2809 553 2876 imitatione
569 2807 750 2888 apostolica.

232 2883 286 2960 48.
314 2887 363 2946 De
383 2889 547 2951 Canonicis
566 2891 705 2968 Clericis,
717 2902 751 2949 ut

175 3040 177 3046 Α
315 2973 461 3032 canonice
483 2973 597 3032 uiuant.

232 3049 285 3133 49.
310 3051 359 3111 De
372 3057 420 3114 bis
433 3055 489 3134 qui
500 3070 750 3128 servossuosctc·

315 3146 365 3196 tra
383 3135 522 3197 Iudicem
534 3147 654 3200 necant.

232 3213 284 3278 50.
311 3215 360 3276 De
378 3221 426 3280 bis
442 3219 497 3300 qui
507 3216 667 3300 adpaccm
684 3238 748 3278 non

313 3314 517 3361 reuertuntur.

228 3375 279 3444 51.
305 3379 354 3438 De
375 3383 424 3442 bis
444 3385 498 3465 qrci
509 3383 628 3441 intrant
645 3383 678 3441 in
688 3381 748 3443 Ec·

308 3462 455 3541 clesiam,
493 3477 523 3522 et
543 3476 676 3547 propter
695 3462 747 3524 ni-

232 3544 236 3558 '
308 3547 401 3604 miam
431 3546 590 3608 luxuriam
615 3568 702 3606 suam
725 3549 745 3606 b

309 3641 503 3688 sacramento
517 3649 548 3686 se
558 3627 723 3695 abstinent.

158 3731 160 3738 ’
225 3707 277 3774 52.
302 3709 350 3767 Dc
372 3710 502 3770 Clericis
521 3709 575 3770 vel
595 3709 709 3776 Laicis.

225 3789 275 3852 55.
301 3791 350 3850 De
376 3793 504 3852 Clericis
527 3789 675 3851 adversus
698 3794 745 3852 in·

303 3875 405 3933 vicem
446 3875 570 3954 negotia
608 3877 743 3958 propria

304 3955 495 4017 habentibus.

223 4035 274 4113 64.
300 4038 348 4096 De
368 4059 404 4099 eo
422 4041 477 4120 qui
493 4040 742 4099 excommunica·

303 4133 351 4178 tus
365 4134 441 4203 ante
455 4121 645 4180 audientiam
653 4142 740 4181 com·
814 4193 818 4202 1

223 4205 227 4214 “
280 4202 719 4288 'manicarepraesumpserit.

619 281 952 376 Υ00ιοτο0οι0ιο0

821 427 884 520 165.
911 430 960 491 Dc
983 443 1112 520 potente
1136 431 1190 523 qui
1212 438 1360 525 aliquem

912 518 1134 598 expoliaverit.

831 590 883 657 56.
912 597 1007 678 Quod
1023 601 1235 666 Ecclesiarum
1251 609 1357 682 omni·

913 699 964 738 um
975 680 1063 743 dotes
1076 684 1121 744 ad
1135 686 1288 770 Episcopi
1299 711 1356 749 or-

912 761 1103 858 dinationem
1120 767 1253 830 debeant
1270 791 1355 854 per·

913 857 1020 912 tmere.

830 920 880 1002 57·
907 926 956 986 Dc
983 931 1130 1015 hisquae
1160 930 1180 989 ἂ
1189 929 1352 1012 fidelibus

913 1012 947 1070 in
977 1015 1179 1094 parochianis
1208 1015 1351 1094 basilicis

911 1089 1099 1170 offeruntur.

830 1169 880 1236 58.
907 1174 956 1234 De
983 1191 1119 1259 quatuor
1144 1179 1348 1262 portionibus
1441 1202 1442 1209 ¹

910 1257 1136 1321 ecclesiasticis.
1163 1260 1219 1321 Ex
1234 1264 1350 1344 epistt».

909 1340 942 1398 la
960 1339 1079 1401 Gelasii
1096 1344 1211 1426 Papae.
1232 1360 1236 1370 ’

828 1415 878 1500 59.
905 1420 953 1480 Dc
987 1445 1022 1484 co
1059 1427 1114 1507 qni
1142 1426 1347 1504 anathematis

904 1500 1037 1586 poenam
1049 1508 1146 1590 parvi
1164 1506 1303 1573 duxerit.

827 1603 878 1668 60.
904 1610 953 1668 De
982 1613 1030 1670 his
1059 1612 1164 1671 Laicis
1194 1614 1253 1692 qui.
1267 1634 1346 1674 con-

908 1703 1075 1776 temptores
1100 1694 1259 1754 Canonum
1282 1716 1346 1756 ex-

909 1775 1038 1840 titerint.

821 1851 877 1919 61.
908 1854 951 1916 Ut
962 1857 1096 1940 populus
1121 1873 1191 1919 ante
1212 1861 1345 1942 comple-¹

909 1949 970 1998 tam
992 1941 1125 2000 Missam
1144 1955 1175 2001 et
1201 1941 1345 2002 bencdic-

820 2055 824 2064 ·
907 2021 1022 2080 tionem
1049 2036 1206 2104 acceptam
1235 2026 1345 2105 egredi

905 2123 969 2162 non
984 2117 1172 2184 praesumat..

824 2179 875 2241 62.
900 2185 950 2242 De
977 2187 1035 2243 liis·
1050 2189 1105 2265 qui
1131 2187 1342 2248 ecclesiastica

904 2267 1021 2326 ieiunia
1031 2270 1144 2349 absque
1158 2273 1343 2331 necessitate

909 2347 1096 2410 dissolvunt.

822 2426 874 2495 65.
906 2427 948 2490 Ut
982 2446 1209 2493 sacramentum
1247 2435 1341 2496 Cate-

822 2553 825 2558 -
901 2513 1131 2576 cbamonisnon
1142 2517 1340 2598 praebeatur.

819 2614 870 2694 64.
896 2617 945 2678 Dc
962 2623 1010 2680 tis
1027 2623 1082 2703 qui
1094 2625 1276 2706 rebaptizati
1290 2625 1342 2683 vel

900 2702 1081 2788 confirmati
1095 2719 1178 2778 sunt,
1197 2703 1279 2788 quid
1292 2707 1338 2765 sit

822 2799 826 2805 “
900 2786 1062 2862 agendum.

818 2859 869 2929 65.
900 2866 948 2926 De
965 2867 1096 2951 Clericis
1111 2871 1168 2953 qui
1181 2867 1223 2928 acl
1237 2868 1338 2928 Secu·

900 2949 1014 3008 larium
1033 2951 1245 3032 defensionem
1266 2973 1338 3012 con-

889 3029 1021 3112 fugiunt
1032 3043 1185 3174 isropter'
1208 3033 1337 3094 distric-

899 3113 1014 3173 tionem
1054 3115 1193 3199 'piscopi

816 3191 868 3258 66.
897 3195 945 3254 Dc
962 3197 1173 3281 turpiloquiis.

816 3298 866 3380 67.
894 3301 942 3358 De
960 3302 1088 3362 Clericis
1102 3306 1158 3388 qui
1176 3305 1209 3364 in
1226 3305 1336 3364 convi-

897 3386 952 3444 vio
974 3399 1101 3446 cantare
1121 3408 1337 3470 praesumpse-

899 3468 973 3534 rint,

815 3543 867 3608 68.
892 3547 939 3622 Ne
951 3549 1089 3609 Clericus
1101 3571 1162 3634 per
1174 3563 1336 3610 creaturas

896 3645 986 3691 iuret.

813 3711 864 3791 69.
890 3711 938 3772 Ne
964 3725 1033 3772 ante
1054 3713 1164 3772 boram
1186 3712 1254 3772 diei
1270 3725 1336 3773 ter-

896 3796 971 3854 tiam
990 3797 1060 3876 quis
1084 3795 1129 3852 acl
1156 3796 1335 3856 convivium

889 3889 1012 3958 pergat,
1036 3897 1091 3936 neo
1108 3889 1178 3935 aute
1192 3874 1338 3936 benedic·

894 3961 1009 4018 tionem
1023 3957 1198 4018 manducet.

811 4033 860 4128 70.
881 4039 934 4111 ‘Ut
956 4041 1144 4115 Presbyter,
1168 4040 1196 4098 si
1222 4040 1337 4098 incon·

891 4122 972 4181 sulto
993 4121 1149 4204 Episcopo
1179 4121 1337 4199 agendam

867 4205 1104 4282 ''celebraueriu
1125 4207 1242 4289 bonore
1261 4205 1337 4286 pri«-
