2948 4990
220 343 292 415 530
398 351 401 360 ·
612 399 615 405 .
643 363 928 421 carnatanraa

219 501 360 564 fideliter
379 509 532 562 servetur.
574 501 616 563 Et
635 523 751 564 uxores
772 503 925 566 habentes
944 522 1050 584 neque
1073 499 1221 584 pellicem
1236 519 1345 580 neque

220 583 434 646 concubinam
450 583 567 644 habere
581 585 728 647 debeant.
762 587 932 665 Quomodo
951 583 1094 648 etiamin
1112 583 1253 643 castitate
1267 602 1347 641 uxo-

217 689 271 728 res
290 687 361 726 suas
376 665 522 747 diligere,
546 666 668 747 eisque,
692 681 801 752 utpote
821 669 887 730 vasi
902 667 1091 744 infirmiori,
1112 665 1270 725 honorem
1287 663 1347 723 de-

217 748 323 810 bitum
344 747 539 828 impendere.
579 750 622 812 Et
636 753 724 832 quod
741 750 925 813 commixtio
942 749 1078 812 carnalis
1091 769 1164 810 cum
1180 745 1345 822 uxoribus,

218 831 318 914 gratia
340 831 409 890 Iicri
430 831 544 890 debeat
561 833 671 914 prolis,
694 857 758 894 non
773 835 955 917 voluptatis.
1227 829 1229 836 ¹

224 937 266 999 Ut
287 939 393 998 omnia
414 958 492 1020 qaae
506 937 647 998 wadiari
661 939 787 1015 debent,
814 939 983 1002 secandam
1000 941 1097 1020 legem
1119 935 1348 998 rewadientur.

304 1041 487 1105 CCXXIII.
529 1048 571 1106 Ut
592 1047 699 1106 omnia
717 1070 799 1130 quae
822 1047 952 1110 wadiari
981 1047 1116 1122 debent,
1146 1045 1234 1104 iuxta
1257 1040 1347 1122 quod

218 1126 254 1186 in
274 1125 344 1208 Iege
366 1127 559 1205 continetur,
581 1128 722 1210 pleniter
732 1132 912 1192 secundum
933 1131 1031 1212 ipsam
1050 1131 1155 1208 Iegem
1173 1123 1348 1192 rewadiata

218 1209 305 1273 fiunt.
335 1208 389 1268 'Et
404 1209 641 1292 inpostmodum
660 1213 711 1273 vel
728 1216 873 1274 Domnu's
888 1215 967 1288 Rex,
992 1212 1042 1274 veI
1061 1211 1117 1271 ille
1138 1209 1228 1271 cuius
1250 1227 1348 1266 causa

220 1300 277 1368 est,
300 1290 389 1350 iuxta
404 1293 493 1378 quod
511 1293 541 1353 ei
563 1294 680 1376 placet,
701 1296 954 1357 miscricordiam
968 1294 1072 1356 faciat.
1116 1293 1197 1375 App.
1209 1295 1255 1351 II.
1274 1310 1301 1354 e.
1317 1288 1347 1351 8.

266 1396 309 1458 Ut
323 1398 427 1456 nullas
452 1399 555 1462 ebrias
577 1421 702 1462 causam
719 1424 808 1462 suam
821 1404 920 1486 possit
940 1403 973 1461 in
993 1401 1088 1460 mallo
1109 1399 1304 1479 conquirere.

304 1500 503 1565 CCXXXII.
546 1508 589 1567 Ut
607 1508 716 1568 nullus
739 1508 846 1567 ebrius
865 1529 953 1568 suam
970 1526 1096 1567 causam
1108 1504 1141 1562 in
1158 1502 1255 1562 mallo
1270 1523 1348 1583 pos-

219 1584 261 1646 sit
282 1586 486 1665 conquirere,
509 1610 569 1648 nec
582 1589 800 1650 testimonium
814 1591 931 1656 dicere.
973 1590 1040 1648 Nec
1062 1586 1217 1670 placitum
1230 1586 1347 1668 Comes

217 1665 346 1744 habeat,
369 1668 430 1730 uisi
447 1670 586 1737 ieiunus.
629 1673 734 1757 Sapra
751 1674 821 1736 Lib.
837 1666 901 1734 ῘΙΙ.
918 1694 945 1733 c.
967 1672 1016 1734 38.
1115 1728 1118 1734 .

478 1779 527 1838 De
552 1779 638 1842 nullo
671 1779 715 1841 ad
742 1779 910 1841 bibendam
942 1776 1091 1858 cogendo.

152 1929 159 1936 .
222 1883 225 1890 ’
305 1879 523 1944 CCXXXIII.
564 1889 606 1945 Ut
627 1887 789 1946 neminem
806 1886 905 1948 liceat
923 1885 1023 1945 alium
1038 1905 1153 1967 cogere
1175 1883 1215 1948 ad
1233 1881 1349 1943 biben-

226 1965 313 2030 dum.
354 1966 460 2052 Sapra
479 1968 548 2028 Lib.
567 1974 594 2032 I.
613 1991 639 2029 c.
665 1971 730 2032 138.

463 2073 513 2131 De
528 2073 636 2132 Missis
659 2073 825 2135 dominIcr's
843 2074 1099 2139 discurrentibus.

304 2177 509 2241 ccxxxlv.
553 2180 601 2238 De
615 2181 717 2241 Missis
733 2181 847 2243 nostris
867 2181 1130 2256 discurrentibus,
1146 2179 1197 2240 ch
1211 2178 1347 2240 caeteris

219 2260 404 2322 hominibus
436 2262 468 2320 in
495 2261 632 2324 utilitate
656 2273 762 2324 nostra
786 2264 846 2324 iter
864 2265 1047 2347 agentibus,
1070 2262 1287 2346 praecipimus
1309 2268 1346 2320 ut
1383 2315 1387 2319 .
1462 2280 1463 2296 ¹

220 2345 331 2404 nullus
350 2343 547 2404 mansionem
571 2346 794 2407 contradicere·
808 2357 1006 2430 praesumat,
1027 2369 1087 2409 nec
1111 2344 1261 2422 herbam,
1285 2365 1344 2404 ex-

221 2434 315 2510 cepto
332 2447 390 2486 suo
410 2436 510 2507 prato,
553 2427 658 2511 Sapra
675 2428 744 2490 Lib.
763 2434 828 2490 III.
850 2451 875 2490 e.
894 2432 943 2510 39.

368 2530 455 2592 Uria
478 2536 562 2593 coita
578 2537 814 2617 praegnantium
822 2534 943 2619 fideles
969 2557 1001 2595 se
1027 2535 1211 2597 abstineant.

302 2637 491 2702 CCXXXV.
532 2639 660 2701 Placuit
678 2650 713 2700 ut
728 2641 839 2703 fideles
852 2663 884 2703 se
903 2641 1082 2702 abstineant
1100 2637 1221 2700 eicoitu
1232 2659 1346 2720 praeg-

220 2721 369 2782 nantium
394 2743 548 2798 uxorum,
577 2743 705 2784 necnon
728 2735 891 2784 menstruo
916 2734 1070 2804 tempore.
1119 2722 1162 2782 Et
1180 2731 1216 2782 ut
1248 2740 1347 2782 causa

219 2803 443 2866 fornIcationis
469 2827 533 2866 non
560 2804 601 2865 sit
617 2827 710 2882 uxor,
731 2807 910 2872 secundum
927 2803 1058 2866 Domini
1075 2802 1277 2879 senteutiam,
1300 2803 1347 2864 di·

220 2887 384 2962 mittenda,
405 2887 459 2946 sed
474 2887 579 2969 potius
605 2887 802 2949 sustinenda.
842 2891 883 2949 Et
901 2889 989 2971 quod
1001 2887 1036 2947 hi
1057 2886 1114 2966 qui
1133 2906 1227 2946 causa
1244 2885 1347 2944 forni-

220 2967 367 3046 cationis,
391 2968 525 3031 dimissis
543 2969 697 3030 uxoribus
716 2968 792 3049 suIs,
815 2971 891 3034 alias
912 2973 1045 3047 ducunt,
1066 2967 1197 3030 Domini
1217 2975 1348 3029 senten·
1430 2995 1432 3002 >
1461 2971 1462 3002 I

218 3050 263 3111 aa
285 3051 422 3111 adulteri
444 3073 510 3114 esse
535 3063 697 3118 notantur,

404 3159 453 3217 De
474 3159 601 3220 canibus
616 3160 671 3242 qai
689 3160 721 3218 in
741 3159 857 3222 dextro
872 3180 959 3223 armo
976 3159 1059 3220 tonsi
1080 3170 1160 3223 sant.

302 3260 503 3328 CCXXXVI.
544 3265 594 3325 De
615 3265 746 3327 canibus
759 3265 859 3348 quiin
875 3266 987 3326 dextro
1004 3285 1091 3324 armo
1107 3260 1190 3323 tonsi
1198 3268 1293 3350 sunt,
1311 3269 1349 3322 ut

218 3340 315 3405 homo
339 3347 393 3426 qui
420 3368 492 3405 eum
512 3346 673 3424 hahuerit,
696 3370 770 3408 cum
787 3348 856 3430 ipso
875 3370 953 3410 cano
972 3349 1005 3409 in
1024 3343 1236 3429 praesentiam
1250 3344 1347 3428 Regis

219 3426 338 3516 veniat.
382 3428 516 3510 Capitul.
539 3433 604 3490 III.
627 3431 738 3500 cubo&
757 3452 782 3491 c.
811 3431 856 3496 18.
916 3487 918 3494 ,

383 3534 429 3592 De
448 3533 599 3615 Capitalis
615 3554 692 3616 qaae
708 3539 742 3597 in
758 3539 823 3616 lege
845 3539 965 3600 noviter
979 3535 1091 3596 addita
1105 3543 1185 3599 sunt.
1292 3560 1297 3568 ’

299 3637 525 3702 ccxxxvlt.
566 3641 608 3699 Ut
632 3642 771 3722 populus
790 3641 1006 3724 interrogetur
1026 3643 1065 3702 de
1084 3639 1233 3723 capitulis
1263 3663 1345 3723 quae

217 3721 251 3784 in
274 3719 393 3804 Iegem
412 3722 538 3782 noviter
558 3721 664 3782 addita
691 3733 774 3785 suut.
816 3725 858 3786 Et
878 3735 1045 3808 postquam
1070 3744 1180 3795 omues
1204 3744 1345 3785 consen-

217 3803 336 3882 serint,
370 3803 560 3885 scriptiones
591 3813 623 3864 ct
654 3805 945 3868 manufirmationes
977 3830 1048 3868 suas
1073 3807 1106 3866 in
1128 3804 1202 3889 ipsis
1225 3806 1347 3890 capitu-

216 3886 257 3947 Iis
278 3886 406 3952 faciant,
449 3886 532 3947 laid.
553 3908 579 3952 c.
606 3909 650 3972 ¹9·

220 4002 261 4066 Ul
276 4004 379 4066 nullas
394 4001 439 4062 ad
447 4003 599 4086 placitum
616 4004 785 4065 banniatur
806 4017 934 4086 praeter
965 4003 1115 4066 ScabInos
1146 4013 1283 4088 septem,
1318 4016 1348 4066 ec

419 4107 430 4118 '⁴
512 4087 567 4167 qui
594 4107 719 4158 causam
743 4108 893 4168 quaerere
919 4086 1041 4148 debent.

265 4189 535 4260 mcxxxvnt,
576 4194 619 4252 Ut
638 4192 747 4252 nuIIus
762 4193 801 4252 ad
822 4192 974 4274 placitum
997 4190 1267 4272 taurianensi
1286 4192 1344 4271 qui
1385 4233 1390 4240 -

215 4293 342 4340 causam
367 4293 523 4358 qaiaerere
547 4274 639 4354 vult,
660 4285 714 4336 aut
739 4296 772 4338 se
796 4275 835 4336 ab
862 4275 927 4337 alio
946 4275 1058 4358 quaeri
1082 4277 1157 4347 scit;
1201 4273 1346 4358 exceptis
