2926 4984
568 323 684 380 uera
718 319 900 387 orturus.
1199 293 1272 366 523

117 507 118 514 κ
146 466 309 552 Episcopo
329 465 383 528 vel
401 466 419 527 a
438 463 584 548 quolibet
606 463 703 524 Misso
721 460 884 522 dominico
898 456 1052 520 admoniti
1069 451 1200 516 obedire
1213 471 1276 512 no·

146 550 293 626 luerint,
316 558 352 610 ut
374 549 516 611 bannum
531 555 675 606 nostrum
694 543 882 606 revuadiare
900 548 1065 622 cogantur,
1083 551 1116 598 et
1127 557 1186 617 per
1200 533 1277 618 lide·

147 634 285 694 iussores
300 632 339 691 ad
361 631 513 711 palatium
535 639 677 687 nostrum
696 627 806 687 venire
837 626 1023 692 iubeantur;
1048 630 1078 681 et
1107 629 1184 678 tunc
1219 637 1277 676 uos

148 716 359 775 decernamus
373 725 478 772 utrum
503 711 591 770 nohis
611 713 732 788 placeat
754 721 789 769 ut
809 721 863 770 ant
884 708 975 766 illum
997 705 1136 762 lsnnnurn
1151 699 1277 782 persol-

148 806 253 872 vant,
292 806 348 855 aut
385 797 478 854 aliam
515 797 737 854 harmiscaram
775 793 960 854 sustineant.
1014 784 1194 869 Capitalia.
1216 783 1277 861 829

152 879 214 939 Tit.
241 901 264 944 1.
284 899 311 943 e.
336 901 359 942 1.

389 986 437 1043 De
464 983 612 1043 Ecclesiis
634 986 716 1042 inter
734 979 901 1042 coheredes
916 978 1040 1038 diuisis.

229 1089 354 1152 XCIX.
395 1093 443 1149 De
463 1089 616 1150 Ecclesiis
634 1111 714 1169 quae
737 1089 824 1147 inter
844 1084 1017 1146 coheredes
1043 1078 1164 1141 divisae
1187 1086 1277 1155 sunt,
1376 1117 1379 1125 ι

146 1173 386 1234 consideratum
402 1182 448 1232 est
466 1171 616 1252 quatinus
633 1171 657 1230 si
675 1170 851 1230 secundum
875 1164 1106 1249 providentiam
1120 1173 1152 1222 et
1168 1160 1278 1219 admo-

148 1256 310 1316 nitionem
327 1254 477 1336 Episcopi
502 1254 560 1335 ipsi
580 1253 753 1315 coheredes
774 1274 824 1312 eas
841 1248 1005 1312 voluerint
1023 1255 1133 1306 tenere
1154 1252 1185 1302 et
1216 1241 1278 1300 ho-

149 1358 284 1412 norare,
307 1337 435 1397 faciant.
478 1336 511 1397 Si
534 1348 639 1398 autem
661 1335 722 1396 hoc
741 1331 1015 1405 contradixerint,
1038 1337 1074 1387 ut
1094 1325 1126 1386 in
1143 1323 1279 1405 Episco-

145 1421 182 1501 pi
206 1427 360 1499 potestate
393 1430 519 1480 maneat
542 1431 650 1479 utrum
676 1417 790 1478 casita
814 1417 987 1479 consistere
1011 1408 1190 1502 permittat,
1225 1413 1280 1464 aut

151 1500 320 1582 Reliquias
345 1502 460 1563 exinde
484 1503 614 1567 auferat.
656 1504 698 1562 Et
719 1500 773 1559 ubi
792 1501 831 1560 ad
852 1507 994 1559 nostrum
1010 1492 1203 1583 beneficium
1219 1489 1280 1548 Ec-

147 1583 266 1644 cleslae
286 1582 485 1664 pertinentes
511 1584 554 1642 ita
569 1585 687 1646 divisae
707 1583 858 1644 inventae
878 1578 1017 1654 fuerint,
1041 1586 1078 1638 ut
1097 1569 1280 1636 describan-

148 1673 222 1744 tur,
246 1675 278 1726 et
297 1664 389 1726 nobis
405 1667 620 1730 renuntietur.
663 1663 746 1727 Ibid.
763 1687 788 1724 c.
798 1685 826 1724 2.

447 1771 496 1830 De
518 1792 624 1831 manso
641 1768 685 1830 ad
699 1769 871 1829 Ecclesiam
892 1768 977 1829 dato.

233 1874 270 1938 C.
312 1879 360 1938 De
384 1899 447 1936 uno
476 1881 585 1937 manso
609 1875 648 1936 ad
672 1874 851 1936 Ecclesiam
876 1875 971 1949 dato,
1006 1871 1045 1932 de
1078 1893 1143 1953 quo
1175 1867 1277 1952 aliqui

148 1961 424 2020 hemines.contra
446 1968 560 2020 statuta
586 1959 646 2018 sibi
664 1957 828 2018 servitium
844 1957 985 2034 exigunt,
1008 1953 1196 2036 quicunque
1218 1972 1277 2033 pro

147 2043 319 2102 buccausa
340 2051 504 2103 accusatus
525 2041 642 2113 fuerit,
665 2042 778 2101 Comes
797 2039 849 2100 rel
876 2039 964 2101 Missi
989 2037 1051 2098 hoc
1082 2037 1170 2118 quod
1200 2035 1276 2094 inde

147 2125 347 2187 subtractum
367 2134 431 2202 est,
454 2123 653 2206 Presbyteris
678 2145 750 2184 curn
769 2129 827 2183 sua
850 2122 920 2206 lege
945 2121 1115 2183 restituere
1147 2119 1276 2182 faciant.

147 2205 235 2270 laid.
257 2227 282 2264 c.
303 2209 332 2282 4.

211 2314 259 2370 De
276 2313 324 2370 his
348 2313 401 2393 qui
418 2312 553 2372 decimas
577 2311 654 2372 dare
674 2312 806 2390 uolunt,
828 2313 891 2371 nisi
916 2311 935 2370 h
959 2332 991 2370 se
1009 2310 1214 2370 redimuntur.

233 2415 287 2478 Cl.
328 2420 376 2475 De
403 2417 533 2478 decimis
552 2439 629 2498 quas
647 2418 785 2500 populus
802 2418 876 2478 dare
892 2439 958 2477 non
977 2414 1066 2490 vult,
1090 2413 1276 2495 nisiquoli-

147 2502 203 2561 bet
224 2499 318 2559 modo
345 2500 439 2560 abeo
464 2500 680 2576 redimantur,
703 2500 741 2560 ab
773 2500 939 2582 Episcopis
966 2497 1204 2579 prohibendum
1230 2505 1278 2557 est

149 2604 191 2642 ne
210 2581 271 2640 fiat.
313 2583 354 2642 Et
370 2582 395 2642 si
412 2583 483 2663 quie
498 2592 699 2665 contemptor
717 2583 884 2645 inventus
897 2578 1019 2656 fuerit,
1042 2591 1074 2640 et
1099 2600 1158 2640 nec
1180 2577 1274 2658 Epis·

149 2686 267 2745 copam
283 2685 342 2723 nec
359 2665 516 2726 Comitem
535 2665 645 2727 audire
662 2664 819 2736 voluerit,
842 2666 868 2725 si
895 2674 1003 2725 noster
1029 2662 1125 2722 homo
1152 2659 1273 2738 suerit,

149 2747 188 2806 ad
220 2747 433 2826 praesentiam
463 2757 602 2808 nostram
633 2747 743 2808 venire
779 2748 998 2829 compellatur.
1041 2743 1167 2804 Caeteri
1196 2763 1274 2803 vero

148 2829 382 2906 distringantur
399 2838 434 2888 ut
449 2829 544 2891 inviti
559 2830 721 2892 Ecclesiae
739 2829 908 2891 restituant
923 2826 1010 2910 quod
1025 2826 1208 2887 voluntarie
1223 2823 1276 2886 da·

148 2931 183 2971 re
209 2910 432 2990 neglexerunt.
477 2911 558 2973 Ibid.
579 2935 604 2978 c.
618 2935 646 2993 7.
981 2955 983 2960 -

308 2994 357 3052 De
381 2995 506 3054 testibus
529 2993 574 3054 ad
595 3017 660 3055 rem
685 2996 853 3077 quamlibet
875 2991 1112 3053 discutiendam.
1159 3047 1162 3070 ,

231 3098 300 3158 Cll.
324 3100 365 3157 Ut
383 3099 641 3180 quandocunque
660 3110 756 3161 testes
772 3100 810 3159 ad
827 3121 894 3159 rem
906 3098 1081 3180 quamlibet
1099 3086 1274 3160 discutien·
1325 3109 1327 3116 ’

149 3183 220 3242 dum
239 3179 417 3260 quaerendi
440 3190 534 3261 atque
549 3181 690 3263 eligendi
703 3191 794 3258 sunt,
818 3182 947 3242 dMisso
971 3191 1078 3242 nostro
1102 3191 1132 3240 et
1152 3182 1275 3244 Comite

148 3263 181 3322 in
204 3263 297 3323 cuius
314 3261 491 3321 ministerio
509 3264 547 3322 de
566 3284 600 3323 re
616 3265 833 3346 qualicunque
854 3263 1012 3344 agendum
1034 3274 1100 3340 est,
1123 3265 1201 3326 tales
1218 3265 1275 3324 eli-

148 3355 263 3425 gantur
282 3344 392 3423 quales
406 3343 515 3422 optimi
533 3345 565 3402 in
594 3347 765 3430 ipsopago
793 3347 939 3408 invenire
969 3347 1101 3428 possint.
1143 3348 1184 3408 Et
1206 3369 1272 3408 nou

149 3427 245 3486 liceat
270 3425 482 3504 litigatoribus
508 3448 566 3507 per
587 3430 727 3508 praemia
748 3429 845 3489 falsos
867 3437 962 3489 testes
979 3429 1160 3506 adducere,
1189 3429 1272 3493 sicot

146 3508 303 3568 hactenus
328 3506 399 3566 fieri
421 3507 551 3571 solebat.
594 3509 698 3593 Supra
712 3511 780 3570 Lib.
805 3511 868 3570 III.
888 3533 913 3570 c.
936 3511 983 3592 78.

167 3613 215 3681 De
232 3633 325 3673 carisa
341 3613 421 3672 ebrii
442 3613 588 3684 horninis,
611 3615 697 3758 ethe
720 3618 785 3674 eius
806 3601 980 3678 testimonio
989 3661 1002 3689 ,
1026 3629 1055 3678 et
1075 3615 1115 3676 de
1131 3617 1251 3702 placitu

665 3700 780 3759 cerritis

231 3797 323 3861 Clll.
365 3803 408 3862 Ut
433 3802 541 3862 nullus
570 3803 675 3862 ebrius
707 3823 795 3864 suam
822 3826 948 3868 causam
977 3805 1007 3863 in
1046 3804 1143 3866 mallo
1173 3809 1272 3887 possit

147 3881 363 3962 conquirere,
395 3904 455 3946 nec
477 3883 700 3946 testimonium
721 3886 837 3949 dicere.
878 3890 943 3950 Nec
971 3886 1124 3971 placitum
1158 3893 1271 3952 Comes

145 3964 261 4024 haheat
272 4010 281 4042 ,
306 3965 367 4025 uisi
386 3965 523 4027 ieiunus.
565 3967 648 4028 Ibid.
662 3970 744 4035 0⁴38.

146 4069 195 4133 De
223 4072 281 4132 boc
308 4071 337 4128 si
356 4071 539 4148 Presbyteri
557 4088 695 4216 sangrum
715 4071 1023 4214 eigismoffdederint
1047 4075 1269 4160 adiliudicium

575 4177 610 4214 su
634 4170 742 4216 uerten
768 4177 829 4217 um.

229 4254 316 4326 CIV.
358 4260 400 4320 ut
414 4257 585 4347 Presbyter
601 4261 656 4346 qui
672 4273 815 4327 sanctum
829 4261 965 4326 chrisma
985 4263 1152 4329 donaverit
1168 4264 1208 4328 ad
1222 4263 1270 4328 iu·
