2926 4984
212 342 288 414 536
614 355 903 417 cntltutattwn

214 499 302 577 serit,
324 505 381 558 aut
398 497 423 559 ei
447 515 511 580 qna
525 495 650 561 duobus
669 499 821 561 fratribus
844 498 1007 581 nupserit,
1030 469 1180 560 seucum
1196 505 1286 581 patre
1308 493 1342 560 et

214 582 293 658 filio,
317 580 419 658 (tales
439 581 659 664 copulationes
676 581 954 658 anathematizari,
977 601 1038 641 nec
1054 601 1205 662 umquam
1222 581 1341 664 ampli-

139 685 141 690 ·
213 683 251 725 us
274 662 425 744 coniugio
443 663 607 744 copulari,
635 665 692 724 sed
710 665 768 724 sub
790 684 902 745 magna
928 663 1127 724 districtione
1146 663 1277 741 fierib).

214 770 264 830 De
285 788 361 830 cura
382 779 412 827 et
428 767 663 848 praedicatione
685 768 892 830 Sacerdotem
909 789 984 847 erga
998 769 1147 851 populum
1168 770 1231 829 sibi
1251 789 1341 829 corrr-

321 851 462 922 missum,
484 861 514 910 et
535 863 568 908 ut
580 849 783 931 facinorosos
806 864 899 912 extra
917 851 1090 910 Ecclesiam
1111 852 1233 910 eiciant.

298 953 448 1018 CLXIX.
489 957 533 1015 Ut
551 957 739 1018 Sacerdotes
757 957 869 1040 populi
889 956 950 1017 sibi
974 954 1133 1016 commissi
1149 977 1259 1015 curam
1278 955 1339 1015 ba-

212 1035 321 1116 beant,
342 1048 374 1098 et
400 1037 557 1098 instanter
574 1039 613 1098 de
638 1061 749 1100 corum
771 1041 948 1099 animarum
966 1039 1069 1100 salute
1084 1037 1284 1119 praedicent,
1308 1047 1339 1098 et

214 1130 251 1182 nt
272 1119 468 1181 facinorosos
487 1121 664 1181 secundum
683 1122 901 1205 evangelicam
918 1119 1151 1182 institutionem
1173 1129 1317 1202 arguant.

218 1223 261 1287 Ut
288 1226 473 1304 Presbyteri
495 1245 600 1286 omnes
623 1247 694 1287 suos
715 1229 869 1289 subiectos
897 1227 1070 1288 orationem
1096 1225 1287 1287 dominicam
1309 1240 1339 1288 et

605 1311 777 1385 symbolum
805 1309 946 1381 doceant.

296 1407 430 1475 CLXX.
471 1411 567 1489 Quod
579 1397 777 1496 Presbyteris
788 1414 1038 1495 praevidendum
1054 1410 1095 1472 sit
1108 1419 1144 1470 ut
1159 1410 1339 1493 omnesqui

215 1487 400 1552 Christiano
420 1494 548 1554 nomine
570 1506 759 1572 censentur,
782 1496 959 1556 orationem
978 1494 1171 1556 dominicam
1197 1504 1230 1556 et
1258 1515 1339 1576 sym·

213 1570 325 1635 bolum
342 1576 526 1636 memoriter
538 1585 672 1638 teneant
689 1587 721 1638 et
740 1578 942 1659 intellegant.

454 1682 572 1765 Quibus
594 1683 782 1765 temporibus
806 1681 1026 1766 baptizandum
1049 1683 1101 1748 sit.

297 1784 445 1849 CLXXI.
486 1790 529 1849 Ut
540 1787 731 1870 baptismum
752 1810 817 1850 non
834 1788 887 1847 fiat
908 1788 969 1848 nisi
989 1788 1114 1849 statutis
1128 1787 1337 1871 temporibus,

216 1867 326 1946 idest,
348 1869 469 1930 Pascha
489 1879 522 1930 et
535 1873 758 1946 Pentecosten,
783 1871 842 1932 nisi
860 1869 1025 1930 infirmitas
1047 1871 1275 1932 intercesserit.
1296 1872 1338 1931 Et

215 1960 252 2010 ut
274 1950 374 2010 aliubi
394 1971 458 2011 non
478 1950 668 2034 baptizetur,
685 1953 746 2014 nisi
762 1954 794 2012 in
813 1953 892 2015 vicis
911 1953 1061 2035 publicis,
1084 1952 1157 2031 nisi,
1179 1953 1263 2014 sicut
1277 1953 1340 2013 iam

216 2033 339 2094 dictum
364 2042 420 2108 est,
443 2033 483 2092 ob
506 2033 698 2097 infirmitatis
721 2058 855 2100 causam.

327 2137 422 2221 Quod
441 2139 561 2198 nullum
578 2143 716 2224 pretium
732 2163 792 2225 pro
815 2141 967 2224 baptismo
988 2141 1089 2223 accipi
1105 2139 1227 2207 debeat.

297 2241 464 2305 CLXXlI.
507 2246 549 2304 Ut
570 2267 664 2306 nemo
689 2245 949 2328 Presbyterorum
970 2267 1028 2326 pro
1055 2246 1211 2327 baptismo
1237 2246 1337 2328 preti·

215 2345 270 2385 um
290 2326 435 2408 accipere
450 2338 638 2407 praesumat.
668 2328 764 2406 Quod
781 2329 807 2388 si
825 2329 950 2406 fecerit,
970 2329 1049 2388 sciat
1065 2349 1098 2390 se
1115 2329 1270 2390 canonica
1285 2349 1337 2390 re-

215 2409 289 2491 gula
307 2429 374 2470 esse
394 2409 616 2471 damnandum.

213 2513 262 2572 De
278 2511 429 2584 decimis,
451 2526 485 2572 ut
492 2510 643 2596 fideliter
663 2515 846 2599 bfidelibus
862 2513 988 2584 dentur,
1003 2527 1033 2574 et
1047 2513 1194 2574 canonice
1209 2515 1229 2573 b
1245 2515 1336 2576 Pres-

604 2598 719 2673 byteris
749 2598 944 2660 diuiduntur.

295 2673 481 2738 CLXXllI.
523 2681 565 2740 Ut
589 2679 729 2740 decimae
755 2680 894 2741 fideliter
916 2687 1043 2738 sanctae
1069 2677 1232 2738 Ecclesiae
1258 2679 1333 2739 red-

213 2756 395 2901 ‘imbibit
418 2759 600 2845 Presbyteri
622 2762 799 2824 secundum
820 2761 1008 2822 canonicam
1028 2760 1173 2842 regulam
1196 2759 1335 2822 fideliter

213 2860 266 2899 eas
318 2862 359 2899 rvr
385 2850 449 2906 ant.

212 2943 260 3004 De
286 2945 503 3024 Presbyteris,
526 2959 560 3006 ut
587 2948 742 3008 seculares
762 2969 825 3009 nou
844 2959 1011 3010 exerceant
1027 2968 1137 3025 curas,
1159 2967 1259 3031 neque
1284 2951 1337 3008 Iu·

593 3029 678 3090 dices
704 3032 852 3090 uillarum
861 3032 959 3114 fiant.

291 3131 473 3200 CLXXIV.
515 3139 558 3196 Ut
571 3135 754 3218 Presbyteri
767 3158 858 3197 curas
868 3137 1028 3197 seculares
1043 3135 1227 3195 nullatenus
1241 3156 1335 3196 exer·

212 3224 317 3292 ceant,
331 3217 365 3276 id
383 3227 442 3294 est,
464 3228 499 3277 ut
519 3239 626 3298 neque
642 3219 768 3280 ludices
789 3238 894 3300 neque
918 3219 1054 3279 Maiores
1071 3218 1222 3280 villarum
1248 3218 1335 3279 fiant.

215 3315 257 3380 Ut
273 3322 307 3379 in
319 3321 418 3379 titulis
434 3323 543 3403 quibus
563 3318 744 3399 Presbyteri
759 3335 990 3399 consecrantur,
1009 3336 1079 3382 aute
1100 3345 1187 3382 suam
1202 3345 1334 3408 promo·

499 3407 614 3465 tionem
629 3405 830 3466 stabilitatem
844 3407 1041 3488 promittant.

296 3501 460 3566 CLXXV.
502 3511 545 3568 Ut
570 3509 751 3591 Presbyteri
771 3509 827 3590 qui
853 3510 885 3568 in
908 3508 1010 3569 titulis
1027 3518 1266 3584 consecrantur,
1290 3531 1337 3570 se·

211 3587 353 3647 cundum
368 3590 525 3663 Canones,
544 3601 714 3674 antequam
726 3591 928 3670 ordinentur,
949 3591 1194 3674 promissionem
1208 3589 1334 3652 stabili-

208 3669 282 3730 tatis
303 3670 367 3730 loci
387 3671 474 3732 illius
491 3671 619 3732 faciant.

433 3775 480 3835 Nc
492 3773 633 3857 feminac
653 3797 721 3837 cam
738 3777 935 3852 Presbyteris
954 3777 1102 3837 habitent.

290 3873 492 3942 CLXXV1.'
514 3885 555 3942 Ut
576 3881 758 3964 Presbyteri
783 3903 891 3943 secum
916 3881 1051 3944 feminas
1078 3883 1244 3946 licentiam
1267 3906 1333 3948 non

205 3956 344 4048 babeant
365 3963 543 4041 habitandi,
565 3973 597 4024 et
618 3973 655 4024 ut
669 3964 866 4047 suspiciones
887 3963 1050 4048 effugiant.

216 4078 547 4098 ..ιιι-..ιι--ι-ι-η

216 4131 268 4203 b>
286 4133 321 4189 al.
339 4151 385 4186 ms.
403 4154 454 4205 pro
473 4148 527 4188 tam
547 4138 746 4207 iniusracopu-
862 4137 912 4190 sed
941 4140 989 4193 sub
1024 4156 1125 4212 magna
1159 4139 1333 4200 districtione

276 4205 381 4256 latione
400 4204 477 4257 debet
500 4207 743 4289 anathematizari,
778 4243 781 4250 -
851 4205 952 4283 feriri.

207 4331 210 4338 ,
274 4288 323 4331 nec
337 4287 457 4348 ursariam
472 4278 587 4348 amptius
604 4279 742 4349 copulari,
