2948 4990
564 291 678 346 staua
715 287 869 362 saxeus.
1190 282 1259 354 671
1328 381 1331 386 ,

131 437 305 502 Ecclesiae
326 435 478 519 pecunias
500 433 670 511 auferunt,
699 452 813 514 resque
836 435 903 496 eius
922 433 1091 514 fraudant,
1121 439 1261 522 rapiunt,

134 531 282 596 vastant,
303 519 356 581 vel
385 517 564 599 diripiunt,
594 515 772 576 homicidae
794 525 866 577 anta
890 520 996 578 Deum
1016 539 1082 578 esse
1104 519 1270 604 deputam,

135 613 210 674 tur;
239 602 315 684 quia
335 623 387 662 res
401 621 588 682 pauperum,
614 620 694 680 quos
719 597 863 660 Ecclesia
887 619 1016 682 pascere
1040 601 1152 682 debet,
1182 606 1261 666 diri·

134 684 245 768 piunt.
287 683 420 766 Cupitul.
442 676 487 744 II.
509 704 536 746 a.
558 681 628 757 814.
648 701 673 746 c.
699 682 743 756 14.

163 789 207 854 Ut
230 787 358 875 capituli
371 807 473 870 poeno
491 785 662 845 nutrirentur
681 787 736 869 qui
756 784 932 865 sacrilegia,
955 785 1135 863 adulteria,'
1144 814 1240 876 prae-

148 869 150 875 *
345 869 502 941 dationes,
526 880 579 928 aut
599 865 830 928 devastationes
851 873 1058 939 exercuerint.

223 972 466 1038 CCCCXXXI.
508 972 575 1032 Sub
596 993 700 1054 poena
730 971 857 1054 capitali
880 974 1061 1058 sacrilegia,
1083 980 1265 1064 adulteria,

135 1059 380 1145 praedationes,
415 1054 668 1136 vastationesque
685 1055 718 1114 in
747 1077 847 1136 regno
875 1067 983 1118 nostro
1011 1059 1029 1118 el
1060 1063 1261 1142 quibuscun-

135 1165 203 1225 que
225 1142 294 1202 fieri
309 1137 525 1222 prohibemus,
547 1138 592 1196 ita
611 1147 647 1196 ut
664 1137 690 1198 si
716 1139 897 1199 voluntarie
919 1141 992 1222 quis
1015 1164 1055 1204 er
1080 1145 1133 1206 his
1160 1170 1263 1210 unum

135 1225 190 1286 vel
211 1223 336 1304 aliquid
357 1219 487 1296 fecerit,
523 1220 562 1279 de
591 1219 656 1278 vita
682 1229 871 1302 componat,
894 1231 926 1282 et
954 1244 1063 1286 omnes
1087 1249 1137 1290 res
1172 1233 1259 1311 eius,

136 1315 204 1367 tam
227 1304 361 1365 mobiles
386 1323 481 1382 quam
498 1311 529 1362 et
551 1301 745 1380 immobiles,
767 1303 843 1362 fiseo
869 1313 977 1364 nostro
996 1307 1183 1388 socientur,
1206 1317 1260 1376 vel

135 1387 302 1448 Ecclesiae
326 1385 418 1446 cuius
442 1405 494 1460 res
519 1385 698 1460 vastaverit,
712 1385 770 1446 “vel
792 1385 989 1463 alienaverit,
1011 1399 1067 1449 aut
1083 1393 1260 1473 abstulerit,

136 1471 315 1534 tradantur.
356 1465 529 1527 Maximum
550 1465 859 1548 enimsacrilegium
874 1477 921 1528 est
942 1470 1119 1536 oblationes
1134 1478 1260 1538 Fideli-

136 1573 203 1627 um,
226 1571 309 1631 quae
331 1557 407 1610 sunt
428 1569 479 1608 res
503 1547 736 1626 Ecclesiarum,
759 1549 908 1624 auferre,
937 1562 1076 1634 vastare,
1107 1559 1259 1638 alienare,

135 1632 303 1709 invadere,
325 1632 376 1692 vel
394 1629 526 1710 subripi,
566 1631 657 1706 Nam,
673 1641 709 1691 ut
727 1631 770 1690 ait
783 1652 870 1690 sacra
890 1633 1067 1716 Scriptura,
1090 1660 1196 1722 neque
1209 1664 1261 1702 sa-

138 1713 265 1796 crilegi,
287 1734 393 1795 neque
412 1711 561 1786 adulteri,
585 1719 692 1794 neque
716 1713 902 1794 praedones,
922 1718 975 1777 vel
998 1728 1180 1798 vastatores,
1202 1723 1260 1805 qui

135 1805 215 1858 sunt
239 1806 393 1878 raptores,
414 1815 550 1876 regnum
568 1796 630 1863 Dei
652 1793 870 1877 possidebunt.
910 1798 953 1858 Et
967 1799 993 1860 si
1015 1799 1048 1860 hi
1062 1803 1118 1881 qui
1132 1825 1183 1864 res
1198 1807 1274 1865 fra-'

135 1887 223 1940 trum
241 1878 408 1959 diripiunt,
430 1875 563 1956 dreguo
586 1877 646 1938 Dei
675 1877 772 1937 alieni
793 1877 883 1954 fiunt,
905 1881 983 1960 quid
1003 1904 1100 1964 super
1119 1883 1169 1946 his
1188 1887 1259 1950 fieri

133 1959 255 2043 putatis
269 1959 389 2041 quires
410 1959 480 2020 Deo
497 1958 614 2020 dicatas
633 1959 789 2042 diripiunt
805 1961 856 2020 vel
871 1963 1042 2026 auferunt?
1061 1965 1141 2026 Nam
1153 1990 1258 2049 quan-

135 2050 171 2102 to
194 2041 321 2123 gravius
343 2041 415 2124 quis
438 2041 471 2099 iu
495 2042 654 2125 praesenti
677 2041 786 2104 seculo
808 2052 939 2125 peceat,
966 2052 1055 2108 tauto
1074 2049 1199 2131 gravius
1223 2053 1257 2114 in

134 2122 266 2184 inferno
286 2122 500 2204 torquebitur.

136 2226 187 2288 De
207 2228 300 2300 ciris,
323 2228 463 2311 quadiu
483 2225 625 2287 castitate
646 2247 764 2288 uxores
792 2247 862 2290 suas
884 2229 1036 2312 diligere,
1070 2236 1193 2322 eisque,
1224 2255 1258 2302 ut

182 2313 246 2370 vasi
267 2305 451 2396 infirmiori,
475 2308 651 2370 custodiam
678 2321 710 2368 et
739 2313 890 2393 reliquam
919 2319 1132 2379 necessitatem
1158 2322 1216 2382 de-

545 2391 637 2452 beant
657 2393 845 2476 impendere.

219 2471 480 2536 CCCCXXXH.
523 2471 682 2534 Omnibus
714 2473 795 2535 scire
818 2475 963 2541 volumus
988 2480 1095 2562 quod,
1126 2483 1257 2549 iubente

133 2555 292 2634 Domino,
316 2554 377 2618 viri
409 2577 525 2617 aaxores
551 2576 620 2616 suas
650 2556 685 2615 iu
713 2557 855 2618 castitate
884 2560 1022 2624 debeant
1048 2564 1196 2647 diligere,
1226 2578 1258 2630 et

134 2639 181 2700 eis
204 2645 313 2720 utpote
340 2637 408 2698 vasi
430 2637 616 2714 infirmiori,
638 2635 793 2698 honorem
815 2649 847 2700 et
868 2644 1043 2703 custodiam
1060 2657 1153 2728 atque
1175 2671 1258 2708 cun-

133 2729 186 2780 cta
207 2739 288 2802 quae
307 2722 483 2780 necessaria
506 2729 597 2798 sunt,
627 2728 723 2802 prout
747 2721 886 2802 quisquc
906 2727 1057 2805 potuerit,
1077 2730 1256 2806 ministrare

133 2798 277 2862 fideliter
301 2799 438 2867 debebit.
481 2803 577 2879 Quod
595 2810 627 2863 ct
645 2822 713 2879 nos,
734 2802 790 2883 qui
818 2805 956 2866 Ministri
984 2809 1115 2870 Domini
1138 2835 1257 2893 sumus,

134 2889 196 2944 ne'c
217 2882 285 2944 sine
305 2904 398 2943 eausa
411 2883 472 2944 Dei
490 2884 631 2966 'gladium
647 2893 819 2966 portamus,
842 2887 1024 2972 episcopaliv
1045 2892 1078 2951 iu
1101 2894 1170 2957 vice
1189 2919 1258 2957 om-

134 2966 226 3025 nium
243 2964 476 3047 Episcoporum
501 2975 598 3048 atque
620 2965 721 3048 regali
739 2969 925 3031 auctoritate
944 2993 1004 3054 pro
1021 2973 1144 3039 viribus
1163 3001 1259 3041 cune-

134 3055 184 3109 tos
205 3066 298 3130 agere
319 3046 475 3115 iubemus.

296 3153 345 3213 De
366 3151 658 3237 conservandafldc
674 3149 757 3223 inter
777 3157 875 3217 virum
900 3171 930 3218 ct
951 3183 1092 3226 uxorem.

217 3255 496 3324 CCCCXXXlH.
538 3259 626 3320 Scire
639 3280 748 3320 omues
761 3261 919 3342 volumus,
942 3267 1026 3330 sicut
1053 3280 1085 3332 cl
1104 3278 1219 3360 saepiis
1241 3283 1258 3342 d

133 3338 265 3400 Domini
279 3339 445 3421 Episcopis
460 3351 492 3402 et
508 3341 643 3422 reliquis
660 3341 721 3402 Dei
741 3344 843 3405 servis
864 3348 1018 3410 admoniti
1038 3375 1157 3436 sumus,
1171 3364 1259 3442 qaod
1364 3383 1366 3387 ’

134 3422 197 3482 viri
213 3422 374 3482 uxoribus
395 3423 471 3499 suis,
494 3432 525 3484 et
546 3443 661 3484 uxores
689 3423 837 3486 similiter
856 3430 932 3490 viris
950 3434 1025 3511 suis,
1044 3442 1201 3504 veraciter
1219 3446 1259 3504 fi.

135 3504 208 3564 dem
230 3514 262 3564 ct
284 3504 492 3566 dilectionem
509 3527 637 3567 servare
660 3505 788 3582 debent,
813 3518 844 3568 et
867 3532 930 3571 nou
956 3513 988 3574 iu
1017 3517 1125 3600 aliquo
1147 3513 1259 3588 abhis

134 3583 309 3662 declinare,
332 3595 364 3645 et
383 3587 471 3668 quod
496 3608 561 3646 uon
584 3587 683 3648 liccat
701 3591 878 3672 coniugatis
899 3615 1004 3678 neque
1025 3603 1177 3682 pellicem
1200 3631 1259 3669 ne.

134 3688 197 3748 que
224 3667 437 3730 concubinam
457 3667 584 3729 habere.
1040 3693 1042 3696 ·
1223 3711 1226 3716 -

135 3773 181 3832 Ne
204 3773 319 3834 Clerici
339 3773 504 3834 cuiuslibet
523 3765 645 3835 ordinis
670 3776 690 3835 d
711 3775 900 3859 quibuslibet
928 3780 1033 3846 Laicis
1054 3785 1256 3868 iniurientur,

256 3855 310 3915 uel
329 3855 417 3938 apud
435 3857 515 3917 ulios
532 3877 624 3938 quam
645 3857 732 3942 apud
750 3859 924 3947 Epz'seopos
945 3885 1136 3936 accacsentur.

214 3954 489 4026 ccccxxxiv,
530 3963 574 4022 Ut
598 3983 703 4043 neque
728 3963 918 4050 Presbyter,
943 3994 1051 4055 neque
1082 3978 1259 4065 Diaconus,
1348 4035 1350 4042 .

136 4060 242 4120 neque
274 4041 515 4119 Subdiaconus,
550 4041 600 4104 'de'
620 4045 774 4108 Ecclesiis
803 4050 990 4133 trahantur,
1022 4067 1078 4117 aut
1106 4060 1258 4127 iniuriam

134 4123 293 4203 aliquam,
315 4144 427 4184 eorum
451 4123 553 4185 inscio
575 4125 755 4210 Episcopo,
784 4132 958 4211 patiantur,
1007 4139 1071 4202 Sed
1101 4144 1257 4230 quicquid

132 4203 204 4288 quis
229 4203 381 4286 adversus
399 4228 451 4270 eos
475 4206 640 4290 babuerit,
657 4209 690 4271 iu
714 4211 859 4274 notitiam
879 4216 1030 4304 Episcopi
1049 4227 1172 4311 proprii
1188 4253 1260 4314 pei.
