2926 4986
207 267 280 349 736
641 261 927 366 cauroauuuu

205 437 256 498 Dc
278 436 327 496 tis
348 435 405 520 qui
419 436 695 582 percolumnionp
727 437 902 535 Ecclesiam
933 451 986 500 out
1020 437 1175 500 clericum
1199 434 1342 519 fatigare

595 555 597 562 v
689 533 878 587 entovercnt.

292 620 472 688 CCLXXI.
515 625 550 688 si
562 627 704 710 quisper
718 626 910 688 calumniam
919 623 1098 688 Ecclesiam
1113 621 1341 685 autClericum

204 704 262 770 fati
287 727 341 766 are
356 709 546 786 tentaverit,
567 719 599 770 et
617 709 787 771 convictas
805 710 915 786 fuerit,
939 710 1104 770 Ecclesiae
1120 706 1287 770 liminibus
1309 713 1342 765 ct

205 727 448 852 Catiolicorum
463 791 703 870 communione,
722 792 785 854 nisi
801 792 897 874 digne
913 791 1124 874 poenituerit,
1142 799 1298 855 arceatur.

207 895 251 958 Ut
261 895 419 956 Laicinon
429 895 685 957 ordinenturnisi
697 895 1036 980 religioneprocmissa.
1049 895 1340 957 Etutmonastcriis

367 978 543 1062 puellarum
553 981 705 1063 probatae
715 983 799 1040 vitoe
816 981 957 1039 homines
964 978 1195 1064 praefiguntur.

288 1082 484 1146 CCLXXII.
525 1085 745 1169 Praecipimus
771 1106 811 1146 ne
827 1083 954 1161 Laicus,
976 1085 1038 1145 nisi
1062 1083 1221 1165 religione
1244 1105 1341 1164 prae-

203 1163 309 1244 missa,
324 1165 472 1228 Clericus
489 1165 552 1228 fiat.
594 1167 632 1228 lu
648 1167 878 1230 monasterium
896 1189 975 1230 vero
997 1169 1188 1249 puellarum·
1209 1166 1340 1226 nonnisi

203 1250 355 1334 probatae
372 1249 456 1311 vitae
476 1259 509 1310 et
524 1251 634 1312 aetatis
649 1260 819 1334 provectae
839 1249 882 1334 ad
901 1270 1112 1331 quascunque
1139 1268 1249 1310 earum
1278 1271 1338 1308 ne·

203 1333 367 1394 cessitates
379 1332 432 1392 vel
454 1331 705 1395 ministrationes
728 1332 955 1416 permittantur
976 1327 1107 1396 intrare.
1149 1329 1201 1391 Ad
1218 1331 1339 1392 facien·

203 1416 258 1478 das
277 1436 355 1478 vcro
374 1413 484 1476 Missas
511 1415 631 1476 Clerici
659 1416 717 1498 qui
745 1415 881 1498 ingrcssi
908 1415 1049 1492 fuerint,
1075 1414 1181 1493 statim
1206 1425 1337 1495 peracto

202 1497 384 1574 ministerio
410 1497 538 1580 regredi
566 1499 731 1559 festinent.
772 1499 876 1558 Aliter
893 1507 1001 1558 autem
1021 1519 1082 1557 nec
1104 1494 1255 1556 Clericus
1277 1517 1338 1557 nec

202 1579 383 1642 Monachus
400 1579 525 1642 iuvenis
541 1581 646 1642 ullum
666 1582 707 1648 ad
725 1582 907 1662 puellarum
923 1571 1213 1662 congregationem
1222 1579 1339 1642 habeat

202 1661 376 1804 apicessum,
394 1659 455 1723 nisi
474 1662 536 1724 hoc
555 1672 688 1747 paterna
703 1673 758 1724 aut
776 1681 926 1746 germana
955 1657 1158 1726 necessitudo
1184 1663 1340 1746 probetur

203 1765 223 1804 a
247 1743 385 1804 mittere.

202 1851 252 1912 De
274 1851 323 1912 iris
344 1847 399 1934 qui
419 1847 651 1912 districtionem
684 1851 916 1938 Episcoporum
946 1851 1032 1912 circo
1066 1871 1099 1911 se
1132 1844 1337 1912 austeriorem

487 1938 684 2015 putaverint,
716 1933 796 2018 quid
815 1932 968 2015 agendum
989 1935 1039 1994 sit.
1115 1960 1118 1966 ¹

207 2079 209 2087 ι
286 2035 498 2103 CCLXXIH.
541 2040 576 2100 si
594 2041 667 2121 quis
691 2041 892 2120 Clericorum
916 2039 1002 2100 circa
1029 2061 1063 2100 se
1083 2049 1139 2102 aut
1160 2039 1333 2101 districtio·

203 2130 344 2184 nemant
364 2121 624 2182 retractationem
644 2123 796 2205 Episcopi
816 2123 864 2184 sui
884 2131 977 2205 putat
990 2121 1151 2202 iniustam,
1172 2123 1261 2186 iuxta
1278 2143 1336 2182 an-

200 2203 308 2287 tiquas
319 2202 573 2304 Constitutiones
593 2216 739 2266 recurrat
753 2206 793 2266 ad
807 2207 975 2288 synodum.

201 2337 251 2399 De
265 2333 499 2417 conspiratione
522 2331 720 2394 Clericorum
739 2333 799 2394 uel
817 2334 1059 2412 Monachorum,
1082 2347 1136 2395 aut
1155 2333 1334 2396 Laicorum.

204 2454 206 2460 '
287 2437 498 2504 CCL'XXIV.
541 2439 574 2499 Si
598 2434 899 2521 quisClericorum,
918 2440 1000 2502 utin
1021 2441 1237 2518 multislocis,
1256 2439 1337 2500 Dia-

201 2525 278 2587 bolo
297 2522 483 2604 instigante,
506 2531 612 2582 actn'm
632 2521 730 2582 fuisse
748 2522 925 2604 perpatuit,¹
945 2523 1061 2584 rebelli
1085 2523 1271 2584 auctoritate
1299 2543 1333 2582 se

201 2609 237 2669 in
251 2628 355 2668 unum
369 2605 592 2672 coniuratione
623 2604 845 2667 intercedente
869 2605 1073 2688 collegerint,
1095 2616 1127 2667 et
1155 2615 1210 2666 aut
1234 2627 1335 2667 sacra-

199 2699 308 2753 menta
333 2688 419 2748 inter
441 2709 474 2750 se
504 2689 577 2749 data
598 2697 654 2747 aut
677 2687 855 2762 chartulam
875 2689 1088 2771 conscriptam
1103 2689 1213 2750 “fuisse
1244 2697 1335 2771 patu-

200 2771 275 2851 erit,
291 2771 390 2832 nullis
412 2769 673 2832 excusationibus
691 2770 770 2831 haec
786 2772 1003 2853 praesumptio
1020 2770 1256 2855 praevellatur;
1277 2767 1334 2831 sed

198 2877 251 2918 res
265 2855 407 2934 detecta,
434 2875 509 2914 cnm
530 2853 564 2912 in
582 2852 740 2935 synodum
761 2863 896 2919 ventum
912 2855 1024 2932 fuerit,
1054 2853 1088 2913 in
1110 2863 1332 2936 praesumpto·

113 2999 115 3005 s
198 2937 288 3002 ribus
307 2936 397 2996 iuxta
414 2957 624 3019 personarum
640 2943 672 2994 et
694 2935 845 2996 ordinum
869 2937 1056 3017 qualitatem
1079 2937 1096 2996 a
1121 2933 1333 2998 Pontificibus

200 3021 258 3102 qui
272 3030 350 3082 tunc
365 3018 399 3077 in
419 3040 521 3078 unum
537 3018 667 3080 collecti
682 3018 815 3095 fuerint,
831 3017 1030 3090 vindicatum
1054 3018 1131 3102 quia
1149 3019 1232 3080 sicut
1249 3017 1333 3080 cari-

126 3126 128 3132 ·
197 3113 245 3164 tas
267 3125 307 3163 ex
323 3101 502 3183 praeceptis
518 3099 698 3177 dominicis,
721 3101 829 3177 corde,
849 3121 914 3161 non
936 3101 1099 3163 chartulae
1121 3101 1334 3184 conscriptio-

198 3206 240 3246 ne
259 3185 312 3244 vel
328 3182 564 3262 coniuratione,
588 3194 635 3244 est
653 3183 847 3260 exhibenda,
873 3183 918 3242 ita
933 3183 1022 3266 quod
1040 3207 1136 3267 supra
1154 3205 1257 3246 sacras
1276 3183 1334 3243 ad-

197 3267 337 3328 mittitur
360 3265 545 3348 scripturus,
577 3265 766 3329 auctoritate
799 3274 831 3327 et
850 3253 1059 3328 *districtione
1085 3265 1263 3350 pontificali
1286 3273 1338 3328 est

198 3349 454 3431 reprimendum.

196 3459 247 3519 De
269 3457 317 3516 tis
339 3455 394 3536 qui
414 3473 464 3515 res
484 3451 646 3514 Ecclesiae
677 3449 814 3512 traditos
842 3450 995 3514 invadunt
1021 3453 1076 3514 arel
1110 3465 1250 3532 instant,
1278 3465 1337 3516 out

198 3541 314 3620 absque
332 3539 459 3621 proprii
478 3536 632 3620 Episcopi
652 3555 804 3596 consenso
824 3537 994 3620 accipiunt,
1011 3535 1092 3618 quid
1110 3537 1267 3616 agendum
1280 3537 1335 3603 sit.

282 3641 477 3708 CCLXXV.
520 3643 553 3703 Si
569 3641 641 3723 quis
665 3663 716 3702 res
731 3641 896 3703 Ecclesiae
913 3641 1033 3704 debitas
1055 3642 1107 3704 vel
1126 3643 1334 3726 propriasSa-

196 3728 338 3794 cerdotis
351 3725 532 3787 horrendae
549 3724 732 3805 cupiditatis
746 3723 903 3786 instinctu
915 3725 1131 3808 occupaverit,
1146 3727 1331 3804 retinuerit,

196 3813 282 3874 autel
299 3818 453 3894 potestate
471 3829 511 3870 ex
528 3806 756 3889 competitione
771 3806 963 3889 perceperit,
981 3807 1008 3874 si
1025 3830 1077 3870 eas
1094 3829 1159 3870 uon
1170 3804 1332 3885 restituat,

196 3894 297 3957 nullis
312 3915 345 3954 se
372 3891 469 3953 rebus
500 3899 642 3952 excuset.
686 3890 783 3967 Quod
815 3890 841 3950 si
874 3890 982 3971 agnito
1009 3889 1081 3952 iure
1110 3891 1332 3956 ecclesiastico

196 4001 263 4040 non
285 3974 392 4036 statim
411 3973 574 4034 Ecclesiae
602 3973 653 4034 vel
669 3972 834 4034 Sacerdoti
852 3974 1085 4050 reformaverit,
1105 3985 1160 4034 aut
1173 3983 1209 4034 ut
1225 3974 1333 4056 ipsum

195 4062 246 4122 ius
261 4075 434 4142 agnoscere
450 4055 560 4139 possit,
585 4054 619 4114 in
639 4053 796 4116 iudicium
813 4054 991 4128 electorum
1017 4055 1131 4118 venire
1155 4056 1334 4136 distulerit,

195 4144 318 4205 tamdiu
334 4141 353 4200 a
372 4137 599 4199 communione
620 4135 835 4200 ecclesiastica
857 4138 1079 4220 suspendatur,
1104 4139 1260 4220 quandiu,
1275 4161 1335 4202 re-

194 4225 314 4290 stitutis
336 4222 445 4301 rebus,
465 4229 529 4284 tam
543 4219 723 4282 Ecclesiam
738 4241 836 4303 quam
849 4219 1055 4290 Sacerdotem
1069 4221 1183 4285 reddat
1195 4220 1334 4302 ⁴indem-
