2910 4986
503 351 618 422 ansa
652 355 867 420 secaneos.
1170 325 1243 404 437

119 494 184 566 non
195 489 473 587 condemnaripr'o
486 511 593 564 nostra
604 510 635 565 et
651 511 756 564 vestra
773 493 985 581 neglegentia,
998 491 1055 554 sod
1069 489 1175 584 potios
1187 509 1246 572 pro
1305 525 1309 533 .

118 595 331 666 utrorumque
349 585 435 646 bono
454 586 562 646 studio
591 583 789 646 remunerari
814 598 1001 641 mereamur.
1042 577 1084 653 Et
1107 572 1247 668 ubicun-

116 691 179 750 que
197 688 259 749 per
278 667 515 749 neglegentiam
528 667 657 728 Abbatis
679 664 942 736 autAbhatissae,
963 658 1014 718 vel
1029 655 1160 750 Comitis
1179 673 1247 715 ⁸¹V⁰

117 751 214 812 Vassi'
233 750 346 827 nostri,
364 759 419 809 aut
433 749 606 818 cuiuslibet
623 769 791 831 personae,
816 743 939 826 aliquid
959 739 1049 802 nobis
1076 736 1247 832 difficalta-

118 833 159 892 tis
170 833 203 891 in
215 831 282 892 hoe
298 831 492 912 apparuerit,
512 842 637 892 nostrae
653 827 869 891 dinoscentiae
884 825 917 885 id
931 825 971 885 ad
984 831 1110 903 ternpus
1121 841 1248 878 1ns1nu·

119 936 173 974 are
190 935 257 974 non
277 913 444 984 differatis3
468 923 504 973 ut
525 924 634 974 nostro
651 911 772 972 auxilio
788 906 929 982 suffulti,
951 905 1038 986 quod
1051 911 1156 964 vestra
1174 921 1249 995 auc·

118 995 230 1056 toritas
256 995 402 1075 exposcit
416 996 613 1071 famulante,
635 1005 677 1056 ut
688 995 780 1055 decet
788 1038 801 1066 ,
822 998 978 1076 potestate
998 994 1106 1047 nostra
1120 983 1248 1044 facilius

119 1077 277 1161 perlicere
298 1075 438 1136 valeatis.
480 1075 566 1138 leid.
579 1077 640 1156 od.

116 1181 170 1247 ¹De
185 1183 401 1242 admonitione
425 1185 550 1246 Domni
563 1184 768 1266 Imperatoris
790 1181 834 1240 ad
848 1178 1022 1265 Episcopus
1039 1173 1078 1235 ale
1095 1170 1249 1235 Sacerdo-

168 1309 173 1316 .
219 1265 300 1325 tibus
322 1263 365 1323 ad
383 1285 492 1324 eornm
513 1257 625 1332 caram*
635 1265 863 1348 permanentibus
874 1307 885 1334 ,
917 1274 947 1322 et
967 1260 1006 1319 de
1025 1258 1150 1322 scholis.

201 1368 243 1432 V.
283 1370 332 1427 De
354 1368 579 1434 Sacerdotibus
599 1389 673 1430 nero
697 1367 737 1428 ad
763 1377 900 1428 vestram
920 1385 1028 1432 curam
1054 1360 1259 1446 pertinenti·'
1316 1347 1321 1369 ⁵

117 1451 179 1512 bus
201 1471 350 1532 magnum
372 1449 520 1512 adhihete
544 1449 696 1526 studium,
718 1459 756 1509 ut
768 1449 908 1531 qualiter
925 1447 1033 1507 vivere
1048 1445 1198 1522 debeant,
1217 1450 1250 1504 et

117 1533 282 1616 quomodo
295 1532 423 1613 populis
439 1532 478 1591 ad
490 1554 577 1592 suam
594 1532 749 1612 portionis
763 1553 870 1592 curam
888 1527 1123 1612 pertinentibus
1140 1547 1249 1587 exem-

117 1618 176 1698 plo
193 1624 227 1675 et
243 1615 342 1674 verbo
363 1613 502 1696 prosint,
526 1615 645 1676 {anobis
670 1637 742 1675 oum
762 1621 875 1696 mag-na
894 1633 970 1674 cura
997 1611 1195 1671 edoceantur
1216 1615 1249 1668 et

103 1698 371 1772 admoneantur,
394 1705 425 1755 et
445 1705 481 1755 ut
496 1696 529 1755 id
546 1696 652 1757 facere
671 1697 819 1762 studeant
836 1703 940 1755 vestra
968 1691 1144 1776 pontificali
1171 1711 1250 1750 auc-

121 1779 248 1838 toritate
277 1777 545 1858 constringantur,
585 1778 754 1859 Quidquid
777 1788 882 1838 autem
914 1778 947 1835 in
978 1775 1044 1835 illis
1076 1774 1094 1833 d
1121 1772 1250 1855 populis

123 1861 207 1921 iuste
228 1859 500 1941 reprehenditur,
523 1861 555 1918 in
574 1862 721 1944 exemplo
738 1861 886 1942 propriae
911 1855 1162 1921 conversationis
1175 1877 1250 1926 ¹ves·

122 1949 173 2002 tra
198 1941 402 2025 providentia
434 1943 594 2022 corrigere
623 1964 688 2001 non
719 1944 875 2024 neglegat.
916 1943 962 2001 Ne
986 1961 1062 2020 vero
1085 1938 1250 1998 Ecclesiae

122 2024 189 2084 illis
219 2024 406 2102 commissae
433 2024 466 2081 iu
494 2024 726 2084 restauratione
753 2034 806 2084 aut
837 2025 870 2083 in
895 2022 1126 2096 luminaribus,
1161 2021 1252 2080 iuxta

120 2107 365 2188 possibilitatem
384 2127 510 2182 rerum,
535 2105 657 2166 abillis
678 2108 891 2187 neglegantur
915 2115 1020 2166 vestra
1039 2103 1255 2164 nihilominus·

122 2190 292 2270 invigilare
313 2187 407 2248 debet
423 2188 561 2248 solertia.
602 2190 645 2248 Et
664 2188 747 2248 sieut
759 2189 837 2249 alios
850 2186 1027 2270 prohibetis
1049 2209 1089 2246 ne
1111 2187 1150 2247 de
1164 2206 1251 2246 man·

121 2272 162 2333 sis
182 2273 223 2331 ad
238 2269 402 2330 Ecclesiae
420 2269 591 2328 luminaria
609 2271 691 2330 datis
719 2271 842 2352 aliquid
872 2269 1049 2350 acoipiant,
1071 2269 1117 2330 sio
1145 2278 1177 2329 et
1195 2287 1251 2327 vos

119 2363 156 2413 et
183 2353 283 2415 vestri
316 2351 542 2412 Archidiaconi
569 2351 608 2412 de
635 2352 753 2418 eisdem
783 2353 905 2413 mansis
927 2351 1009 2410 nihil
1043 2350 1251 2432 accipiendo,

122 2435 192 2495 aliis
210 2433 395 2515 exemplum
408 2433 608 2514 praebeatis;
628 2434 684 2494 sed
702 2436 811 2518 potius
832 2435 924 2495 adid
949 2433 1036 2514 quod
1066 2434 1137 2495 data
1157 2440 1251 2507 sunt,

119 2517 241 2582 servire
263 2516 499 2585 concedantur3
523 2524 558 2575 ut
573 2524 692 2589 totum,
716 2517 799 2582 siout
816 2515 937 2586 dictum
956 2514 1020 2591 est,
1043 2514 1076 2574 in
1098 2524 1253 2577 restaura-

120 2600 208 2658 tione
229 2597 447 2658 Ecclesiarurn
470 2605 502 2656 et
523 2598 734 2660 luminaribus
747 2609 860 2663 vestra,
875 2599 1062 2668 auctoritate
1093 2607 1126 2658 et
1145 2595 1251 2658 studio

118 2681 235 2740 cedere
257 2679 381 2760 possit(
406 2679 542 2740 Scholae
566 2701 640 2741 sane
664 2681 703 2741 ad
733 2681 816 2747 filios
845 2690 879 2746 et
902 2679 1064 2744 ministros
1086 2677 1251 2740 Ecclesiae

118 2762 325 2828 instruendos
344 2760 397 2821 vel
414 2761 605 2838 edocendos,
619 2762 702 2823 sieut
726 2763 818 2824 nohis
842 2762 1014 2844 praeterito
1042 2759 1252 2842 tempore‘ad

119 2843 317 2904 Attiniacum
334 2843 524 2924 promisistis
546 2853 576 2903 et
597 2845 686 2906 vohis
701 2844 919 2920 iniunximus,
943 2844 976 2901 in
993 2845 1144 2925 congruis
1160 2841 1251 2918 locis,

120 2925 177 2984 uhi
193 2925 334 2988 necdum
351 2926 529 3006 perlectum
549 2936 614 3002 est,
636 2928 676 2987 ad
691 2928 866 2987 multorum
882 2925 1054 2986 utilitatem
1069 2936 1106 2992 et,
1121 2927 1249 3010 profec-

122 3015 191 3076 tum
206 3007 224 3065 a
240 3006 329 3068 vobis
351 3007 491 3076 ordinari
508 3029 573 3068 non
592 3005 813 3092 negleg‘antur.
852 3007 938 3072 Ibid.
953 3029 979 3068 c.
994 3007 1023 3071 5.

161 3121 211 3180 De
241 3120 454 3181 admonitione
488 3121 533 3186 ad
561 3121 694 3182 Comites
726 3145 786 3206 pro
824 3124 958 3188 utilitate
991 3136 1116 3186 sanctae
1148 3123 1212 3185 Dei

608 3203 778 3264 Ecclesiae.
1052 3210 1054 3215 ’

203 3283 268 3349 Vl.¹
306 3283 406 3346 Vobis
427 3305 503 3344 vero
524 3285 702 3346 Comitibus
733 3288 884 3365 dicimus,
916 3309 1038 3370 vosque
1065 3293 1250 3368 commone·
1319 3329 1321 3332 -

119 3379 210 3443 mus,
235 3365 311 3448 quia
330 3367 372 3426 ad
387 3375 527 3426 vestrum
551 3367 770 3440 ministerium
781 3371 916 3437 maxime
930 3372 1087 3454 pertinet,
1109 3382 1145 3432 ut
1160 3394 1252 3434 reve·

122 3449 260 3508 rentiam
276 3457 308 3508 et
324 3448 480 3508 honorem
498 3461 623 3510 sanctae
642 3451 703 3510 Dei
721 3451 885 3518 Ecclesiae
905 3454 1098 3532 exhiheatis,
1121 3465 1152 3515 et
1177 3477 1251 3516 cum

121 3531 289 3613 Episcopis
310 3529 423 3590 vestris
442 3533 647 3592 concorditer
662 3533 790 3612 viantis,
814 3545 846 3595 et
861 3537 906 3596 ei's
925 3535 1119 3598 adiutorium
1137 3538 1176 3598 ad
1195 3560 1251 3598 su-

122 3634 176 3671 um
194 3609 408 3694 ministerium
423 3615 642 3695 peragendum
656 3616 831 3694 praebeatis
843 3625 855 3694 ,'
875 3628 906 3678 et
929 3629 965 3678 ut
984 3642 1039 3680 vos
1056 3620 1116 3702 ipsi
1136 3619 1170 3678 in
1187 3619 1249 3677 mi-

122 3695 264 3762 nisteriis
277 3694 390 3755 uestris
403 3715 515 3775 pacem
535 3705 566 3756 et
579 3695 733 3760 iustitiam
746 3699 886 3776 faciatis,
911 3710 942 3760 et
957 3723 1039 3780 quae
1055 3711 1161 3762 nostra
1179 3723 1252 3761 auc-

115 3778 238 3843 toritas
263 3774 393 3857 puhlice
420 3776 489 3838 [ieri
514 3777 675 3850 decernit,
698 3779 730 3838 in
759 3782 872 3842 nestris
901 3783 1088 3843 ministeriis
1110 3783 1250 3843 studiose

119 3859 276 3938 perficere
289 3858 450 3924 studeatis.
491 3860 633 3924 Proinde
656 3881 822 3924 monemus
842 3875 978 3924 vestram
1005 3864 1193 3924 fidelitatem
1215 3872 1252 3926 ut

121 3961 277 4002 memores
309 3939 378 4008 sitis
397 3938 480 4016 ‘fidei
505 3942 597 4002 nobis
623 3943 823 4026 promissae,
840 3955 871 4006 et
898 3947 932 4005 in
963 3955 1052 4027 parte
1079 3945 1251 4007 ministerii
1285 3973 1286 3976 ¹

121 4024 221 4083 nostri
240 4021 330 4084 vobis
355 4023 529 4100 commissi,
552 4024 585 4084 i'n
612 4046 690 4111 pace
724 4026 850 4086 scilicet
877 4031 909 4087 et'
931 4027 1053 4087 iustitia
1081 4026 1249 4098 facienda,

121 4105 327 4186 vosmetipsos
343 4125 448 4163 coram
467 4107 537 4165 Deo
561 4116 592 4167 et
607 4128 713 4166 coram
741 4107 924 4170 hominibus
952 4111 1031 4170 tales
1055 4107 1253 4186 exhiheatis,

121 4194 158 4243 ut
171 4196 203 4246 ot
226 4185 325 4246 nostri
343 4186 410 4246 veri
430 4187 590 4260 adiutores
605 4198 636 4249 et
649 4190 761 4271 populi
777 4201 1016 4253 conservatores
1035 4187 1116 4252 iuste
1133 4190 1197 4251 dici
1218 4200 1251 4254 et

120 4269 228 4330 vocari
246 4265 383 4351 possitis.
422 4269 469 4360 Et·
482 4269 573 4331 nulla
602 4271 765 4354 quaelihet
785 4293 879 4337 causa
890 4320 901 4354 ,
920 4283 978 4338 aut
998 4271 1172 4340 *muneram
1195 4295 1251 4336 aa·
