2926 4984
497 335 610 391 steen
647 321 821 400 anianus.
1161 321 1234 398 tib

327 478 375 538 De
395 475 511 560 puellis
529 479 629 562 raptis
650 477 783 538 necdum
800 476 1006 560 desponsatis.

152 581 329 644 '‘CCXXIV.
349 585 398 643 De
410 582 646 664 puellisraptis,
664 583 800 643 necdum
814 584 1022 665 desponsatis,
1042 582 1074 642 in
1087 583 1236 650 Concilio
1255 634 1257 638 ·

110 665 386 740 Chalcedonensi,
409 663 463 723 ubi
479 686 587 726 ncxxx.
608 667 720 726 Patres
741 666 926 741 adfuerunt,
949 666 1091 748 capitulo
1108 689 1239 739 xxxviii.

110 747 148 806 ita
167 747 321 806 habetur:
343 746 407 806 Eos
428 746 482 828 quii
506 747 634 828 rapiunt
649 747 772 828 paullus
800 747 855 806 sub
880 751 1003 826 leontiae
1026 748 1121 806 simul
1143 751 1237 810 babi-

110 827 214 899 tandi,
239 829 441 910 cooperantes
464 841 493 886 et
515 830 713 888 conhibentes
747 829 927 912 raptoribus
957 828 1095 888 decreuit
1128 846 1238 894 sancta

88 907 272 984 synodus,
297 909 451 992 siquidem
466 911 581 968 Clerici
601 923 696 978 sunt,
720 909 868 969 decidant
888 909 989 986 gradu
1007 915 1150 992 proprio.
1199 913 1238 976 St

108 1013 180 1050 uero
202 993 295 1069 laici,
316 993 623 1050 anathematizentur.
667 993 794 1069 Quibus
813 991 920 1053 verbis
940 1003 1048 1072 aperte
1070 993 1165 1068 datur
1183 995 1237 1054 in·

107 1073 212 1154 tellegi
233 1073 379 1154 qualiter
399 1072 493 1132 liuius
514 1073 588 1132 mali
609 1083 755 1134 auctores
784 1074 954 1134 damnandi
980 1083 1071 1150 sunt,
1105 1079 1236 1156 quando

106 1154 273 1235 participes
294 1165 327 1214 et
347 1155 558 1214 conhibentes
572 1165 661 1216 tanto
686 1155 886 1216 aiiatliemate
903 1157 1076 1232 feriuntur,
1098 1166 1130 1217 et
1147 1157 1236 1240 quod

107 1235 189 1294 iuxta
211 1236 402 1297 canonicam
428 1238 650 1298 auctoritatem
671 1239 710 1296 ad
729 1239 877 1316 coniugia
896 1237 1039 1319 legitima
1065 1249 1169 1322 raptas
1190 1241 1236 1303 si-

104 1315 135 1376 bi
148 1316 216 1379 iure
234 1319 399 1380 vindicare
421 1317 608 1379 nullatenus
629 1319 762 1400 possint.
805 1320 887 1380 Ibid.
902 1342 928 1383 c.
943 1321 993 1402 98.

290 1426 339 1485 De
364 1425 558 1509 desponsatis
575 1425 702 1508 puellis,
724 1437 754 1484 et
776 1427 814 1486 ab
837 1426 908 1484 aliis
929 1427 1036 1508 raptis.

151 1555 153 1559 ·
183 1527 352 1590 CCXXV.
394 1533 442 1590 De
459 1530 656 1610 desponsatis
677 1530 796 1610 puellis
816 1541 847 1592 et
867 1531 906 1589 ab
925 1530 994 1590 aliis
1014 1532 1112 1614 raptis
1137 1535 1178 1596 ita
1198 1536 1232 1603 in

105 1611 246 1671 Concilio
270 1613 467 1695 Ancyruno,
503 1612 642 1690 capitulo
665 1611 808 1687 decimo,
838 1613 973 1692 legitur:
1024 1616 1235 1698 Desponsatas

102 1693 240 1775 puellas,
273 1706 434 1778 et‘postea
455 1696 492 1755 ab
515 1697 587 1754 aliis
609 1706 735 1775 raptas,
766 1696 888 1776 placuit
910 1697 979 1753 erui
1008 1709 1038 1756 et
1064 1701 1109 1757 eis
1139 1702 1235 1762 reddi

106 1775 211 1854 quibus
234 1776 456 1855 antesuerant
478 1775 701 1860 desponsatae,
736 1778 859 1836 etiarnsi
880 1777 965 1835 cisa
987 1782 1166 1861 raptoribus
1189 1785 1234 1842 uis

105 1855 196 1914 inlata
217 1860 405 1920 constiterit.
447 1859 589 1919 Proinde
609 1867 760 1917 statutum
784 1868 831 1918 est
863 1881 880 1916 a
903 1879 991 1919 sacro
1012 1875 1176 1924 conventu
1198 1873 1236 1928 nt

104 1948 208 2016 raptor
226 1942 360 2021 publica
380 1941 580 2022 poenitentia
602 1941 766 1999 multetur.
807 1940 924 2020 Raptae
946 1963 1033 2019 vero,
1055 1945 1081 2004 si
1097 1967 1233 2026 sponsus
1282 1979 1286 1990 ·

104 2039 168 2078 eam
188 2023 336 2105 recipere
360 2024 521 2099 noluerit,
553 2033 586 2083 et
606 2023 673 2103 ipsa
695 2019 837 2102 ejusdem
860 2021 1003 2084 oriminis
1027 2025 1259 2090 consentiens·

106 2117 165 2158 non
187 2103 269 2182 fuit,
295 2105 427 2165 licentia
450 2104 594 2166 nubendi
617 2103 672 2162 alii
696 2126 760 2164 non
785 2115 930 2185 negetur.
973 2108 1069 2184 Quod
1090 2109 1116 2168 si
1131 2108 1234 2172 etttta

104 2187 277 2265 consensit,
314 2188 412 2249 simili
441 2187 619 2248 sententiae
651 2183 818 2267 subjaceat.
869 2188 965 2263 Quod
998 2190 1025 2250 si
1052 2201 1125 2270 post
1152 2189 1233 2262 litteo

104 2261 228 2348 iungere
249 2271 533 2352 praesumpserint,
545 2269 672 2348 utrique
696 2268 1011 2337 anathematizentur.
1032 2273 1118 2340 Ibid.
1136 2295 1162 2340 c.
1177 2296 1230 2358 99.

251 2377 302 2434 De
323 2377 372 2434 bis
391 2375 639 2458 qui.v1rginibus
662 2375 731 2433 Deo
754 2372 868 2434 dicatis
888 2395 920 2432 se
945 2377 1076 2443 sociant.

180 2479 356 2545 ccxxvi.
406 2483 455 2541 De
477 2479 526 2539 his
549 2478 604 2560 qui
626 2478 723 2550 saeris
744 2476 923 2560 virginibus
945 2499 978 2538 se
1012 2482 1152 2560 sociant,
1189 2486 1233 2556 ita

107 2556 137 2616 in
165 2561 304 2624 decretis
331 2565 434 2645 Papae
466 2561 610 2639 Gelasii,
642 2561 784 2641 capitulo
813 2560 986 2642 vigesimo,
1025 2564 1230 2630 contineturs

111 2639 289 2720 Virginibus
310 2649 410 2705 sacris
432 2659 544 2705 temere
566 2665 597 2704 se
618 2642 772 2725 quosdam
801 2645 921 2703 sociare
945 2647 1148 2722 cognovimus
1158 2693 1169 2719 ,
1200 2659 1232 2710 et

106 2739 171 2802 post
192 2726 332 2787 dicatum
343 2731 410 2788 Deo
431 2729 628 2809 propositum
648 2723 913 2804 incestasoedera
931 2727 1143 2810 sacrilegaque
1160 2734 1233 2790 mis·

103 2822 188 2874 .ceue;
209 2830 288 2890 quos
307 2813 452 2890 protinus
474 2831 605 2892 aequum
626 2819 672 2867 est
693 2831 712 2866 a
733 2829 825 2867 sacra
845 2809 1061 2868 continuatione
1082 2808 1230 2888 detrudi,

108 2898 136 2942 et
154 2890 213 2947 nisi
239 2887 401 2971 publicam
427 2893 653 2973 probatamque
683 2891 802 2968 egerint
825 2889 1071 2972 poenitentiam,
1102 2897 1231 2956 omn-luo

109 2987 164 3025 non
181 2974 290 3054 recipi.
338 2973 402 3033 Aut
422 2975 470 3032 liis
492 2986 573 3032 certe
594 2974 747 3031 uiaticum
777 2969 817 3029 de
847 2970 950 3028 seculo
985 2977 1229 3053 transeuntibus,

109 3050 133 3104 si
152 3061 249 3112 tamen
268 3058 505 3138 poenituerint,
537 3077 598 3114 non
619 3066 755 3133 negetur.
799 3053 832 3112 si
855 3071 933 3114 vero
957 3051 996 3112 de
1019 3056 1228 3135 copulatione

109 3149 259 3194 sacrarum
283 3137 447 3218 virginum
467 3148 531 3198 tam
552 3157 659 3197 severe
681 3134 855 3210 feriuntur,
879 3144 1000 3214 quanto
1022 3137 1164 3201 severius
1188 3143 1233 3200 ie·

109 3209 206 3274 riendi
228 3229 306 3278 sunt
327 3219 383 3299 qui
406 3242 457 3280 eas
489 3219 642 3298 rapiunt?
685 3216 779 3291 ldeo,
809 3216 892 3276 sieut
920 3218 1130 3295 praemissum
1165 3235 1228 3301 est,

110 3311 229 3358 neeesse
252 3311 301 3360 est
324 3312 359 3361 ut
379 3303 417 3362 ab
441 3303 588 3362 omnibus
610 3300 642 3359 in
666 3298 848 3359 Christiana
869 3296 1029 3378 religione
1051 3304 1232 3366 consisten-

108 3373 202 3455 tibus,
234 3383 341 3463 rigore
372 3386 567 3446 auctoritatis
591 3381 719 3443 divinae
742 3381 794 3442 vel
816 3381 994 3459 humanae,
1027 3381 1090 3446 hoo
1111 3389 1232 3452 malum

109 3458 252 3524 radicitus
274 3476 466 3549 amputetur.
509 3465 594 3530 Ibid.
615 3487 642 3530 c.
669 3486 735 3529 100.

361 3571 410 3631 De
429 3572 557 3654 puellis,
578 3590 639 3654 quo
657 3581 794 3650 tempore
818 3567 965 3636 velentur.

182 3675 369 3744 CCXXVII,
409 3679 456 3738 Ne
480 3699 556 3738 vero
578 3674 706 3757 puellae
728 3672 902 3734 indiscrete
924 3677 1085 3753 velentur,
1107 3677 1231 3760 placuit
1330 3727 1336 3744 .

110 3752 193 3814 nobis
214 3761 309 3818 etiaim
331 3760 370 3822 de
394 3759 491 3821 saeris
514 3757 714 3829 Canonibns,
751 3757 890 3836 qualiter
911 3756 1145 3820 observandum
1165 3765 1230 3846 sit,

110 3827 158 3893 hie
183 3836 332 3902 inserere.
393 3846 441 3903 De
464 3851 606 3922 tempore
630 3839 839 3899 velandarum
868 3839 1051 3923 puellarum
1079 3843 1113 3901 in
1141 3844 1232 3906 Afri·

109 3933 182 3976 cano
205 3922 370 4002 Concilio,
401 3924 542 4007 capitulo
567 3944 636 3998 xvi,
667 3921 854 3982 continetur
875 3930 911 3979 ut
932 3943 997 3981 non
1021 3933 1094 3983 ante
1116 3925 1231 4005 viginti

111 3997 246 4082 quinque
267 4029 367 4069 annos
389 4015 627 4069 consecrentur.
672 4003 750 4062 ltem
774 4004 805 4059 in
830 4003 944 4062 eodem
966 4004 1125 4081 Concilio,
1148 4011 1234 4090 capis

111 4078 173 4174 tulo
194 4107 286 4166 xciii,
310 4090 348 4150 de
372 4089 552 4171 virginibus
574 4086 719 4146 veliindis
741 4085 784 4144 ita
805 4085 1010 4146 continetur:
1059 4089 1140 4147 Item
1157 4093 1230 4172 sila.

113 4175 170 4220 cutt
201 4181 232 4226 ut
265 4175 436 4254 atticumque
458 4171 716 4256 Episcoporum,
748 4169 930 4231 necessitate
951 4167 1127 4246 virginali,
1162 4195 1232 4236 cum

114 4251 141 4297 et
161 4247 204 4306 vel
219 4256 335 4332 petitor·
352 4267 463 4338 potens
485 4253 539 4313 vel
559 4263 670 4335 raptor
681 4251 798 4331 aliquis
801 4247 1014 4330 sorrin’datur,
1034 4249 1090 4313 vel
1101 4252 1131 4311 si
1137 4254 1232 4318 etiam
