<?xml version="1.0" encoding="UTF-8"?>
<!DOCTYPE html PUBLIC "-//W3C//DTD XHTML 1.0 Transitional//EN"
    "http://www.w3.org/TR/xhtml1/DTD/xhtml1-transitional.dtd">
<html xmlns="http://www.w3.org/1999/xhtml" xml:lang="en" lang="en">
 <head>
  <title>
</title>
<meta http-equiv="Content-Type" content="text/html;charset=utf-8" />
  <meta name='ocr-system' content='tesseract 3.04.00' />
  <meta name='ocr-capabilities' content='ocr_page ocr_carea ocr_par ocr_line ocrx_word'/>
</head>
<body>
  <div class='ocr_page' id='page_1' title='image "./corpusiurisgerm04visigoog_0044.png"; bbox 0 0 2910 4986; ppageno 0'>
   <div class='ocr_carea' id='block_1_1' title="bbox 503 323 1256 402">
    <p class='ocr_par' dir='ltr' id='par_1_1' title="bbox 503 323 1256 402">
     <span class='ocr_line' id='line_1_1' title="bbox 503 323 1256 402; baseline -0.003 -2"><span class='ocrx_word' id='word_1_1' title='bbox 503 341 618 402; x_wconf 78' lang='lat' dir='ltr'><strong>tissa</strong></span> <span class='ocrx_word' id='word_1_2' title='bbox 644 341 856 402; x_wconf 83' lang='lat' dir='ltr'><strong>sneunnus.</strong></span> <span class='ocrx_word' id='word_1_3' title='bbox 1182 323 1256 400; x_wconf 82' lang='grc'><strong>439</strong></span> 
     </span>
    </p>
   </div>
   <div class='ocr_carea' id='block_1_2' title="bbox 121 480 1260 898">
    <p class='ocr_par' dir='ltr' id='par_1_2' title="bbox 121 480 1260 898">
     <span class='ocr_line' id='line_1_2' title="bbox 129 480 1258 565; baseline -0.001 -21"><span class='ocrx_word' id='word_1_4' title='bbox 129 480 322 565; x_wconf 75' lang='lat' dir='ltr'><strong>generaliter</strong></span> <span class='ocrx_word' id='word_1_5' title='bbox 341 481 718 564; x_wconf 78' lang='lat' dir='ltr'><strong>ohservaredecertetis,</strong></span> <span class='ocrx_word' id='word_1_6' title='bbox 740 492 772 548; x_wconf 90' lang='lat' dir='ltr'><strong>et</strong></span> <span class='ocrx_word' id='word_1_7' title='bbox 795 483 901 546; x_wconf 80' lang='lat' dir='ltr'>Missis</span> <span class='ocrx_word' id='word_1_8' title='bbox 923 484 1041 546; x_wconf 88' lang='lat' dir='ltr'><strong>nostris</strong></span> <span class='ocrx_word' id='word_1_9' title='bbox 1070 503 1128 565; x_wconf 88' lang='lat' dir='ltr'><strong>pro</strong></span> <span class='ocrx_word' id='word_1_10' title='bbox 1152 484 1258 564; x_wconf 89' lang='lat' dir='ltr'><strong>qnali-</strong></span> 
     </span>
     <span class='ocr_line' id='line_1_3' title="bbox 127 564 1260 648; baseline 0 -22"><span class='ocrx_word' id='word_1_11' title='bbox 127 585 254 646; x_wconf 82' lang='lat' dir='ltr'><strong>cunque</strong></span> <span class='ocrx_word' id='word_1_12' title='bbox 271 564 415 643; x_wconf 90' lang='lat' dir='ltr'><strong>scilicet,</strong></span> <span class='ocrx_word' id='word_1_13' title='bbox 437 576 492 627; x_wconf 89' lang='lat' dir='ltr'><strong>ant</strong></span> <span class='ocrx_word' id='word_1_14' title='bbox 506 568 719 630; x_wconf 88' lang='lat' dir='ltr'><strong>ecclesiastica</strong></span> <span class='ocrx_word' id='word_1_15' title='bbox 738 575 794 627; x_wconf 88' lang='lat' dir='ltr'><strong>aut</strong></span> <span class='ocrx_word' id='word_1_16' title='bbox 816 566 946 648; x_wconf 89' lang='lat' dir='ltr'><strong>publica</strong></span> <span class='ocrx_word' id='word_1_17' title='bbox 967 567 1106 628; x_wconf 88' lang='lat' dir='ltr'><strong>utilitate</strong></span> <span class='ocrx_word' id='word_1_18' title='bbox 1130 567 1182 628; x_wconf 81' lang='lat' dir='ltr'><strong>vel</strong></span> <span class='ocrx_word' id='word_1_19' title='bbox 1206 588 1260 648; x_wconf 90' lang='lat' dir='ltr'><strong>op·</strong></span> 
     </span>
     <span class='ocr_line' id='line_1_4' title="bbox 121 646 1260 792; baseline 0 -84"><span class='ocrx_word' id='word_1_20' title='bbox 121 646 321 792; x_wconf 72' lang='lat' dir='ltr'><strong>portunitnte</strong></span> <span class='ocrx_word' id='word_1_21' title='bbox 338 649 356 708; x_wconf 81' lang='lat' dir='ltr'><strong>d</strong></span> <span class='ocrx_word' id='word_1_22' title='bbox 370 649 462 710; x_wconf 88' lang='lat' dir='ltr'><strong>nohis</strong></span> <span class='ocrx_word' id='word_1_23' title='bbox 475 649 617 730; x_wconf 89' lang='lat' dir='ltr'><strong>directis,</strong></span> <span class='ocrx_word' id='word_1_24' title='bbox 638 651 741 712; x_wconf 89' lang='lat' dir='ltr'><strong>nostri</strong></span> <span class='ocrx_word' id='word_1_25' title='bbox 750 650 883 711; x_wconf 88' lang='lat' dir='ltr'><strong>honoris</strong></span> <span class='ocrx_word' id='word_1_26' title='bbox 895 670 989 712; x_wconf 88' lang='lat' dir='ltr'><strong>causa</strong></span> <span class='ocrx_word' id='word_1_27' title='bbox 1001 649 1158 726; x_wconf 83' lang='lat' dir='ltr'><strong>honorem</strong></span> <span class='ocrx_word' id='word_1_28' title='bbox 1171 647 1260 709; x_wconf 83' lang='lat' dir='ltr'><strong>exhi·</strong></span> 
     </span>
     <span class='ocr_line' id='line_1_5' title="bbox 145 731 1258 814; baseline 0.001 -24"><span class='ocrx_word' id='word_1_29' title='bbox 145 731 247 807; x_wconf 91' lang='lat' dir='ltr'><strong>eatis,</strong></span> <span class='ocrx_word' id='word_1_30' title='bbox 277 740 310 792; x_wconf 89' lang='lat' dir='ltr'><strong>et</strong></span> <span class='ocrx_word' id='word_1_31' title='bbox 325 741 458 814; x_wconf 90' lang='lat' dir='ltr'><strong>propter</strong></span> <span class='ocrx_word' id='word_1_32' title='bbox 482 743 609 795; x_wconf 89' lang='lat' dir='ltr'><strong>nostrae</strong></span> <span class='ocrx_word' id='word_1_33' title='bbox 632 733 830 795; x_wconf 77' lang='lat' dir='ltr'><strong>auctoritatis</strong></span> <span class='ocrx_word' id='word_1_34' title='bbox 850 731 1091 808; x_wconf 83' lang='lat' dir='ltr'><strong>venerationem</strong></span> <span class='ocrx_word' id='word_1_35' title='bbox 1116 751 1258 813; x_wconf 88' lang='lat' dir='ltr'><strong>eaquae</strong></span> 
     </span>
     <span class='ocr_line' id='line_1_6' title="bbox 123 812 1145 898; baseline 0 -26"><span class='ocrx_word' id='word_1_36' title='bbox 123 833 181 894; x_wconf 90' lang='lat' dir='ltr'><strong>per</strong></span> <span class='ocrx_word' id='word_1_37' title='bbox 201 812 277 873; x_wconf 91' lang='lat' dir='ltr'><strong>illos</strong></span> <span class='ocrx_word' id='word_1_38' title='bbox 296 813 510 896; x_wconf 79' lang='lat' dir='ltr'><strong>iniungimus,</strong></span> <span class='ocrx_word' id='word_1_39' title='bbox 533 838 627 898; x_wconf 76' lang='lat' dir='ltr'><strong>agere</strong></span> <span class='ocrx_word' id='word_1_40' title='bbox 642 838 709 878; x_wconf 90' lang='lat' dir='ltr'><strong>non</strong></span> <span class='ocrx_word' id='word_1_41' title='bbox 728 813 914 898; x_wconf 81' lang='lat' dir='ltr'><strong>neglegatis.</strong></span> <span class='ocrx_word' id='word_1_42' title='bbox 955 813 1039 879; x_wconf 82' lang='lat' dir='ltr'><strong>lbid.</strong></span> <span class='ocrx_word' id='word_1_43' title='bbox 1054 835 1079 878; x_wconf 90' lang='lat' dir='ltr'><strong>c.</strong></span> <span class='ocrx_word' id='word_1_44' title='bbox 1099 834 1145 873; x_wconf 91' lang='lat'><strong>11.</strong></span> 
     </span>
    </p>
   </div>
   <div class='ocr_carea' id='block_1_3' title="bbox 123 917 1259 1148">
    <p class='ocr_par' dir='ltr' id='par_1_3' title="bbox 123 917 1259 1148">
     <span class='ocr_line' id='line_1_7' title="bbox 123 917 1259 1005; baseline -0.006 -23"><span class='ocrx_word' id='word_1_45' title='bbox 123 921 187 982; x_wconf 87' lang='lat' dir='ltr'><strong>De·</strong></span> <span class='ocrx_word' id='word_1_46' title='bbox 200 921 260 979; x_wconf 85' lang='lat' dir='ltr'><strong>hoc</strong></span> <span class='ocrx_word' id='word_1_47' title='bbox 285 920 374 1003; x_wconf 85' lang='lat' dir='ltr'><strong>quod</strong></span> <span class='ocrx_word' id='word_1_48' title='bbox 393 921 602 1001; x_wconf 78' lang='lat' dir='ltr'><strong>unusquisque</strong></span> <span class='ocrx_word' id='word_1_49' title='bbox 623 919 852 1005; x_wconf 78' lang='lat' dir='ltr'><strong>Episcoporum</strong></span> <span class='ocrx_word' id='word_1_50' title='bbox 880 918 935 978; x_wconf 82' lang='lat' dir='ltr'><strong>vel</strong></span> <span class='ocrx_word' id='word_1_51' title='bbox 955 917 1111 978; x_wconf 79' lang='lat' dir='ltr'><em>Comitum</em></span> <span class='ocrx_word' id='word_1_52' title='bbox 1136 928 1259 1000; x_wconf 83' lang='lat' dir='ltr'><strong>partem</strong></span> 
     </span>
     <span class='ocr_line' id='line_1_8' title="bbox 163 997 1219 1083; baseline -0.004 -22"><span class='ocrx_word' id='word_1_53' title='bbox 163 1003 334 1062; x_wconf 85' lang='lat' dir='ltr'><strong>ministerii</strong></span> <span class='ocrx_word' id='word_1_54' title='bbox 357 1002 470 1081; x_wconf 81' lang='lat' dir='ltr'><strong>regalis</strong></span> <span class='ocrx_word' id='word_1_55' title='bbox 502 1003 635 1075; x_wconf 77' lang='lat' dir='ltr'><strong>hebeat,</strong></span> <span class='ocrx_word' id='word_1_56' title='bbox 671 1015 702 1063; x_wconf 90' lang='lat' dir='ltr'><strong>et</strong></span> <span class='ocrx_word' id='word_1_57' title='bbox 730 1002 770 1061; x_wconf 90' lang='lat' dir='ltr'><strong>de</strong></span> <span class='ocrx_word' id='word_1_58' title='bbox 798 1002 976 1062; x_wconf 86' lang='lat' dir='ltr'><strong>testimonio</strong></span> <span class='ocrx_word' id='word_1_59' title='bbox 1004 1001 1147 1083; x_wconf 82' lang='lat' dir='ltr'><strong>ipsorum</strong></span> <span class='ocrx_word' id='word_1_60' title='bbox 1174 997 1219 1058; x_wconf 85' lang='lat' dir='ltr'><strong>ad</strong></span> 
     </span>
     <span class='ocr_line' id='line_1_9' title="bbox 621 1105 765 1148; baseline 0.035 -5"><span class='ocrx_word' id='word_1_61' title='bbox 621 1105 765 1148; x_wconf 79' lang='lat' dir='ltr'><strong>invicem.</strong></span> 
     </span>
    </p>
   </div>
   <div class='ocr_carea' id='block_1_4' title="bbox 123 1187 1263 2260">
    <p class='ocr_par' dir='ltr' id='par_1_4' title="bbox 123 1187 1263 2260">
     <span class='ocr_line' id='line_1_10' title="bbox 205 1187 1258 1271; baseline -0.005 -19"><span class='ocrx_word' id='word_1_62' title='bbox 205 1193 282 1252; x_wconf 87' lang='lat' dir='ltr'>XII.</span> <span class='ocrx_word' id='word_1_63' title='bbox 322 1192 365 1252; x_wconf 92' lang='lat' dir='ltr'><strong>Et</strong></span> <span class='ocrx_word' id='word_1_64' title='bbox 383 1190 554 1271; x_wconf 91' lang='lat' dir='ltr'><strong>quoniam,</strong></span> <span class='ocrx_word' id='word_1_65' title='bbox 587 1190 670 1252; x_wconf 90' lang='lat' dir='ltr'><strong>sicut</strong></span> <span class='ocrx_word' id='word_1_66' title='bbox 693 1189 849 1267; x_wconf 83' lang='lat' dir='ltr'><strong>diximus,</strong></span> <span class='ocrx_word' id='word_1_67' title='bbox 872 1187 1097 1271; x_wconf 64' lang='lat' dir='ltr'><strong>unusquisque⁴</strong></span> <span class='ocrx_word' id='word_1_68' title='bbox 1114 1187 1258 1248; x_wconf 75' lang='lat' dir='ltr'><strong>restrium</strong></span> 
     </span>
     <span class='ocr_line' id='line_1_11' title="bbox 124 1272 1258 1357; baseline 0 -23"><span class='ocrx_word' id='word_1_69' title='bbox 124 1282 249 1357; x_wconf 88' lang='lat' dir='ltr'><strong>partem</strong></span> <span class='ocrx_word' id='word_1_70' title='bbox 263 1274 433 1334; x_wconf 89' lang='lat' dir='ltr'><strong>ministerii</strong></span> <span class='ocrx_word' id='word_1_71' title='bbox 449 1273 548 1334; x_wconf 90' lang='lat' dir='ltr'><strong>nostri</strong></span> <span class='ocrx_word' id='word_1_72' title='bbox 564 1295 622 1356; x_wconf 91' lang='lat' dir='ltr'><strong>per</strong></span> <span class='ocrx_word' id='word_1_73' title='bbox 636 1281 741 1355; x_wconf 88' lang='lat' dir='ltr'><strong>partes</strong></span> <span class='ocrx_word' id='word_1_74' title='bbox 756 1272 874 1333; x_wconf 87' lang='lat' dir='ltr'><strong>hahere</strong></span> <span class='ocrx_word' id='word_1_75' title='bbox 895 1272 1091 1346; x_wconf 75' lang='lat' dir='ltr'><strong>dinoscitur,</strong></span> <span class='ocrx_word' id='word_1_76' title='bbox 1111 1272 1258 1334; x_wconf 84' lang='lat' dir='ltr'><strong>volumus</strong></span> 
     </span>
     <span class='ocr_line' id='line_1_12' title="bbox 124 1353 1259 1438; baseline -0.006 -20"><span class='ocrx_word' id='word_1_77' title='bbox 124 1356 280 1433; x_wconf 89' lang='lat' dir='ltr'><strong>studere,</strong></span> <span class='ocrx_word' id='word_1_78' title='bbox 303 1367 334 1417; x_wconf 91' lang='lat' dir='ltr'><strong>et</strong></span> <span class='ocrx_word' id='word_1_79' title='bbox 354 1377 412 1438; x_wconf 90' lang='lat' dir='ltr'><strong>per</strong></span> <span class='ocrx_word' id='word_1_80' title='bbox 432 1355 619 1416; x_wconf 88' lang='lat' dir='ltr'><strong>clamatores</strong></span> <span class='ocrx_word' id='word_1_81' title='bbox 639 1365 670 1416; x_wconf 90' lang='lat' dir='ltr'><strong>et</strong></span> <span class='ocrx_word' id='word_1_82' title='bbox 686 1376 746 1436; x_wconf 90' lang='lat' dir='ltr'><strong>per</strong></span> <span class='ocrx_word' id='word_1_83' title='bbox 763 1355 827 1414; x_wconf 85' lang='lat' dir='ltr'><strong>alia</strong></span> <span class='ocrx_word' id='word_1_84' title='bbox 841 1354 1006 1434; x_wconf 87' lang='lat' dir='ltr'><strong>quaelihet</strong></span> <span class='ocrx_word' id='word_1_85' title='bbox 1023 1363 1109 1414; x_wconf 89' lang='lat' dir='ltr'><strong>certa</strong></span> <span class='ocrx_word' id='word_1_86' title='bbox 1127 1353 1259 1436; x_wconf 75' lang='lat' dir='ltr'><strong>indicia,</strong></span> 
     </span>
     <span class='ocr_line' id='line_1_13' title="bbox 126 1435 1261 1519; baseline -0.006 -18"><span class='ocrx_word' id='word_1_87' title='bbox 126 1449 158 1501; x_wconf 90' lang='lat' dir='ltr'><strong>et</strong></span> <span class='ocrx_word' id='word_1_88' title='bbox 180 1460 241 1518; x_wconf 91' lang='lat' dir='ltr'><strong>per</strong></span> <span class='ocrx_word' id='word_1_89' title='bbox 270 1439 380 1500; x_wconf 89' lang='lat' dir='ltr'><strong>Missos</strong></span> <span class='ocrx_word' id='word_1_90' title='bbox 407 1447 531 1498; x_wconf 88' lang='lat' dir='ltr'><strong>nostros</strong></span> <span class='ocrx_word' id='word_1_91' title='bbox 554 1459 633 1519; x_wconf 92' lang='lat' dir='ltr'><strong>quos</strong></span> <span class='ocrx_word' id='word_1_92' title='bbox 666 1439 706 1497; x_wconf 92' lang='lat' dir='ltr'><strong>ad</strong></span> <span class='ocrx_word' id='word_1_93' title='bbox 731 1437 793 1498; x_wconf 90' lang='lat' dir='ltr'><strong>hoc</strong></span> <span class='ocrx_word' id='word_1_94' title='bbox 821 1436 1094 1508; x_wconf 79' lang='lat' dir='ltr'><strong>ordinaverimus,</strong></span> <span class='ocrx_word' id='word_1_95' title='bbox 1120 1435 1261 1516; x_wconf 75' lang='lat' dir='ltr'><strong>qualiter</strong></span> 
     </span>
     <span class='ocr_line' id='line_1_14' title="bbox 124 1516 1261 1602; baseline -0.004 -22"><span class='ocrx_word' id='word_1_96' title='bbox 124 1520 350 1602; x_wconf 86' lang='lat' dir='ltr'><strong>unnsquisque</strong></span> <span class='ocrx_word' id='word_1_97' title='bbox 372 1519 493 1580; x_wconf 90' lang='lat' dir='ltr'><strong>adhoc</strong></span> <span class='ocrx_word' id='word_1_98' title='bbox 515 1531 637 1580; x_wconf 89' lang='lat' dir='ltr'><strong>certare</strong></span> <span class='ocrx_word' id='word_1_99' title='bbox 661 1519 838 1594; x_wconf 76' lang='lat' dir='ltr'><strong>studuerit,</strong></span> <span class='ocrx_word' id='word_1_100' title='bbox 860 1529 893 1578; x_wconf 91' lang='lat' dir='ltr'><strong>et</strong></span> <span class='ocrx_word' id='word_1_101' title='bbox 910 1540 969 1599; x_wconf 89' lang='lat' dir='ltr'><strong>per</strong></span> <span class='ocrx_word' id='word_1_102' title='bbox 984 1538 1153 1579; x_wconf 89' lang='lat' dir='ltr'><strong>commune</strong></span> <span class='ocrx_word' id='word_1_103' title='bbox 1173 1516 1261 1578; x_wconf 92' lang='lat' dir='ltr'><strong>testi-</strong></span> 
     </span>
     <span class='ocr_line' id='line_1_15' title="bbox 123 1599 1259 1684; baseline -0.004 -20"><span class='ocrx_word' id='word_1_104' title='bbox 123 1601 288 1678; x_wconf 87' lang='lat' dir='ltr'><strong>monium,</strong></span> <span class='ocrx_word' id='word_1_105' title='bbox 316 1603 349 1663; x_wconf 93' lang='lat' dir='ltr'><strong>id</strong></span> <span class='ocrx_word' id='word_1_106' title='bbox 378 1611 444 1678; x_wconf 88' lang='lat' dir='ltr'><strong>est,</strong></span> <span class='ocrx_word' id='word_1_107' title='bbox 476 1603 710 1684; x_wconf 88' lang='lat' dir='ltr'><strong>Episcoporum</strong></span> <span class='ocrx_word' id='word_1_108' title='bbox 737 1603 778 1662; x_wconf 87' lang='lat' dir='ltr'><strong>de</strong></span> <span class='ocrx_word' id='word_1_109' title='bbox 804 1600 1002 1678; x_wconf 88' lang='lat' dir='ltr'><strong>Comitibus,</strong></span> <span class='ocrx_word' id='word_1_110' title='bbox 1030 1600 1193 1660; x_wconf 89' lang='lat' dir='ltr'><strong>Comitum</strong></span> <span class='ocrx_word' id='word_1_111' title='bbox 1219 1599 1259 1660; x_wconf 89' lang='lat' dir='ltr'><strong>de</strong></span> 
     </span>
     <span class='ocr_line' id='line_1_16' title="bbox 123 1681 1263 1767; baseline -0.006 -20"><span class='ocrx_word' id='word_1_112' title='bbox 123 1685 317 1767; x_wconf 80' lang='lat' dir='ltr'><strong>EpiscopIs‚</strong></span> <span class='ocrx_word' id='word_1_113' title='bbox 341 1684 517 1765; x_wconf 89' lang='lat' dir='ltr'><strong>comperire</strong></span> <span class='ocrx_word' id='word_1_114' title='bbox 544 1685 685 1765; x_wconf 88' lang='lat' dir='ltr'><strong>qualiter</strong></span> <span class='ocrx_word' id='word_1_115' title='bbox 708 1683 832 1745; x_wconf 87' lang='lat' dir='ltr'><strong>scilicet</strong></span> <span class='ocrx_word' id='word_1_116' title='bbox 854 1683 993 1743; x_wconf 88' lang='lat' dir='ltr'><strong>Comites</strong></span> <span class='ocrx_word' id='word_1_117' title='bbox 1017 1682 1169 1742; x_wconf 87' lang='lat' dir='ltr'><strong>iustitiam</strong></span> <span class='ocrx_word' id='word_1_118' title='bbox 1189 1681 1263 1742; x_wconf 90' lang='lat' dir='ltr'><strong>dili-</strong></span> 
     </span>
     <span class='ocr_line' id='line_1_17' title="bbox 127 1766 1262 1849; baseline -0.008 -18"><span class='ocrx_word' id='word_1_119' title='bbox 127 1776 203 1849; x_wconf 79' lang='lat' dir='ltr'><strong>gant</strong></span> <span class='ocrx_word' id='word_1_120' title='bbox 227 1776 258 1826; x_wconf 77' lang='lat' dir='ltr'><strong>et</strong></span> <span class='ocrx_word' id='word_1_121' title='bbox 277 1767 415 1840; x_wconf 80' lang='lat' dir='ltr'><strong>faciant,</strong></span> <span class='ocrx_word' id='word_1_122' title='bbox 441 1777 471 1830; x_wconf 84' lang='lat' dir='ltr'><strong>et</strong></span> <span class='ocrx_word' id='word_1_123' title='bbox 499 1788 593 1848; x_wconf 75' lang='lat' dir='ltr'><strong>quum</strong></span> <span class='ocrx_word' id='word_1_124' title='bbox 619 1766 767 1849; x_wconf 71' lang='lat' dir='ltr'><strong>religiose</strong></span> <span class='ocrx_word' id='word_1_125' title='bbox 790 1766 941 1846; x_wconf 86' lang='lat' dir='ltr'><strong>Episcopi</strong></span> <span class='ocrx_word' id='word_1_126' title='bbox 968 1773 1202 1826; x_wconf 86' lang='lat' dir='ltr'><strong>conversentur</strong></span> <span class='ocrx_word' id='word_1_127' title='bbox 1229 1771 1262 1824; x_wconf 93' lang='lat' dir='ltr'><strong>et</strong></span> 
     </span>
     <span class='ocr_line' id='line_1_18' title="bbox 125 1845 1261 1931; baseline -0.002 -23"><span class='ocrx_word' id='word_1_128' title='bbox 125 1848 333 1931; x_wconf 83' lang='lat' dir='ltr'><strong>praedicent,</strong></span> <span class='ocrx_word' id='word_1_129' title='bbox 358 1858 390 1908; x_wconf 89' lang='lat' dir='ltr'><strong>et</strong></span> <span class='ocrx_word' id='word_1_130' title='bbox 410 1849 574 1908; x_wconf 89' lang='lat' dir='ltr'><strong>amborum</strong></span> <span class='ocrx_word' id='word_1_131' title='bbox 594 1849 699 1909; x_wconf 90' lang='lat' dir='ltr'><strong>relatu</strong></span> <span class='ocrx_word' id='word_1_132' title='bbox 718 1850 757 1910; x_wconf 85' lang='lat' dir='ltr'><strong>de</strong></span> <span class='ocrx_word' id='word_1_133' title='bbox 777 1848 913 1907; x_wconf 86' lang='lat' dir='ltr'><strong>aliorum</strong></span> <span class='ocrx_word' id='word_1_134' title='bbox 932 1847 964 1905; x_wconf 89' lang='lat' dir='ltr'><strong>in</strong></span> <span class='ocrx_word' id='word_1_135' title='bbox 988 1847 1053 1907; x_wconf 90' lang='lat' dir='ltr'><strong>suis</strong></span> <span class='ocrx_word' id='word_1_136' title='bbox 1074 1845 1261 1906; x_wconf 89' lang='lat' dir='ltr'><strong>ministeriis</strong></span> 
     </span>
     <span class='ocr_line' id='line_1_19' title="bbox 127 1929 1260 2012; baseline 0 -22"><span class='ocrx_word' id='word_1_137' title='bbox 127 1930 373 1991; x_wconf 87' lang='lat' dir='ltr'><strong>consistentium</strong></span> <span class='ocrx_word' id='word_1_138' title='bbox 395 1930 554 2011; x_wconf 88' lang='lat' dir='ltr'><strong>acquitate</strong></span> <span class='ocrx_word' id='word_1_139' title='bbox 580 1941 612 1992; x_wconf 88' lang='lat' dir='ltr'><strong>et</strong></span> <span class='ocrx_word' id='word_1_140' title='bbox 636 1954 713 2012; x_wconf 89' lang='lat' dir='ltr'><strong>pace</strong></span> <span class='ocrx_word' id='word_1_141' title='bbox 737 1941 831 2010; x_wconf 84' lang='lat' dir='ltr'><strong>atque</strong></span> <span class='ocrx_word' id='word_1_142' title='bbox 859 1929 1031 1990; x_wconf 88' lang='lat' dir='ltr'><strong>concordia</strong></span> <span class='ocrx_word' id='word_1_143' title='bbox 1054 1949 1260 2010; x_wconf 82' lang='lat' dir='ltr'><strong>cognoscere.</strong></span> 
     </span>
     <span class='ocr_line' id='line_1_20' title="bbox 125 2009 1261 2075; baseline -0.002 -3"><span class='ocrx_word' id='word_1_144' title='bbox 125 2011 287 2072; x_wconf 82' lang='lat' dir='ltr'><strong>Similiter</strong></span> <span class='ocrx_word' id='word_1_145' title='bbox 317 2014 412 2073; x_wconf 86' lang='lat' dir='ltr'><strong>etiam</strong></span> <span class='ocrx_word' id='word_1_146' title='bbox 437 2014 586 2074; x_wconf 78' lang='lat' dir='ltr'><strong>volumus</strong></span> <span class='ocrx_word' id='word_1_147' title='bbox 615 2025 651 2073; x_wconf 90' lang='lat' dir='ltr'><strong>ut</strong></span> <span class='ocrx_word' id='word_1_148' title='bbox 682 2034 792 2075; x_wconf 90' lang='lat' dir='ltr'><strong>omnes</strong></span> <span class='ocrx_word' id='word_1_149' title='bbox 818 2011 883 2072; x_wconf 91' lang='lat' dir='ltr'><strong>illis</strong></span> <span class='ocrx_word' id='word_1_150' title='bbox 914 2022 946 2072; x_wconf 89' lang='lat' dir='ltr'><strong>et</strong></span> <span class='ocrx_word' id='word_1_151' title='bbox 974 2011 1021 2071; x_wconf 90' lang='lat' dir='ltr'><strong>illi</strong></span> <span class='ocrx_word' id='word_1_152' title='bbox 1049 2010 1196 2072; x_wconf 90' lang='lat' dir='ltr'><strong>omnihus</strong></span> <span class='ocrx_word' id='word_1_153' title='bbox 1221 2009 1261 2070; x_wconf 80' lang='lat' dir='ltr'><strong>(le</strong></span> 
     </span>
     <span class='ocr_line' id='line_1_21' title="bbox 125 2091 1262 2176; baseline -0.002 -23"><span class='ocrx_word' id='word_1_154' title='bbox 125 2095 288 2156; x_wconf 89' lang='lat' dir='ltr'><strong>communi</strong></span> <span class='ocrx_word' id='word_1_155' title='bbox 306 2096 457 2156; x_wconf 89' lang='lat' dir='ltr'><strong>societate</strong></span> <span class='ocrx_word' id='word_1_156' title='bbox 473 2105 504 2155; x_wconf 90' lang='lat' dir='ltr'><strong>et</strong></span> <span class='ocrx_word' id='word_1_157' title='bbox 518 2106 602 2156; x_wconf 87' lang='lat' dir='ltr'><strong>statu</strong></span> <span class='ocrx_word' id='word_1_158' title='bbox 617 2096 633 2154; x_wconf 75' lang='lat' dir='ltr'><strong>ia</strong></span> <span class='ocrx_word' id='word_1_159' title='bbox 654 2097 745 2156; x_wconf 89' lang='lat' dir='ltr'><strong>nobis</strong></span> <span class='ocrx_word' id='word_1_160' title='bbox 763 2093 968 2175; x_wconf 79' lang='lat' dir='ltr'><strong>interrogati,</strong></span> <span class='ocrx_word' id='word_1_161' title='bbox 993 2091 1262 2176; x_wconf 21' lang='lat' dir='ltr'><strong>verumqtestimo·</strong></span> 
     </span>
     <span class='ocr_line' id='line_1_22' title="bbox 125 2177 1002 2260; baseline -0.001 -25"><span class='ocrx_word' id='word_1_162' title='bbox 125 2177 217 2236; x_wconf 89' lang='lat' dir='ltr'><strong>nium</strong></span> <span class='ocrx_word' id='word_1_163' title='bbox 236 2178 298 2238; x_wconf 87' lang='lat' dir='ltr'><strong>sibi</strong></span> <span class='ocrx_word' id='word_1_164' title='bbox 320 2178 432 2239; x_wconf 79' lang='lat' dir='ltr'><strong>mutui)</strong></span> <span class='ocrx_word' id='word_1_165' title='bbox 447 2177 616 2258; x_wconf 88' lang='lat' dir='ltr'><strong>perhibere</strong></span> <span class='ocrx_word' id='word_1_166' title='bbox 639 2179 770 2260; x_wconf 83' lang='lat' dir='ltr'><strong>possint.</strong></span> <span class='ocrx_word' id='word_1_167' title='bbox 811 2177 895 2237; x_wconf 82' lang='lat' dir='ltr'><strong>Jttd.</strong></span> <span class='ocrx_word' id='word_1_168' title='bbox 911 2199 936 2236; x_wconf 86' lang='lat' dir='ltr'><strong>c.</strong></span> <span class='ocrx_word' id='word_1_169' title='bbox 957 2198 1002 2236; x_wconf 86' lang='lat'><strong>12.</strong></span> 
     </span>
    </p>
   </div>
   <div class='ocr_carea' id='block_1_5' title="bbox 241 2283 1155 2364">
    <p class='ocr_par' dir='ltr' id='par_1_5' title="bbox 241 2283 1155 2364">
     <span class='ocr_line' id='line_1_23' title="bbox 241 2283 1155 2364; baseline 0 -22"><span class='ocrx_word' id='word_1_170' title='bbox 241 2285 288 2348; x_wconf 77' lang='lat' dir='ltr'><strong>De</strong></span> <span class='ocrx_word' id='word_1_171' title='bbox 307 2305 402 2344; x_wconf 80' lang='lat' dir='ltr'><strong>causa</strong></span> <span class='ocrx_word' id='word_1_172' title='bbox 422 2297 493 2344; x_wconf 82' lang='lat' dir='ltr'><strong>ortu</strong></span> <span class='ocrx_word' id='word_1_173' title='bbox 511 2284 556 2343; x_wconf 84' lang='lat' dir='ltr'><strong>ad</strong></span> <span class='ocrx_word' id='word_1_174' title='bbox 571 2286 844 2344; x_wconf 77' lang='lat' dir='ltr'><strong>inhonorationem</strong></span> <span class='ocrx_word' id='word_1_175' title='bbox 863 2283 951 2360; x_wconf 83' lang='lat' dir='ltr'><strong>regni</strong></span> <span class='ocrx_word' id='word_1_176' title='bbox 969 2284 1155 2364; x_wconf 83' lang='lat' dir='ltr'><strong>pertinente.</strong></span> 
     </span>
    </p>
   </div>
   <div class='ocr_carea' id='block_1_6' title="bbox 79 2387 1263 3110">
    <p class='ocr_par' dir='ltr' id='par_1_6' title="bbox 79 2387 1263 3110">
     <span class='ocr_line' id='line_1_24' title="bbox 205 2387 1261 2469; baseline 0 -19"><span class='ocrx_word' id='word_1_177' title='bbox 205 2391 294 2450; x_wconf 85' lang='lat' dir='ltr'><strong>XIII.</strong></span> <span class='ocrx_word' id='word_1_178' title='bbox 336 2391 378 2450; x_wconf 92' lang='lat' dir='ltr'><strong>Et</strong></span> <span class='ocrx_word' id='word_1_179' title='bbox 393 2388 417 2450; x_wconf 90' lang='lat' dir='ltr'><strong>si</strong></span> <span class='ocrx_word' id='word_1_180' title='bbox 433 2389 505 2450; x_wconf 89' lang='lat' dir='ltr'><strong>talis</strong></span> <span class='ocrx_word' id='word_1_181' title='bbox 519 2411 611 2450; x_wconf 89' lang='lat' dir='ltr'><strong>causa</strong></span> <span class='ocrx_word' id='word_1_182' title='bbox 625 2389 658 2448; x_wconf 91' lang='lat' dir='ltr'><strong>in</strong></span> <span class='ocrx_word' id='word_1_183' title='bbox 678 2389 822 2468; x_wconf 89' lang='lat' dir='ltr'><strong>qualibet</strong></span> <span class='ocrx_word' id='word_1_184' title='bbox 839 2387 1006 2468; x_wconf 88' lang='lat' dir='ltr'><strong>provincia</strong></span> <span class='ocrx_word' id='word_1_185' title='bbox 1026 2398 1081 2447; x_wconf 87' lang='lat' dir='ltr'><strong>aut</strong></span> <span class='ocrx_word' id='word_1_186' title='bbox 1101 2389 1134 2446; x_wconf 93' lang='lat' dir='ltr'><strong>in</strong></span> <span class='ocrx_word' id='word_1_187' title='bbox 1150 2389 1261 2469; x_wconf 90' lang='lat' dir='ltr'><strong>aliquo</strong></span> 
     </span>
     <span class='ocr_line' id='line_1_25' title="bbox 126 2468 1262 2553; baseline -0.001 -21"><span class='ocrx_word' id='word_1_188' title='bbox 126 2472 281 2533; x_wconf 88' lang='lat' dir='ltr'><strong>comitatu</strong></span> <span class='ocrx_word' id='word_1_189' title='bbox 296 2483 364 2532; x_wconf 91' lang='lat' dir='ltr'><strong>orta</strong></span> <span class='ocrx_word' id='word_1_190' title='bbox 386 2472 485 2533; x_wconf 87' lang='lat' dir='ltr'><strong>fuerit</strong></span> <span class='ocrx_word' id='word_1_191' title='bbox 505 2492 587 2553; x_wconf 89' lang='lat' dir='ltr'><strong>quae</strong></span> <span class='ocrx_word' id='word_1_192' title='bbox 609 2481 664 2531; x_wconf 88' lang='lat' dir='ltr'><strong>aut</strong></span> <span class='ocrx_word' id='word_1_193' title='bbox 682 2473 720 2531; x_wconf 88' lang='lat' dir='ltr'><strong>ad</strong></span> <span class='ocrx_word' id='word_1_194' title='bbox 743 2470 1025 2531; x_wconf 84' lang='lat' dir='ltr'><strong>inhonorationem</strong></span> <span class='ocrx_word' id='word_1_195' title='bbox 1040 2468 1133 2550; x_wconf 81' lang='lat' dir='ltr'><strong>regni</strong></span> <span class='ocrx_word' id='word_1_196' title='bbox 1151 2473 1262 2531; x_wconf 87' lang='lat' dir='ltr'><strong>autad</strong></span> 
     </span>
     <span class='ocr_line' id='line_1_26' title="bbox 125 2552 1261 2636; baseline 0 -22"><span class='ocrx_word' id='word_1_197' title='bbox 125 2576 297 2614; x_wconf 89' lang='lat' dir='ltr'><strong>commune</strong></span> <span class='ocrx_word' id='word_1_198' title='bbox 316 2555 468 2622; x_wconf 85' lang='lat' dir='ltr'><strong>damnum</strong></span> <span class='ocrx_word' id='word_1_199' title='bbox 482 2554 661 2636; x_wconf 87' lang='lat' dir='ltr'><strong>pertineat,</strong></span> <span class='ocrx_word' id='word_1_200' title='bbox 680 2575 762 2634; x_wconf 91' lang='lat' dir='ltr'><strong>quae</strong></span> <span class='ocrx_word' id='word_1_201' title='bbox 786 2553 880 2612; x_wconf 91' lang='lat' dir='ltr'><strong>etiam</strong></span> <span class='ocrx_word' id='word_1_202' title='bbox 895 2552 965 2612; x_wconf 90' lang='lat' dir='ltr'><strong>sine</strong></span> <span class='ocrx_word' id='word_1_203' title='bbox 981 2561 1088 2611; x_wconf 85' lang='lat' dir='ltr'><strong>nostra</strong></span> <span class='ocrx_word' id='word_1_204' title='bbox 1106 2560 1261 2631; x_wconf 88' lang='lat' dir='ltr'><strong>potestate</strong></span> 
     </span>
     <span class='ocr_line' id='line_1_27' title="bbox 126 2633 1260 2718; baseline -0.003 -22"><span class='ocrx_word' id='word_1_205' title='bbox 126 2636 246 2716; x_wconf 70' lang='lat' dir='ltr'><strong>corrigi</strong></span> <span class='ocrx_word' id='word_1_206' title='bbox 270 2657 334 2695; x_wconf 91' lang='lat' dir='ltr'><strong>non</strong></span> <span class='ocrx_word' id='word_1_207' title='bbox 355 2635 470 2718; x_wconf 82' lang='lat' dir='ltr'><strong>possit,</strong></span> <span class='ocrx_word' id='word_1_208' title='bbox 493 2658 550 2696; x_wconf 90' lang='lat' dir='ltr'><strong>nos</strong></span> <span class='ocrx_word' id='word_1_209' title='bbox 566 2636 621 2696; x_wconf 89' lang='lat' dir='ltr'><strong>diu</strong></span> <span class='ocrx_word' id='word_1_210' title='bbox 641 2636 739 2695; x_wconf 87' lang='lat' dir='ltr'><strong>latere</strong></span> <span class='ocrx_word' id='word_1_211' title='bbox 757 2657 821 2696; x_wconf 92' lang='lat' dir='ltr'><strong>non</strong></span> <span class='ocrx_word' id='word_1_212' title='bbox 840 2633 1049 2716; x_wconf 83' lang='lat' dir='ltr'><strong>permittatis,</strong></span> <span class='ocrx_word' id='word_1_213' title='bbox 1069 2635 1125 2714; x_wconf 94' lang='lat' dir='ltr'><strong>qui</strong></span> <span class='ocrx_word' id='word_1_214' title='bbox 1142 2634 1260 2710; x_wconf 88' lang='lat' dir='ltr'><strong>omnia,</strong></span> 
     </span>
     <span class='ocr_line' id='line_1_28' title="bbox 124 2715 1260 2798; baseline -0.004 -20"><span class='ocrx_word' id='word_1_215' title='bbox 124 2721 195 2789; x_wconf 83' lang='lat' dir='ltr'><strong>Deo</strong></span> <span class='ocrx_word' id='word_1_216' title='bbox 212 2718 405 2797; x_wconf 83' lang='lat' dir='ltr'><strong>auxiliante,</strong></span> <span class='ocrx_word' id='word_1_217' title='bbox 421 2719 581 2796; x_wconf 81' lang='lat' dir='ltr'><strong>corrigere</strong></span> <span class='ocrx_word' id='word_1_218' title='bbox 599 2718 767 2786; x_wconf 88' lang='lat' dir='ltr'><strong>dehemus;</strong></span> <span class='ocrx_word' id='word_1_219' title='bbox 785 2717 862 2798; x_wconf 89' lang='lat' dir='ltr'><strong>quia</strong></span> <span class='ocrx_word' id='word_1_220' title='bbox 879 2715 1036 2797; x_wconf 87' lang='lat' dir='ltr'><strong>quiequid</strong></span> <span class='ocrx_word' id='word_1_221' title='bbox 1051 2715 1210 2792; x_wconf 12' lang='lat' dir='ltr'><strong>&#39;hactenus</strong></span> <span class='ocrx_word' id='word_1_222' title='bbox 1226 2715 1260 2775; x_wconf 93' lang='lat' dir='ltr'><strong>in</strong></span> 
     </span>
     <span class='ocr_line' id='line_1_29' title="bbox 125 2798 1263 2883; baseline -0.001 -25"><span class='ocrx_word' id='word_1_223' title='bbox 125 2800 274 2882; x_wconf 84' lang='lat' dir='ltr'><strong>hisquae</strong></span> <span class='ocrx_word' id='word_1_224' title='bbox 291 2802 332 2862; x_wconf 87' lang='lat' dir='ltr'><strong>ad</strong></span> <span class='ocrx_word' id='word_1_225' title='bbox 351 2822 462 2883; x_wconf 88' lang='lat' dir='ltr'><strong>pacem</strong></span> <span class='ocrx_word' id='word_1_226' title='bbox 486 2811 519 2860; x_wconf 90' lang='lat' dir='ltr'><strong>et</strong></span> <span class='ocrx_word' id='word_1_227' title='bbox 539 2800 691 2861; x_wconf 89' lang='lat' dir='ltr'><strong>iustitiam</strong></span> <span class='ocrx_word' id='word_1_228' title='bbox 712 2801 809 2860; x_wconf 91' lang='lat' dir='ltr'><strong>totius</strong></span> <span class='ocrx_word' id='word_1_229' title='bbox 831 2800 944 2878; x_wconf 90' lang='lat' dir='ltr'><strong>populi</strong></span> <span class='ocrx_word' id='word_1_230' title='bbox 963 2798 1149 2879; x_wconf 88' lang='lat' dir='ltr'><strong>pertinent,</strong></span> <span class='ocrx_word' id='word_1_231' title='bbox 1173 2798 1263 2858; x_wconf 89' lang='lat' dir='ltr'><strong>etad</strong></span> 
     </span>
     <span class='ocr_line' id='line_1_30' title="bbox 125 2879 1262 2966; baseline 0 -26"><span class='ocrx_word' id='word_1_232' title='bbox 125 2882 285 2943; x_wconf 88' lang='lat' dir='ltr'><strong>honorem</strong></span> <span class='ocrx_word' id='word_1_233' title='bbox 304 2885 396 2966; x_wconf 78' lang='lat' dir='ltr'><strong>regni</strong></span> <span class='ocrx_word' id='word_1_234' title='bbox 411 2893 443 2944; x_wconf 91' lang='lat' dir='ltr'><strong>et</strong></span> <span class='ocrx_word' id='word_1_235' title='bbox 460 2899 663 2944; x_wconf 86' lang='lat' dir='ltr'><strong>communem</strong></span> <span class='ocrx_word' id='word_1_236' title='bbox 680 2882 853 2942; x_wconf 89' lang='lat' dir='ltr'><strong>utilitatem</strong></span> <span class='ocrx_word' id='word_1_237' title='bbox 867 2891 921 2940; x_wconf 88' lang='lat' dir='ltr'><strong>aut</strong></span> <span class='ocrx_word' id='word_1_238' title='bbox 938 2879 1060 2940; x_wconf 72' lang='lat' dir='ltr'><strong>anobis</strong></span> <span class='ocrx_word' id='word_1_239' title='bbox 1075 2890 1129 2940; x_wconf 87' lang='lat' dir='ltr'><strong>aut</strong></span> <span class='ocrx_word' id='word_1_240' title='bbox 1142 2881 1160 2939; x_wconf 74' lang='lat' dir='ltr'><strong>a</strong></span> <span class='ocrx_word' id='word_1_241' title='bbox 1173 2879 1262 2940; x_wconf 88' lang='lat' dir='ltr'><strong>vobis</strong></span> 
     </span>
     <span class='ocr_line' id='line_1_31' title="bbox 79 2961 1263 3046; baseline -0.001 -23"><span class='ocrx_word' id='word_1_242' title='bbox 79 3033 81 3038; x_wconf 29' lang='grc' dir='ltr'>Ι</span> <span class='ocrx_word' id='word_1_243' title='bbox 128 2967 312 3046; x_wconf 85' lang='lat' dir='ltr'><strong>neglectum</strong></span> <span class='ocrx_word' id='word_1_244' title='bbox 327 2975 388 3043; x_wconf 88' lang='lat' dir='ltr'><strong>est,</strong></span> <span class='ocrx_word' id='word_1_245' title='bbox 412 2967 563 3027; x_wconf 90' lang='lat' dir='ltr'><strong>dehemus</strong></span> <span class='ocrx_word' id='word_1_246' title='bbox 576 2969 647 3026; x_wconf 89' lang='lat' dir='ltr'><strong>Deo</strong></span> <span class='ocrx_word' id='word_1_247' title='bbox 664 2964 839 3024; x_wconf 81' lang='lat' dir='ltr'><strong>auxiliante</strong></span> <span class='ocrx_word' id='word_1_248' title='bbox 851 2973 973 3022; x_wconf 89' lang='lat' dir='ltr'><strong>certare</strong></span> <span class='ocrx_word' id='word_1_249' title='bbox 988 2962 1130 3042; x_wconf 89' lang='lat' dir='ltr'><strong>qualiter</strong></span> <span class='ocrx_word' id='word_1_250' title='bbox 1144 2961 1263 3022; x_wconf 86' lang='lat' dir='ltr'><strong>abhinc</strong></span> 
     </span>
     <span class='ocr_line' id='line_1_32' title="bbox 126 3045 1071 3110; baseline -0.002 -5"><span class='ocrx_word' id='word_1_251' title='bbox 126 3057 235 3108; x_wconf 90' lang='lat' dir='ltr'><strong>nostro</strong></span> <span class='ocrx_word' id='word_1_252' title='bbox 251 3058 283 3108; x_wconf 89' lang='lat' dir='ltr'><strong>et</strong></span> <span class='ocrx_word' id='word_1_253' title='bbox 296 3056 403 3110; x_wconf 83' lang='lat' dir='ltr'><strong>vestro</strong></span> <span class='ocrx_word' id='word_1_254' title='bbox 421 3048 525 3109; x_wconf 91' lang='lat' dir='ltr'><strong>studio</strong></span> <span class='ocrx_word' id='word_1_255' title='bbox 541 3048 746 3109; x_wconf 86' lang='lat' dir='ltr'><strong>emendatum</strong></span> <span class='ocrx_word' id='word_1_256' title='bbox 766 3046 828 3106; x_wconf 86' lang='lat' dir='ltr'><strong>fiat.</strong></span> <span class='ocrx_word' id='word_1_257' title='bbox 871 3045 955 3106; x_wconf 85' lang='lat' dir='ltr'><strong>Ibid.</strong></span> <span class='ocrx_word' id='word_1_258' title='bbox 975 3066 1000 3104; x_wconf 87' lang='lat' dir='ltr'><strong>c.</strong></span> <span class='ocrx_word' id='word_1_259' title='bbox 1026 3045 1071 3104; x_wconf 77' lang='lat'><strong>13.</strong></span> 
     </span>
    </p>
   </div>
   <div class='ocr_carea' id='block_1_7' title="bbox 323 3147 1059 3237">
    <p class='ocr_par' dir='ltr' id='par_1_7' title="bbox 323 3147 1059 3237">
     <span class='ocr_line' id='line_1_33' title="bbox 323 3147 1059 3237; baseline -0.008 -22"><span class='ocrx_word' id='word_1_260' title='bbox 323 3157 378 3215; x_wconf 89' lang='lat' dir='ltr'><strong>De</strong></span> <span class='ocrx_word' id='word_1_261' title='bbox 392 3175 469 3237; x_wconf 86' lang='lat' dir='ltr'><strong>pace</strong></span> <span class='ocrx_word' id='word_1_262' title='bbox 483 3155 516 3212; x_wconf 86' lang='lat' dir='ltr'><strong>in</strong></span> <span class='ocrx_word' id='word_1_263' title='bbox 530 3155 642 3212; x_wconf 84' lang='lat' dir='ltr'><strong>itinere</strong></span> <span class='ocrx_word' id='word_1_264' title='bbox 655 3153 822 3212; x_wconf 80' lang='lat' dir='ltr'><strong>exercitali</strong></span> <span class='ocrx_word' id='word_1_265' title='bbox 842 3147 1059 3234; x_wconf 72' lang='lat' dir='ltr'><strong>custodiendi.</strong></span> 
     </span>
    </p>
   </div>
   <div class='ocr_carea' id='block_1_8' title="bbox 125 3256 1263 3587">
    <p class='ocr_par' dir='ltr' id='par_1_8' title="bbox 125 3256 1263 3587">
     <span class='ocr_line' id='line_1_34' title="bbox 138 3256 1261 3340; baseline 0 -20"><span class='ocrx_word' id='word_1_266' title='bbox 138 3259 140 3264; x_wconf 75' lang='grc'><strong>’</strong></span> <span class='ocrx_word' id='word_1_267' title='bbox 207 3261 296 3324; x_wconf 87' lang='lat' dir='ltr'><strong>XIV.</strong></span> <span class='ocrx_word' id='word_1_268' title='bbox 338 3261 387 3320; x_wconf 90' lang='lat' dir='ltr'><strong>De</strong></span> <span class='ocrx_word' id='word_1_269' title='bbox 401 3277 483 3340; x_wconf 65' lang='lat' dir='ltr'><strong>‘pace</strong></span> <span class='ocrx_word' id='word_1_270' title='bbox 510 3257 640 3317; x_wconf 85' lang='lat' dir='ltr'><strong>veroin</strong></span> <span class='ocrx_word' id='word_1_271' title='bbox 661 3256 827 3317; x_wconf 78' lang='lat' dir='ltr'><strong>exercitali</strong></span> <span class='ocrx_word' id='word_1_272' title='bbox 850 3256 966 3315; x_wconf 88' lang='lat' dir='ltr'><strong>itinere</strong></span> <span class='ocrx_word' id='word_1_273' title='bbox 988 3260 1144 3320; x_wconf 85' lang='lat' dir='ltr'><strong>servanda</strong></span> <span class='ocrx_word' id='word_1_274' title='bbox 1159 3279 1261 3340; x_wconf 91' lang='lat' dir='ltr'><strong>usque</strong></span> 
     </span>
     <span class='ocr_line' id='line_1_35' title="bbox 126 3335 1263 3422; baseline -0.001 -22"><span class='ocrx_word' id='word_1_275' title='bbox 126 3342 163 3402; x_wconf 89' lang='lat' dir='ltr'><strong>ad</strong></span> <span class='ocrx_word' id='word_1_276' title='bbox 184 3341 348 3401; x_wconf 86' lang='lat' dir='ltr'><strong>marcham</strong></span> <span class='ocrx_word' id='word_1_277' title='bbox 372 3341 434 3401; x_wconf 88' lang='lat' dir='ltr'><strong>hoc</strong></span> <span class='ocrx_word' id='word_1_278' title='bbox 463 3339 610 3401; x_wconf 88' lang='lat' dir='ltr'><strong>omnihus</strong></span> <span class='ocrx_word' id='word_1_279' title='bbox 639 3349 750 3399; x_wconf 92' lang='lat' dir='ltr'><strong>notum</strong></span> <span class='ocrx_word' id='word_1_280' title='bbox 782 3337 852 3398; x_wconf 88' lang='lat' dir='ltr'><strong>fieri</strong></span> <span class='ocrx_word' id='word_1_281' title='bbox 874 3338 1042 3410; x_wconf 83' lang='lat' dir='ltr'><strong>volumus,</strong></span> <span class='ocrx_word' id='word_1_282' title='bbox 1074 3343 1163 3422; x_wconf 90' lang='lat' dir='ltr'><strong>quod</strong></span> <span class='ocrx_word' id='word_1_283' title='bbox 1187 3335 1263 3422; x_wconf 88' lang='lat' dir='ltr'><strong>qui-</strong></span> 
     </span>
     <span class='ocr_line' id='line_1_36' title="bbox 125 3419 1257 3504; baseline -0.001 -20"><span class='ocrx_word' id='word_1_284' title='bbox 125 3445 256 3504; x_wconf 87' lang='lat' dir='ltr'><strong>cunque</strong></span> <span class='ocrx_word' id='word_1_285' title='bbox 277 3433 440 3484; x_wconf 87' lang='lat' dir='ltr'><strong>auctorem</strong></span> <span class='ocrx_word' id='word_1_286' title='bbox 456 3423 562 3482; x_wconf 89' lang='lat' dir='ltr'><strong>damni</strong></span> <span class='ocrx_word' id='word_1_287' title='bbox 583 3421 643 3482; x_wconf 91' lang='lat' dir='ltr'><strong>sibi</strong></span> <span class='ocrx_word' id='word_1_288' title='bbox 656 3421 834 3503; x_wconf 83' lang='lat' dir='ltr'><strong>praeterito</strong></span> <span class='ocrx_word' id='word_1_289' title='bbox 849 3441 934 3479; x_wconf 92' lang='lat' dir='ltr'><strong>anno</strong></span> <span class='ocrx_word' id='word_1_290' title='bbox 955 3419 1046 3480; x_wconf 88' lang='lat' dir='ltr'><strong>inlati</strong></span> <span class='ocrx_word' id='word_1_291' title='bbox 1066 3424 1257 3483; x_wconf 87' lang='lat' dir='ltr'><strong>nominatim</strong></span> 
     </span>
     <span class='ocr_line' id='line_1_37' title="bbox 125 3501 1262 3587; baseline -0.006 -21"><span class='ocrx_word' id='word_1_292' title='bbox 125 3505 308 3587; x_wconf 82' lang='lat' dir='ltr'><strong>cognoscit,</strong></span> <span class='ocrx_word' id='word_1_293' title='bbox 330 3514 363 3565; x_wconf 88' lang='lat' dir='ltr'><strong>ut</strong></span> <span class='ocrx_word' id='word_1_294' title='bbox 379 3505 532 3567; x_wconf 87' lang='lat' dir='ltr'><strong>iustitiam</strong></span> <span class='ocrx_word' id='word_1_295' title='bbox 550 3505 588 3565; x_wconf 92' lang='lat' dir='ltr'><strong>de</strong></span> <span class='ocrx_word' id='word_1_296' title='bbox 609 3503 667 3563; x_wconf 94' lang='lat' dir='ltr'><strong>illo</strong></span> <span class='ocrx_word' id='word_1_297' title='bbox 686 3512 821 3584; x_wconf 88' lang='lat' dir='ltr'><strong>quaerat</strong></span> <span class='ocrx_word' id='word_1_298' title='bbox 835 3513 866 3562; x_wconf 88' lang='lat' dir='ltr'><strong>et</strong></span> <span class='ocrx_word' id='word_1_299' title='bbox 880 3501 1025 3584; x_wconf 86' lang='lat' dir='ltr'><strong>accipiat.</strong></span> <span class='ocrx_word' id='word_1_300' title='bbox 1067 3505 1151 3566; x_wconf 81' lang='lat' dir='ltr'><strong>Ibid.</strong></span> <span class='ocrx_word' id='word_1_301' title='bbox 1168 3529 1195 3565; x_wconf 81' lang='lat' dir='ltr'><strong>c.</strong></span> <span class='ocrx_word' id='word_1_302' title='bbox 1218 3507 1262 3580; x_wconf 65' lang='lat'><strong>14,</strong></span> 
     </span>
    </p>
   </div>
   <div class='ocr_carea' id='block_1_9' title="bbox 124 3610 1266 4184">
    <p class='ocr_par' dir='ltr' id='par_1_9' title="bbox 125 3610 1261 3774">
     <span class='ocr_line' id='line_1_38' title="bbox 125 3610 1261 3692; baseline -0.003 -21"><span class='ocrx_word' id='word_1_303' title='bbox 125 3614 173 3671; x_wconf 87' lang='lat' dir='ltr'><strong>De</strong></span> <span class='ocrx_word' id='word_1_304' title='bbox 191 3613 448 3681; x_wconf 85' lang='lat' dir='ltr'><strong>denuntiatione,</strong></span> <span class='ocrx_word' id='word_1_305' title='bbox 472 3622 506 3668; x_wconf 88' lang='lat' dir='ltr'><strong>ut</strong></span> <span class='ocrx_word' id='word_1_306' title='bbox 528 3610 582 3691; x_wconf 86' lang='lat' dir='ltr'><strong>qui</strong></span> <span class='ocrx_word' id='word_1_307' title='bbox 599 3611 632 3667; x_wconf 87' lang='lat' dir='ltr'><strong>in</strong></span> <span class='ocrx_word' id='word_1_308' title='bbox 644 3611 763 3668; x_wconf 83' lang='lat' dir='ltr'><strong>hostem</strong></span> <span class='ocrx_word' id='word_1_309' title='bbox 782 3620 939 3691; x_wconf 81' lang='lat' dir='ltr'><strong>pergunt,</strong></span> <span class='ocrx_word' id='word_1_310' title='bbox 964 3629 1037 3668; x_wconf 87' lang='lat' dir='ltr'><strong>suos</strong></span> <span class='ocrx_word' id='word_1_311' title='bbox 1047 3653 1059 3681; x_wconf 87' lang='lat'><strong>,</strong></span> <span class='ocrx_word' id='word_1_312' title='bbox 1083 3613 1186 3692; x_wconf 81' lang='lat' dir='ltr'><strong>quiin</strong></span> <span class='ocrx_word' id='word_1_313' title='bbox 1205 3632 1261 3669; x_wconf 85' lang='lat' dir='ltr'><strong>suo</strong></span> 
     </span>
     <span class='ocr_line' id='line_1_39' title="bbox 355 3691 1035 3774; baseline -0.009 -20"><span class='ocrx_word' id='word_1_314' title='bbox 355 3693 501 3774; x_wconf 83' lang='lat' dir='ltr'><strong>obsequio</strong></span> <span class='ocrx_word' id='word_1_315' title='bbox 520 3704 609 3760; x_wconf 77' lang='lat' dir='ltr'><strong>saint,</strong></span> <span class='ocrx_word' id='word_1_316' title='bbox 633 3691 841 3770; x_wconf 71' lang='lat' dir='ltr'><strong>unumquisque</strong></span> <span class='ocrx_word' id='word_1_317' title='bbox 862 3705 1035 3767; x_wconf 82' lang='lat' dir='ltr'><strong>cognoscat.</strong></span> 
     </span>
    </p>

    <p class='ocr_par' dir='ltr' id='par_1_10' title="bbox 168 3771 1265 3854">
     <span class='ocr_line' id='line_1_40' title="bbox 168 3771 1265 3854; baseline -0.005 -19"><span class='ocrx_word' id='word_1_318' title='bbox 168 3803 169 3806; x_wconf 41' lang='lat'>¹</span> <span class='ocrx_word' id='word_1_319' title='bbox 207 3773 283 3835; x_wconf 81' lang='lat' dir='ltr'><strong>XV.</strong></span> <span class='ocrx_word' id='word_1_320' title='bbox 325 3774 487 3854; x_wconf 86' lang='lat' dir='ltr'><strong>Deiuccps</strong></span> <span class='ocrx_word' id='word_1_321' title='bbox 513 3782 617 3832; x_wconf 89' lang='lat' dir='ltr'><strong>tamen</strong></span> <span class='ocrx_word' id='word_1_322' title='bbox 648 3772 795 3832; x_wconf 85' lang='lat' dir='ltr'><strong>omnibus</strong></span> <span class='ocrx_word' id='word_1_323' title='bbox 830 3771 1024 3831; x_wconf 82' lang='lat' dir='ltr'><strong>denuntiare</strong></span> <span class='ocrx_word' id='word_1_324' title='bbox 1052 3773 1202 3832; x_wconf 79' lang='lat' dir='ltr'><strong>volumus</strong></span> <span class='ocrx_word' id='word_1_325' title='bbox 1229 3782 1265 3830; x_wconf 92' lang='lat' dir='ltr'><strong>ut</strong></span> 
     </span>
    </p>

    <p class='ocr_par' dir='ltr' id='par_1_11' title="bbox 125 3847 1265 3940">
     <span class='ocr_line' id='line_1_41' title="bbox 125 3847 1265 3940; baseline -0.007 -22"><span class='ocrx_word' id='word_1_326' title='bbox 125 3864 300 3940; x_wconf 78' lang='lat' dir='ltr'><strong>cognoscat</strong></span> <span class='ocrx_word' id='word_1_327' title='bbox 313 3856 536 3936; x_wconf 90' lang='lat' dir='ltr'><strong>unusquisque</strong></span> <span class='ocrx_word' id='word_1_328' title='bbox 554 3875 664 3914; x_wconf 90' lang='lat' dir='ltr'><strong>omnes</strong></span> <span class='ocrx_word' id='word_1_329' title='bbox 685 3853 741 3933; x_wconf 87' lang='lat' dir='ltr'><strong>qui</strong></span> <span class='ocrx_word' id='word_1_330' title='bbox 765 3853 798 3912; x_wconf 93' lang='lat' dir='ltr'><strong>in</strong></span> <span class='ocrx_word' id='word_1_331' title='bbox 816 3875 874 3914; x_wconf 90' lang='lat' dir='ltr'><strong>suo</strong></span> <span class='ocrx_word' id='word_1_332' title='bbox 895 3852 1049 3932; x_wconf 88' lang='lat' dir='ltr'><strong>obsequio</strong></span> <span class='ocrx_word' id='word_1_333' title='bbox 1075 3853 1108 3910; x_wconf 92' lang='lat' dir='ltr'><strong>in</strong></span> <span class='ocrx_word' id='word_1_334' title='bbox 1135 3854 1191 3911; x_wconf 90' lang='lat' dir='ltr'><strong>tali</strong></span> <span class='ocrx_word' id='word_1_335' title='bbox 1202 3847 1265 3910; x_wconf 83' lang='lat' dir='ltr'><strong>&#39;iti-</strong></span> 
     </span>
    </p>

    <p class='ocr_par' dir='ltr' id='par_1_12' title="bbox 125 3934 1266 4022">
     <span class='ocr_line' id='line_1_42' title="bbox 125 3934 1266 4022; baseline -0.005 -24"><span class='ocrx_word' id='word_1_336' title='bbox 125 3963 202 4001; x_wconf 88' lang='lat' dir='ltr'><strong>nere</strong></span> <span class='ocrx_word' id='word_1_337' title='bbox 227 3948 384 4022; x_wconf 84' lang='lat' dir='ltr'><strong>pergunt,</strong></span> <span class='ocrx_word' id='word_1_338' title='bbox 417 3937 484 3997; x_wconf 81' lang='lat' dir='ltr'><strong>sive</strong></span> <span class='ocrx_word' id='word_1_339' title='bbox 508 3935 559 3996; x_wconf 87' lang='lat' dir='ltr'><strong>sui</strong></span> <span class='ocrx_word' id='word_1_340' title='bbox 584 3936 668 4007; x_wconf 86' lang='lat' dir='ltr'><strong>sint,</strong></span> <span class='ocrx_word' id='word_1_341' title='bbox 693 3936 758 3996; x_wconf 86' lang='lat' dir='ltr'><strong>sive</strong></span> <span class='ocrx_word' id='word_1_342' title='bbox 785 3934 903 4010; x_wconf 88' lang='lat' dir='ltr'><strong>alieni,</strong></span> <span class='ocrx_word' id='word_1_343' title='bbox 932 3943 968 3993; x_wconf 92' lang='lat' dir='ltr'><strong>ut</strong></span> <span class='ocrx_word' id='word_1_344' title='bbox 1003 3934 1058 3993; x_wconf 91' lang='lat' dir='ltr'><strong>ille</strong></span> <span class='ocrx_word' id='word_1_345' title='bbox 1084 3935 1123 3994; x_wconf 87' lang='lat' dir='ltr'><strong>de</strong></span> <span class='ocrx_word' id='word_1_346' title='bbox 1153 3955 1266 3993; x_wconf 89' lang='lat' dir='ltr'><strong>eorum</strong></span> 
     </span>
    </p>

    <p class='ocr_par' dir='ltr' id='par_1_13' title="bbox 124 4015 1265 4096">
     <span class='ocr_line' id='line_1_43' title="bbox 124 4015 1265 4096; baseline -0.007 -14"><span class='ocrx_word' id='word_1_347' title='bbox 124 4023 216 4083; x_wconf 86' lang='lat' dir='ltr'><strong>factis</strong></span> <span class='ocrx_word' id='word_1_348' title='bbox 234 4022 394 4082; x_wconf 87' lang='lat' dir='ltr'><strong>rationem</strong></span> <span class='ocrx_word' id='word_1_349' title='bbox 418 4041 450 4079; x_wconf 92' lang='lat' dir='ltr'><strong>se</strong></span> <span class='ocrx_word' id='word_1_350' title='bbox 472 4017 551 4078; x_wconf 88' lang='lat' dir='ltr'><strong>sciat</strong></span> <span class='ocrx_word' id='word_1_351' title='bbox 576 4019 798 4086; x_wconf 64' lang='lat' dir='ltr'><strong>redditurum</strong></span> <span class='ocrx_word' id='word_1_352' title='bbox 821 4026 852 4076; x_wconf 92' lang='lat' dir='ltr'><strong>et</strong></span> <span class='ocrx_word' id='word_1_353' title='bbox 873 4015 1032 4096; x_wconf 90' lang='lat' dir='ltr'><strong>quicquid</strong></span> <span class='ocrx_word' id='word_1_354' title='bbox 1050 4015 1111 4096; x_wconf 90' lang='lat' dir='ltr'><strong>ipsi</strong></span> <span class='ocrx_word' id='word_1_355' title='bbox 1132 4015 1164 4072; x_wconf 92' lang='lat' dir='ltr'><strong>in</strong></span> <span class='ocrx_word' id='word_1_356' title='bbox 1188 4033 1265 4094; x_wconf 82' lang='lat' dir='ltr'><strong>paee</strong></span> 
     </span>
    </p>

    <p class='ocr_par' dir='ltr' id='par_1_14' title="bbox 125 4085 1252 4184">
     <span class='ocr_line' id='line_1_44' title="bbox 125 4085 1252 4184; baseline -0.008 -19"><span class='ocrx_word' id='word_1_357' title='bbox 125 4105 276 4166; x_wconf 77' lang='lat' dir='ltr'><strong>violanda</strong></span> <span class='ocrx_word' id='word_1_358' title='bbox 295 4085 511 4184; x_wconf 90' lang='lat' dir='ltr'><strong>deliquerint,</strong></span> <span class='ocrx_word' id='word_1_359' title='bbox 532 4100 573 4162; x_wconf 91' lang='lat' dir='ltr'><strong>ad</strong></span> <span class='ocrx_word' id='word_1_360' title='bbox 590 4100 690 4183; x_wconf 86' lang='lat' dir='ltr'><strong>ipsius</strong></span> <span class='ocrx_word' id='word_1_361' title='bbox 709 4100 806 4161; x_wconf 88' lang='lat' dir='ltr'><strong>dehet</strong></span> <span class='ocrx_word' id='word_1_362' title='bbox 819 4098 1003 4180; x_wconf 89' lang='lat' dir='ltr'><strong>periculum</strong></span> <span class='ocrx_word' id='word_1_363' title='bbox 1019 4101 1070 4176; x_wconf 86' lang='lat' dir='ltr'><strong>m)</strong></span> <span class='ocrx_word' id='word_1_364' title='bbox 1086 4097 1252 4180; x_wconf 84' lang='lat' dir='ltr'><strong>pertinere</strong></span> 
     </span>
    </p>
   </div>
   <div class='ocr_carea' id='block_1_10' title="bbox 161 4267 813 4338">
    <p class='ocr_par' dir='ltr' id='par_1_15' title="bbox 161 4267 813 4338">
     <span class='ocr_line' id='line_1_45' title="bbox 161 4267 813 4338; baseline 0.005 -20"><span class='ocrx_word' id='word_1_365' title='bbox 161 4273 205 4332; x_wconf 86' lang='lat' dir='ltr'><strong>m)</strong></span> <span class='ocrx_word' id='word_1_366' title='bbox 224 4267 258 4319; x_wconf 84' lang='lat' dir='ltr'><strong>al.</strong></span> <span class='ocrx_word' id='word_1_367' title='bbox 277 4285 339 4320; x_wconf 84' lang='lat' dir='ltr'><strong>mss.</strong></span> <span class='ocrx_word' id='word_1_368' title='bbox 355 4267 515 4335; x_wconf 68' lang='lat' dir='ltr'><strong>residium,-¹</strong></span> <span class='ocrx_word' id='word_1_369' title='bbox 531 4268 670 4338; x_wconf 73' lang='lat' dir='ltr'><strong>pluviam,-</strong></span> <span class='ocrx_word' id='word_1_370' title='bbox 687 4267 813 4334; x_wconf 70' lang='lat' dir='ltr'><strong>plivium</strong></span> 
     </span>
    </p>
   </div>
   <div class='ocr_carea' id='block_1_11' title="bbox 0 0 1467 4986">
    <p class='ocr_par' dir='ltr' id='par_1_16' title="bbox 0 0 1467 4986">
     <span class='ocr_line' id='line_1_46' title="bbox 0 0 1467 4986; baseline 0 0"><span class='ocrx_word' id='word_1_371' title='bbox 0 0 1467 4986; x_wconf 95' lang='lat' dir='ltr'><strong> </strong></span> 
     </span>
    </p>
   </div>
  </div>
 </body>
</html>
