2926 4984
510 381 624 440 uaea
661 380 840 449 orturus.
1186 357 1259 431 sto

134 534 277 586 nostram
294 515 409 586 Comes
430 545 502 584 eum
526 525 680 586 advenire
702 525 813 592 faeiat;
837 531 868 584 et
889 527 1009 602 quanto
1030 528 1174 600 tempore
1203 540 1264 580 no-

132 605 182 747 }ris
198 607 364 752 placa-'effi
373 607 405 666 in
426 608 525 668 axilio
541 619 677 686 maneat,
692 617 724 670 et
741 609 830 668 illam
849 603 1003 665 seminam
1019 601 1048 662 ei
1065 600 1183 662 habere
1197 622 1263 664 non

149 697 244 750 rceat.
327 711 336 747 ι
364 711 418 750 .c.
443 711 492 751 22.
683 702 684 706 ’

413 796 462 854 Dc
475 795 574 877 salsis
596 797 725 856 testibus
749 789 985 855 convincendis.

219 898 436 961 CCXXXIX.
479 902 512 962 si
534 902 701 984 quiscum
721 901 822 960 altero
844 901 883 962 de
907 897 1055 982 qualibet
1074 917 1167 957 causa
1186 918 1265 958 con-

133 982 318 1044 tentionem
337 981 504 1059 habuerit,
528 995 560 1044 et
582 994 678 1047 testes
704 991 814 1044 contra
839 1005 913 1042 enm
933 1002 992 1064 per
1012 978 1168 1040 iudicium
1189 1002 1266 1061 pro-

135 1064 228 1128 ducti
246 1067 399 1141 fuerunt,
421 1066 448 1127 si
467 1068 563 1129 l'alsos
579 1090 633 1128 eos
652 1089 718 1128 esse
740 1065 932 1147 suspicatur,
950 1063 1047 1124 liceat
1062 1059 1092 1120 ei
1110 1061 1190 1122 alios
1207 1072 1268 1122 tes·

134 1157 196 1222 tes,
220 1170 301 1228 quos
316 1149 465 1208 meliores
484 1150 637 1230 potuerit,
660 1158 771 1211 contra
793 1170 846 1208 eos
860 1165 1036 1229 opponere,
1049 1151 1087 1204 ut
1104 1143 1267 1204 veracium

135 1229 321 1291 testimonio
344 1231 499 1292 falsorum
521 1234 649 1293 testium
673 1230 865 1314 perversitas
889 1235 1069 1309 superetur.
1121 1227 1219 1302 Quod
1239 1225 1267 1286 si

134 1311 247 1372 ambae
266 1322 370 1394 partes
391 1315 523 1374 testium
543 1315 586 1375 ita
611 1316 699 1376 inter
713 1335 746 1375 se
772 1312 999 1387 dissenserint,
1022 1316 1059 1366 ut
1081 1308 1268 1369 nullatenus

133 1415 292 1474 unapars
310 1395 402 1456 alteri
428 1398 544 1461 cedere
571 1397 671 1474 velit,
695 1397 856 1477 eligantur
880 1395 945 1456 duo
965 1415 1004 1458 ex
1025 1387 1125 1470 ipsis,
1155 1389 1188 1450 id
1209 1399 1267 1466 est,

135 1497 177 1538 ex
195 1485 332 1558 utraque
349 1487 439 1559 parte
464 1501 564 1556 unus,
587 1479 737 1562 quicum
761 1476 859 1540 scutis
882 1485 915 1538 et
934 1472 1074 1538 fustibus
1099 1471 1133 1532 in
1157 1493 1267 1556 campo

135 1557 321 1620 decertent.
360 1560 446 1627 Iln'd.
467 1582 493 1622 c.
517 1564 565 1628 25.

345 1667 393 1726 Dc
411 1668 582 1729 concordio
600 1668 829 1758 Episcoporum
843 1677 873 1725 et
893 1663 1058 1725 Comitum.

217 1773 338 1840 CCXL.
380 1775 422 1833 Ut
434 1773 585 1856 Episcopi
602 1797 675 1836 eum
689 1772 867 1837 Comitibus
883 1777 978 1844 stent,
996 1775 1027 1827 et
1039 1763 1180 1827 Comites
1195 1787 1268 1826 cum

133 1851 316 1936 Episcopis‚
335 1863 371 1915 ut
388 1864 525 1939 uterque
540 1857 682 1937 pleniter
698 1878 792 1918 suum
804 1850 1020 1915 ministerium
1034 1867 1188 1934 peragere
1198 1870 1269 1932 pos*

133 1935 187 2003 sit.
232 1937 366 2021 Capitol.
385 1937 445 2000 IV.
468 1963 497 2000 a.
516 1939 586 2004 806.
602 1963 627 2001 c.
649 1941 678 2016 4.

133 2063 186 2124 De
211 2063 407 2140 latronibus,
440 2067 624 2144 homicidis,
647 2067 815 2144 adulteris,
844 2067 1047 2143 incestuosis,
1077 2063 1133 2125 sub
1155 2081 1269 2141 niagno

497 2149 693 2210 districtione
715 2148 905 2210 coercendis.

223 2252 363 2318 CCXLI.
397 2257 438 2314 Ut
451 2256 603 2328 latrones,
627 2257 682 2315 vel
695 2253 888 2330 homicidae,
910 2275 967 2314 seu
981 2251 1130 2326 adulteri,
1153 2251 1207 2311 vel
1220 2251 1268 2310 in·

135 2335 372 2482 ppsbuosiksub
398 2359 512 2421 magna
534 2337 735 2400 districtione
756 2346 788 2398 et
809 2333 1097 2398 correctionesint
1117 2331 1267 2416 correpti

178 2441 187 2477 1
215 2461 222 2476 .
246 2439 272 2478 c.
315 2463 323 2478 .

436 2527 485 2586 De
507 2529 665 2588 invasione
692 2528 824 2588 aliorum
853 2547 966 2589 rerum.

222 2627 383 2696 CCXLlI.
425 2634 474 2692 De
493 2633 587 2694 rebus
597 2634 748 2714 propriis,
771 2643 806 2692 ut
823 2642 895 2692 ante
910 2632 1022 2692 Missos
1038 2627 1218 2690 etComites
1232 2637 1264 2688 et

138 2711 267 2772 ludices
284 2721 408 2774 nostros
427 2715 571 2794 veniant,
594 2726 627 2776 et
649 2717 694 2778 ihi
715 2715 873 2797 accipiant
893 2714 1048 2773 finitivam
1064 2708 1265 2794 sententiam

139 2803 174 2854 et
193 2801 286 2853 antea
308 2794 416 2856 nullus
436 2807 617 2878 praesumat
637 2799 831 2860 alteriusres
848 2795 1073 2878 proprindere,
1095 2792 1151 2852 sed
1170 2792 1269 2872 magis

138 2897 229 2936 suam
249 2898 375 2936 causam
399 2889 530 2960 quaerat
549 2890 622 2940 ante
640 2882 766 2942 Iudices
789 2889 924 2955 nostroS,
947 2886 981 2937 ut
998 2875 1149 2952 diximus,
1167 2881 1202 2938 et
1224 2871 1269 2934 ibi

138 2957 300 3040 recipiant
318 2961 407 3040 quod
429 2961 548 3023 iustum
569 2973 624 3028 est.
666 2963 744 3025 Itid
762 2987 788 3024 c.
810 2963 839 3024 6,
1294 2957 1296 2962 ’

218 3087 285 3148 Pro
309 3111 371 3172 qno
397 3111 431 3151 re
448 3093 481 3151 in
501 3093 711 3174 praesentiam
730 3092 821 3170 Regis
842 3091 951 3150 uenire
977 3089 1048 3170 quis
1067 3087 1188 3150 debeat.

224 3189 377 3255 CCXLll
384 3193 405 3260 l.
448 3199 491 3256 Ut
502 3196 528 3257 si
541 3196 657 3278 aliquis
674 3197 814 3257 voluerit
828 3196 934 3256 dicere
951 3193 1040 3276 quod
1056 3195 1139 3254 iuste
1156 3193 1185 3254 ei
1201 3215 1266 3254 non

137 3274 322 3353 iudicetur,
344 3285 424 3337 tunc
446 3278 479 3356 in
503 3279 715 3360 praesentiam
741 3288 881 3338 nostram
905 3277 1023 3342 veniat.
1065 3276 1169 3337 Aliter
1191 3289 1270 3337 vero

138 3378 204 3417 non
230 3370 412 3438 praesumat
432 3360 465 3419 in
485 3361 698 3440 praesentiam
711 3370 852 3422 nostram
869 3361 980 3423 venire
992 3379 1051 3444 pro
1064 3358 1196 3420 alterius
1211 3359 1273 3420 ius·

139 3439 210 3500 titia
228 3438 400 3507 dilatanda.
443 3443 526 3508 Itid.
549 3466 574 3505 c.
597 3467 625 3526 7.

138 3570 187 3632 Ne
206 3573 330 3637 nouiter
342 3575 485 3633 conversi
496 3575 558 3634 cito
579 3573 624 3634 ad
636 3575 741 3654 aliquo
756 3576 920 3632 mittantur
939 3557 1119 3634 exercendo
1138 3573 1272 3648 negotiu.

226 3675 406 3745 CCXLIV.
447 3682 495 3740 De
510 3679 599 3741 laicis
614 3681 741 3741 noviter
755 3678 929 3755 conversis,
944 3699 984 3738 ne
998 3687 1169 3758 antequam
1184 3697 1272 3736 suam

141 3758 249 3840 legem
281 3761 423 3840 pleniter
445 3761 586 3823 vivendo
616 3763 761 3838 discant,
791 3762 831 3822 ad
853 3762 920 3820 aliar
945 3759 1073 3842 negotia
1095 3760 1272 3820 mittantur.

140 3839 223 3924 App.
245 3846 273 3901 It
294 3865 320 3902 c.
341 3845 371 3905 8.

144 3947 232 4030 Quid
247 3948 344 4009 deltis
362 3949 517 4030 agendum
532 3952 573 4010 sit
586 3951 650 4030 otti,
663 3952 768 4026 gratio
778 3947 931 4028 sapiendi
947 3947 1085 4009 debiturn
1101 3948 1272 4017 servitium,

531 4032 668 4092 seculum
697 4031 885 4108 relinquunt.

231 4137 383 4202 CCXLV.
425 4141 474 4198 De
491 4133 542 4197 his
558 4134 612 4218 qui
632 4136 777 4195 seculum
802 4134 997 4214 relinquunt
1018 4146 1150 4217 propter
1174 4135 1280 4195 servi·-

143 4216 224 4278 tium
238 4211 495 4300 impediendum,
510 4230 542 4280 et
556 4228 634 4278 tunc
647 4229 797 4278 neutrum
807 4217 942 4295 faciunt,
959 4230 996 4279 ut
1010 4227 1111 4277 u'num
1124 4239 1140 4278 e
1152 4217 1282 4277 duobus,

145 4298 291 4384 eligant,
317 4312 370 4363 aut
387 4302 530 4387 pleniter
549 4300 728 4364 secundum
742 4299 930 4364 canonicam
941 4309 1006 4378 ¹aut
1023 4300 1202 4364 secundum
1224 4319 1282 4362 se-
