2926 4984
198 313 272 392 tol
570 400 572 406 ,
620 336 912 394 murmannus

596 475 647 536 De
667 474 787 536 indicto
802 473 928 539 ieiunio.

281 571 384 640 CLII.
407 575 503 655 Quod
522 577 640 662 siquis
660 580 819 642 indictum
844 575 1003 639 ieiunium
1018 573 1235 660 superbiendo
1245 597 1327 640 con-

194 659 377 743 tempserit,
400 667 432 719 et
453 659 622 723 observare
638 685 712 724 cnm
727 662 859 724 caeteris
880 659 1070 722 Christianis
1091 659 1255 738 noluerit,
1290 661 1326 720 in

196 742 375 826 Gangrensi
391 743 539 804 Concilio
559 743 756 828 praecipitur
771 754 807 805 ut
827 741 1124 819 anathematizetur,
1139 739 1201 802 nisi
1217 763 1328 804 emen·

201 824 277 886 dare
290 823 426 889 studeat.

385 934 390 948 “
570 931 620 991 De
634 929 801 993 dominicis
819 929 938 993 diebus.

277 1031 398 1096 CLIII.
440 1033 561 1098 Omnes
589 1035 657 1098 dies
687 1035 864 1098 dominicos
894 1051 974 1096 cum'
997 1032 1085 1094 omni
1113 1031 1325 1096 veneratione

195 1113 363 1177 observare
380 1116 597 1197 decrevimus,
618 1119 684 1180 etl
706 1117 815 1181 servili
834 1139 929 1200 opere
949 1116 1121 1177 abstinere.
1171 1115 1214 1175 Et
1237 1135 1327 1176 mer·

194 1207 283 1260 catus
297 1197 331 1258 in
351 1198 397 1260 eis
425 1198 556 1262 minime
576 1200 633 1279 sit,
655 1221 716 1263 nec
734 1199 889 1285 placitum
909 1199 965 1261 nbi
986 1197 1104 1282 aliquis
1130 1196 1170 1259 ad
1186 1206 1325 1259 mortem

194 1279 248 1342 vel
265 1279 306 1342 ad
319 1300 458 1364 poenam
474 1282 627 1350 tradatur.

651 1389 701 1450 De
725 1387 866 1468 decimis.

277 1485 394 1555 CLIV.
434 1488 652 1555 Admonemus
677 1503 773 1576 atque
796 1489 1009 1576 praecipimus
1043 1494 1079 1549 ut
1098 1486 1222 1550 decima
1249 1489 1324 1552 Deo

195 1571 328 1632 omnino
344 1570 415 1632 dari
441 1593 506 1632 non
525 1576 732 1659 neglegatur,
754 1597 850 1658 quam
867 1576 954 1636 Dens
975 1571 1041 1654 ipse
1060 1570 1121 1632 sibi
1151 1571 1220 1632 dari
1241 1593 1324 1632 con-

193 1652 317 1713 stituit:
340 1653 417 1734 quia
432 1653 611 1718 timendum
631 1668 678 1719 est
702 1667 736 1718 ut
752 1657 897 1740 quisquis
912 1658 983 1716 Deo
999 1675 1093 1715 sunm
1109 1653 1253 1715 debitum
1270 1654 1324 1714 ab·

193 1734 325 1810 strahit,
348 1756 389 1796 ne
410 1737 493 1798 forte
510 1740 599 1800 Deus
615 1760 675 1822 per
694 1750 860 1824 peccatum
880 1760 973 1798 suum
988 1736 1112 1797 auferat
1132 1735 1162 1795 ei
1177 1757 1324 1796 necessa·

193 1815 243 1876 ria
261 1837 340 1893 sua,
362 1817 467 1898 etqui
487 1819 643 1884 decimam
659 1824 729 1884 Deo
753 1821 827 1883 dare
847 1817 1046 1903 neglexerit,
1077 1838 1195 1879 novem
1214 1826 1323 1902 partes

193 1897 382 1959 auferantur
400 1899 439 1960 ab
460 1919 509 1966 eo.

507 2003 548 2066 Ut
564 2005 723 2068 Ecclesiae
740 2029 850 2092 pacem
871 2005 1014 2070 babeant.

194 2107 233 2140 ‘³'
277 2106 375 2172 CLV.
416 2109 519 2171 Reum
543 2114 786 2197 confugientem
810 2113 850 2174 ad
877 2111 1057 2174 Ecclesiam
1084 2131 1178 2172 nemo
1199 2110 1322 2172 abstra-

192 2189 272 2251 here
293 2191 425 2269 audeat,
447 2213 554 2274 neque
579 2195 655 2256 inde
670 2197 789 2258 donare
805 2197 846 2256 ad
864 2211 1001 2277 poenam
1018 2194 1069 2256 vel
1094 2194 1134 2254 ad
1166 2203 1321 2271 mortem,

194 2281 231 2331 nt
255 2272 361 2334 honor
381 2274 443 2334 Dei
473 2285 505 2335 et
527 2276 717 2338 Sanctorum
739 2278 808 2340 eius
839 2285 1064 2345 conservetur;
1093 2275 1149 2336 sed
1177 2285 1322 2338 rectores

192 2351 412 2417 Ecclesiarum
431 2376 543 2437 pacem
558 2368 589 2418 et
609 2358 707 2419 vitam
719 2381 755 2419 ac
768 2361 908 2421 membra
924 2357 969 2419 eis
987 2358 1133 2418 obtinere
1157 2358 1320 2419 studeant.

127 2481 129 2486 ·
192 2435 315 2500 Tamen
340 2437 483 2520 legitime
506 2451 699 2523 componant
721 2442 808 2524 quod
827 2443 939 2523 inique
956 2441 1115 2504 fecerunt.

493 2548 614 2606 Iterum
635 2545 675 2605 ale
693 2568 772 2631 pace
797 2547 1019 2607 Ecclesiarum.

275 2645 391 2710 CLVI.
431 2649 650 2733 Praecipimns
664 2662 700 2718 ut
713 2652 746 2712 in
767 2652 938 2730 Ecclesiis,
960 2650 1064 2712 autin
1087 2647 1234 2712 domibus
1249 2648 1321 2712 Ec-

193 2726 381 2807 clesiorum,
403 2733 455 2793 vel
472 2732 507 2792 in
523 2734 610 2794 atriis
630 2735 747 2817 placita
763 2735 920 2797 secularia
938 2733 1070 2794 minime
1089 2732 1175 2791 fiant.

259 2929 261 2934 ¹
332 2857 375 2920 Ut
405 2862 551 2946 antiquae
573 2862 732 2926 Ecclesiae
757 2865 907 2925 bonorem
923 2885 1011 2924 suum
1029 2862 1172 2924 habeant.

277 2959 410 3026 CLVII.
451 2965 616 3029 Ecclesiae
634 2968 811 3050 antiquitus
826 2969 1015 3030 constitutae
1036 2990 1096 3028 nec
1111 2966 1242 3028 decimis
1254 2989 1317 3031 nec

193 3040 264 3104 aliis
280 3047 531 3128 possessionibus
546 3050 737 3132 priventur,
759 3053 802 3110 ita
823 3060 860 3111 ut
877 3050 969 3142 novis
999 3048 1146 3144 oratoriis
1168 3050 1317 3112 tribuan-

192 3134 256 3187 tur.
298 3128 404 3212 Supra
418 3131 488 3195 Lz‘h.
506 3132 553 3194 Il.
571 3152 597 3192 c.
613 3132 661 3192 36.

509 3237 558 3298 De
576 3235 736 3321 beneficiis
756 3239 984 3303 ecclesiasticis.

274 3335 426 3404 CLVIII.
468 3341 664 3423 Quicunque
688 3341 882 3403 beneficium
903 3343 1156 3405 ecclesiasticmn
1176 3341 1315 3422 habent,

192 3419 232 3481 ad
252 3427 337 3481 tecta
352 3421 517 3484 Ecclesiae
536 3425 742 3485 restauranda
757 3425 809 3486 vel
825 3424 906 3504 ipsas
925 3425 1085 3486 Ecclesiae
1100 3425 1314 3488 emendandas

192 3501 323 3648 omgnipo
340 3503 511 3661 adipvent,
535 3515 567 3568 et
585 3527 702 3566 nonam
719 3516 751 3568 et
773 3507 929 3568 decimam
944 3509 1091 3570 reddant.
1134 3507 1266 3590 Capitol.
1284 3508 1314 3572 I.

191 3607 220 3646 a.
261 3606 270 3644 1
297 3634 306 3650 .
328 3605 388 3646 aa
756 3623 758 3628 ·

441 3692 489 3752 Ne
506 3692 677 3770 Presbyter
696 3695 827 3754 Missam
844 3695 929 3755 solas
949 3707 1060 3760 cantet.

272 3791 390 3856 CLIX.
431 3796 546 3858 Nullus
571 3798 762 3880 Presbyter,
785 3808 821 3858 ut
836 3800 927 3860 nobis
942 3800 1092 3878 videtur,
1126 3802 1214 3862 solus
1235 3801 1315 3864 Mis·

188 3897 253 3937 sam
270 3887 397 3938 cantare
413 3888 499 3940 recte
516 3880 610 3940 valet.
653 3882 822 3958 Quomodo
843 3881 929 3942 enim
942 3882 1028 3944 dicet
1042 3885 1197 3943 Dominus
1209 3885 1317 3944 uobis-

188 3979 277 4031 cum,
299 3961 352 4019 vel
372 3981 497 4020 sursum
512 3961 608 4022 corda
622 3962 808 4023 admonebit
831 3963 966 4042 habere,
989 3973 1021 4027 et
1044 3964 1108 4025 alia
1135 3966 1235 4027 multa
1261 3964 1314 4029 his
1416 3995 1422 4002 ·

188 4038 322 4118 similia,
345 4063 419 4102 cum
432 4043 514 4104 alius
531 4064 625 4105 nemo
644 4065 716 4104 cnm
740 4067 778 4106 eo
793 4046 852 4106 sit?
1070 4113 1075 4122 Χ

364 4148 415 4206 De
432 4149 590 4209 oblatione
615 4162 645 4212 et
666 4171 744 4235 pace
764 4152 797 4211 in
817 4149 961 4212 Ecclesia
969 4149 1132 4234 facienda.

271 4250 369 4318 CLX.
413 4251 619 4321 Oblationem
634 4277 764 4342 quoqne
789 4265 820 4321 et
842 4279 953 4342 pacem
975 4257 1008 4318 in
1037 4256 1184 4322 Ecclesia
1204 4235 1329 4323 lacere.
