2910 4984
475 249 487 279 Ι

307 422 994 538 , ΛΡΡΕΝΒῘΧΑ

582 587 799 602 Μ

231 694 256 754 l.
298 624 499 757 vhnsm
531 687 758 768 ANTIQUA
788 685 1157 755 CAPITULARIS.

173 825 245 888 Lex
264 809 442 886 Hbsduvici
459 819 537 897 Aug.
559 829 590 880 ct
609 817 776 878 Hlotlrnrr'i
794 815 939 880 Caesaris
960 819 998 881 F.
1019 840 1062 882 ese
1082 821 1135 886 lib.
1150 821 1210 885 IV.

391 955 397 962 ,
494 901 608 963 Frons.
628 901 818 984 legum-cap.
843 921 889 984 ¹9·
1125 937 1129 942 -

622 1031 757 1046 w

129 1163 172 1224 Ut
191 1156 413 1240 unusquisqne
432 1151 527 1213 homo
542 1147 626 1212 liber
672 1147 758 1210 That
784 1149 836 1211 ein
864 1147 1035 1236 ¹jout’elihe
1064 1178 1138 1220 man
1175 1157 1256 1220 frier

125 1251 317 1329 potestatem
336 1238 462 1308 habeat,
484 1233 624 1294 ubieun·
673 1233 804 1328 genusii
829 1231 932 1302 have.
955 1259 989 1298 so
1019 1259 1098 1302 vuar
1125 1262 1195 1304 sose
1220 1262 1256 1304 er
1347 1258 1350 1264 ·

127 1347 193 1410 que
215 1321 364 1400 voluerit,
380 1341 432 1382 res
446 1337 518 1380 suas
538 1317 624 1381 dare.
674 1377 679 1392 ,
711 1314 807 1376 vuilit
821 1316 941 1379 sachun
956 1319 1030 1383 sinu
1045 1344 1082 1385 ce
1103 1345 1234 1407 geuene.
1267 1350 1271 1358 ⁴

127 1433 168 1531 Si
200 1477 260 1547 quis
292 1494 334 1531 res
365 1493 425 1530 snas
456 1489 503 1544 pro
533 1469 622 1522 salute
671 1420 911 1550 souerse-sachun
924 1468 985 1525 sinu
997 1472 1118 1532 thuruhe
1132 1477 1253 1533 saliche-

126 1548 231 1600 animae
239 1565 302 1600 suae
311 1547 354 1601 vel
368 1547 402 1598 ad
413 1543 530 1614 aliquem
539 1557 623 1592 vene-
669 1535 697 1588 dr
711 1537 770 1588 selu
783 1555 871 1602 sineru
889 1539 953 1594 athe
970 1559 1001 1595 ce
1017 1545 1135 1602 anderrn
1151 1549 1252 1603 craftli-

124 1618 237 1670 rabilem
254 1617 400 1673 locumvel
415 1626 620 1684 propinquosuo
669 1606 751 1659 eheru
779 1617 833 1661 stat
864 1609 926 1663 athe
952 1613 1126 1682 gelegenemo
1151 1621 1253 1672 sinemo

127 1688 173 1740 vel
201 1688 316 1740 cuilibet
340 1687 419 1739 alteri
444 1684 549 1745 tradere
572 1696 620 1733 vo·
669 1677 735 1758 athe
749 1694 778 1729 se
797 1685 829 1742 a)
845 1696 942 1732 vuemo
967 1685 1094 1739 andremo
1119 1690 1253 1742 versellan

123 1756 234 1822 luerit,
270 1767 298 1810 et
331 1774 362 1809 eo
401 1766 521 1824 tempore
550 1749 619 1801 intra
669 1747 750 1799 vuilit
767 1748 830 1800 inde
841 1763 873 1800 ce
891 1750 982 1804 themo
997 1755 1254 1812 cideinnenevuen-

101 1823 213 1898 ⁴ipsum
247 1827 404 1880 comitatum
445 1823 547 1886 luerit,
590 1819 620 1871 in
667 1817 743 1868 diurn
753 1817 785 1885 ό)
797 1817 876 1871 theru
888 1821 992 1876 selueru
1008 1828 1124 1892 grasceffi
1133 1830 1215 1882 vuisit
1224 1829 1254 1880 in

124 1914 181 1967 quo
205 1915 246 1949 res
271 1897 336 1948 illae
363 1895 466 1966 positae
493 1894 562 1946 sint:
578 1890 621 1942 le·
671 1886 750 1938 theru
768 1886 871 1968 sachun
891 1889 948 1942 thie
976 1905 1049 1962 gesat
1074 1897 1145 1966 sint;
1177 1897 1256 1953 vuiz-

123 1967 241 2032 gitirnam
256 1967 428 2020 traditionem
452 1965 539 2017 faeere
562 1969 620 2013 stu·
667 1966 727 2008 aeta
764 1957 823 2010 thia
852 1960 910 2011 sala
941 1977 974 2014 ce
1007 1964 1114 2031 gedune
1147 1969 1255 2034 geulize

122 2037 195 2091 deae,
210 2037 289 2106 Quod
299 2037 320 2088 ,ἱ
329 2037 551 2104 ςοᾱθωηωροω
565 2048 620 2102 quo
667 2027 740 2108 Tliat
755 2045 805 2080 avo
814 2029 945 2090 c)tbemo
952 2032 1071 2088 seluemo
1084 2037 1145 2090 cide
1155 2037 1253 2090 tbater

120 2106 183 2159 illas
213 2107 319 2159 tradere
344 2107 421 2170 vult,
449 2113 524 2158 extra
551 2120 621 2155 eun·
667 2095 771 2164 thrud)
795 2097 882 2150 sellan
900 2102 981 2156 vuilit
1005 2109 1253 2164 uzzenevuendiun

123 2175 188 2228 dem
206 2177 363 2230 comitatum
380 2175 472 2238 fuerit,
491 2175 547 2228 i..e.
563 2172 619 2225 sive
666 2166 747 2248 theru
778 2168 895 2234 grasceffi
929 2173 1011 2226 vuisit
1040 2175 1101 2230 that
1125 2178 1161 2230 ist
1187 2177 1254 2230 athe

119 2243 149 2296 ίῃ
168 2247 291 2299 exercitu
310 2266 331 2302 s,
344 2247 374 2298 in
390 2244 491 2316 palatio
503 2263 525 2299 ς,
537 2243 572 2294 in
591 2259 620 2293 a·
666 2253 696 2287 tn
713 2235 779 2290 here
796 2237 860 2291 athe
877 2237 906 2291 in
921 2242 1012 2312 palice
1032 2246 1095 2299 athe
1112 2248 1140 2298 in
1151 2248 1254 2299 andern

121 2314 160 2366 lio
205 2315 330 2386 quolibet
371 2318 448 2378 loco,
491 2311 620 2366 adhibeat
666 2308 906 2388 sumeuuelicheru
957 2314 1027 2365 stedi
1069 2326 1253 2370 samantneme

120 2383 172 2435 sibi
201 2388 247 2437 vel
269 2387 307 2438 de
325 2384 383 2438 suis
397 2383 556 2456 pagensibus
574 2381 619 2436 vel
667 2377 741 2429 1111110
752 2377 1254 2450 athevanesinsn·ge1andunatheva-

120 2453 156 2506 de
174 2454 234 2508 aliis
253 2457 300 2526 qui
319 2455 413 2508 eadem
432 2457 491 2521 lege
510 2454 616 2516 vivunt,
669 2463 704 2499 ne
714 2448 819 2500 andern
829 2449 886 2502 thie
895 2450 1082 2507 theruselueru
1092 2457 1255 2508 vuizzidile-
1306 2451 1309 2466 ⁴

121 2541 176 2593 qua
202 2526 259 2594 ipse
295 2526 377 2589 vivit,
410 2534 492 2578 testes
527 2523 622 2575 idone·
667 2524 755 2574 vene)
768 2518 847 2571 theru
866 2535 897 2571 er
911 2521 986 2574 selvo
1001 2523 1081 2578 leuitt
1101 2528 1254 2580 urcundum

120 2607 159 2646 os.
175 2595 228 2648 Vel
241 2595 262 2646 si
273 2594 334 2648 illos
345 2594 443 2648 habere
461 2611 515 2646 non
524 2603 621 2660 potue·
667 2585 869 2650 retliche,rl11ur
880 2608 943 2642 auor
953 2593 1105 2648 thiehavan
1113 2596 1161 2648 nin
1171 2596 1253 2648 mach

122 2663 174 2722 rit,
209 2661 276 2716 tunc
310 2665 344 2718 de
378 2666 435 2716 aliis
461 2665 555 2735 quales
580 2661 619 2712 ibi
667 2655 750 2708 thane
776 2673 845 2710 vane
864 2661 965 2712 andern
989 2681 1018 2715 so
1037 2664 1165 2719 vueliche
1190 2665 1253 2718 thar

122 2733 248 2785 meliores
273 2735 389 2787 inveniri
415 2743 535 2805 possunt.
580 2731 619 2783 Et
667 2724 780 2778 bezzera
797 2728 896 2780 vindan
907 2747 1006 2798 mugen
1020 2734 1163 2788 vuerthan.
1183 2737 1253 2788 Inde

120 2805 354 2856 corameisrerunr
372 2821 480 2856 suarum
495 2801 618 2856 traditio·
667 2813 730 2848 vora
772 2796 820 2848 hin
862 2799 986 2854 sachunu
1030 2805 1120 2857 sineru
1162 2809 1255 2858 salun-

121 2887 185 2923 nem
212 2875 294 2927 faeiat
318 2883 345 2926 et
370 2875 537 2927 fideiussores
560 2887 619 2924 ves·
668 2883 700 2932 ga
748 2867 846 2932 gedue·
896 2869 961 2922 inde
1001 2871 1120 2942 burigun
1174 2875 1255 2928 theru
1317 2927 1321 2935 .

121 2942 222 2995 ritune
238 2941 322 2996 donet
336 2945 361 2996 ei
371 2946 418 3014 qui
429 2941 630 2997 illamtraditi·'
667 2937 777 3016 geuueri
813 2953 878 3002 geue
911 2938 984 2992 himo
1018 2943 1080 2996 ther
1116 2943 1174 2996 thia
1210 2965 1253 2998 sa-

123 3011 619 3082 onemaccipitutvestituramfaciat.
667 3005 696 3055 la
737 3005 836 3058 lssf‘lhll
870 3008 952 3080 (thal)
985 3014 1098 3079 geuueri
1144 3013 1252 3082 gedue,

122 3079 157 3132 Et
174 3093 317 3154 postquam
344 3083 457 3136 traditio
484 3084 524 3136 ita
548 3083 621 3134 fecta
669 3073 738 3154 Infle
777 3076 856 3128 ather
895 3079 956 3132 thiu
999 3084 1056 3134 sala
1097 3099 1129 3136 so
1174 3095 1255 3150 getnn

122 3149 206 3205 fuerit
256 3154 334 3206 heres
385 3154 460 3206 illius
515 3153 621 3206 nullam
668 3143 782 3198 vuirthit
797 3163 951 3212 geaneruun
966 3151 995 3205 in
1013 3154 1132 3226 seluesf)
1148 3157 1257 3208 neieina

122 3219 159 3272 tle
210 3223 354 3292 praedictis
401 3224 481 3276 rebus
531 3223 622 3276 valeat
669 3230 739 3294 vona
748 3215 884 3268 thenvora
893 3231 1066 3290 gequetanen
1080 3223 1184 3278 sachun
1194 3242 1253 3277 mu·

124 3289 217 3344 facere
251 3293 448 3364 repetitionem,
508 3295 622 3362 Insuper
671 3300 696 3365 gr
743 3285 851 3350 geduan
894 3288 1040 3359 irvangida.
1086 3293 1175 3346 Thara
1198 3295 1257 3349 wiri

125 3368 155 3411 et
188 3362 245 3431 ipse
279 3382 327 3433 per
360 3381 388 3416 se
424 3361 623 3416 fideiussionem
671 3353 736 3412 tnde
771 3357 845 3408 selvo
879 3360 1000 3416 thuruch
1043 3361 1101 3415 sich
1138 3362 1255 3431 burigun

108 3427 210 3482 'saciat
238 3431 358 3487 eiusdem
391 3434 554 3497 vestiturae,
587 3448 623 3483 ne
672 3424 759 3489 gedue
777 3425 963 3482 theruselveru
990 3433 1104 3496 geuueri
1121 3435 1167 3486 oio
1196 3435 1258 3488 the·

124 3497 220 3552 heredi
260 3503 318 3554 nlla
362 3505 468 3556 occasio
503 3519 625 3556 remane·
673 3510 715 3574 1110
747 3511 898 3560 gennerven
933 3499 1043 3568 thegein
1078 3504 1175 3555 ursach
1208 3503 1257 3556 be-

123 3578 154 3621 at
171 3569 242 3622 hanc
259 3572 430 3626 traditionem
447 3571 621 3636 immutandi3
671 3561 729 3614 11116
779 3566 837 3617 thio
880 3568 937 3620 sala
979 3587 1010 3624 ce
1063 3569 1193 3626 bekerine
1230 3573 1259 3641 g)

125 3639 172 3690 sed
195 3643 286 3711 potius
314 3645 459 3697 necessitas
483 3641 624 3696 incumbat
671 3632 771 3684 sunder
825 3654 899 3690 11111111
962 3649 1012 3692 nol
1066 3641 1174 3710 analige
1225 3643 1258 3700 tu

125 3705 202 3760 illam
220 3713 387 3781 perficiendi.
450 3713 529 3765 Etsi
555 3729 623 3764 non·
672 3703 849 3758 thiatburuch
858 3709 1043 3774 cegefremine
1054 3711 1122 3765 Inde
1131 3712 1260 3764 avonoclr
1320 3731 1323 3742 ¹

125 3777 192 3830 dum
209 3799 249 3832 res
267 3800 328 3834 suas
355 3800 417 3834 cum
444 3783 624 3836 coheredibus
671 3773 774 3853 thanne
803 3777 907 3830 sachun
944 3780 1005 3832 sinu
1035 3779 1077 3832 bit
1101 3798 1259 3847 geaneruun

125 3849 182 3901 eui„
226 3850 323 3904 divis„
364 3851 465 3907 habeat
499 3869 553 3907 „011
587 3852 623 3905 ,ῑι
671 3861 748 3895 sinen
765 3847 951 3912 gesunduruth
970 3867 1005 3904 ne
1022 3850 1131 3905 hauoda
1144 3851 1171 3920 ι’)
1190 3870 1225 3905 ne
1239 3855 1260 3904 si

131 3941 357 3963 hum-...-
674 3943 966 3964 Ἣ

155 3994 181 4039 al
199 3992 267 4036 Forte
280 4009 311 4038 so.
698 3991 722 4027 ei
739 3991 817 4032 levent.

155 4047 181 4101 o)
195 4047 284 4093 vitiose
312 4051 374 4106 apud
396 4052 498 4098 Brower.
521 4051 626 4094 ouom·
694 4043 727 4102 s)
738 4048 858 4094 suessam,

202 4108 298 4152 „edim
702 4108 730 4156 g)
743 4113 767 4140 es
782 4103 944 4152 herrandolenr.

156 4165 183 4214 o)
198 4166 246 4214 aba,
704 4165 732 4208 11)
744 4163 852 4203 aravatio.

155 4223 181 4274 d)
192 4221 295 4268 Brower.
304 4227 359 4268 trus.
704 4219 726 4276 ῐ)
747 4235 774 4263 ue
791 4219 882 4292 habndu-
