2910 4986
541 349 655 407 unsa
683 346 856 406 asarias.
1187 323 1261 398 457

129 493 245 581 pabilis
267 489 444 555 iudicetur.
468 491 502 554 Si
520 492 561 552 ad
577 489 750 553 secundam
771 483 1014 569 inquisitionem
1028 503 1103 543 eum
1124 481 1262 545 reddere

136 575 294 652 noluerit,
316 575 448 656 triginta
468 574 578 636 solidis
594 572 764 655 culpabilis
781 570 950 630 iudicetur.
994 566 1029 627 Si
1050 586 1110 626 nec
1131 565 1172 625 ad
1193 575 1261 625 ter-

131 662 206 721 tiam
231 658 477 738 inquisitionem
501 653 682 719 consentire
698 653 861 729 voluerit,
883 647 1039 732 quicquid
1059 670 1133 708 reus
1155 647 1263 709 damni

127 741 266 810 fecerit,
289 749 391 800 toturn
411 740 467 800 ille
481 741 537 820 qui
563 762 635 800 eum
662 738 746 796 infra
772 736 1006 794 immunitatem
1028 731 1169 807 retinet,
1203 751 1263 791 nec

126 825 268 884 reddere
288 825 376 897 vult,
398 823 523 882 solvere
536 832 678 903 cogatur.
721 821 763 880 Et
785 819 852 898 ipse
869 819 982 878 Comes
1003 813 1136 874 veniens
1157 812 1263 873 licen-

126 907 206 965 tiam
229 905 345 963 babeat
364 904 464 984 ipsum
491 904 653 966 hominem
681 903 765 960 infra
799 899 1030 959 immunitatem
1060 895 1260 976 quaerendi,

127 987 319 1066 ubicunque
344 1009 418 1046 eum
440 987 586 1047 invenire
605 985 755 1068 potuerit.
798 983 831 1044 Si
853 993 960 1042 autem
982 977 1086 1040 statim
1109 977 1264 1060 inprime

129 1068 345 1150 inquisitione
364 1069 479 1129 Comiti
499 1065 685 1152 responsum
703 1067 802 1127 suerit
815 1066 901 1147 quod
923 1085 997 1124 reus
1016 1062 1099 1119 infra
1114 1061 1262 1120 immuni·

129 1160 231 1213 tatem
254 1151 384 1234 quidem
408 1151 540 1229 fuisset,
562 1151 617 1212 sed
646 1152 721 1232 fuga
745 1149 851 1231 lapsus
884 1147 942 1223 sit,
973 1146 1058 1204 iuret
1082 1143 1169 1223 qnod
1195 1142 1262 1223 ipse

131 1234 264 1295 eumad
282 1233 432 1293 iustitiam
456 1234 632 1299 cuiuslibet
651 1231 883 1293 disfaciendam
899 1231 1008 1311 sugere
1027 1246 1091 1287 non
1119 1225 1262 1304 fecisset,

130 1324 166 1376 et
185 1316 226 1374 sit
243 1315 273 1374 ei
301 1315 334 1374 in
355 1317 416 1376 hoc
440 1317 644 1380 satisfactum.
687 1316 721 1377 Si
737 1325 842 1374 autem
864 1311 997 1372 intranti
1018 1309 1051 1368 in
1080 1307 1180 1387 ipsam
1200 1307 1262 1367 im-

129 1398 325 1456 munitatem
348 1398 465 1458 Comiti
488 1402 623 1460 collecta
637 1419 732 1456 manu
747 1396 900 1476 quislibet
913 1393 1062 1454 resistere
1077 1391 1263 1467 tentaverit,

129 1481 248 1556 Comes
261 1479 323 1539 hoc
339 1480 380 1556 ad
396 1483 514 1562 Regem
535 1480 643 1542 velud
664 1479 850 1561 Principem
876 1478 1022 1550 deferat,
1045 1472 1155 1551 ibique
1175 1472 1262 1532 iudi·

129 1571 237 1638 cetur,
251 1571 286 1620 ut
295 1562 377 1623 sicut
390 1563 446 1623 ille
458 1563 514 1642 qui
529 1564 562 1623 in
574 1562 774 1622 immunitate
788 1562 938 1622 damnum
950 1557 1204 1618 fecitsexcentoe
1214 1577 1264 1615 so·

129 1644 217 1704 lidos
238 1665 430 1724 componere
450 1646 581 1721 debeat,
606 1646 648 1706 ite
673 1646 728 1725 qui
741 1643 858 1704 Comiti
873 1642 1009 1702 collecta
1024 1658 1122 1698 manu
1137 1635 1263 1697 resiste·

131 1747 170 1786 re
180 1727 437 1809 praesumpserit,
445 1729 603 1790 sexcentis
618 1728 728 1789 solidis
745 1725 914 1808 culpabilis
925 1723 1097 1786 iudicetur.
1120 1717 1262 1780 ltidaa.

133 1831 186 1892 De
207 1853 241 1892 eo
258 1835 315 1913 qui
335 1835 430 1894 alium
451 1835 484 1892 in
503 1834 653 1894 iudicium
680 1835 793 1892 iniuste
810 1845 920 1892 contra
940 1831 1036 1890 aliam
1058 1826 1262 1888 altercantem

476 1915 629 1976 adiuuare
643 1916 899 1999 praesumpserit.

213 2016 358 2078 XXVII.
401 2019 524 2100 Siquis
542 2019 708 2080 hominem
729 2020 762 2079 in
781 2020 902 2080 iudicio
920 2019 1039 2080 iniuste
1058 2017 1176 2079 ‘contra
1202 2016 1262 2076 ali-

126 2121 185 2159 um
204 2101 415 2170 altercantem
431 2102 666 2182 adiuvarelper
680 2104 799 2163 malum
818 2102 986 2184 ingenium
997 2105 1030 2178 v)
1044 2121 1263 2183 praesumpse-

127 2183 189 2258 rit,
212 2191 308 2263 atque
327 2185 403 2244 inde
420 2185 706 2268 eoramlludicibus
727 2187 780 2248 vel
800 2207 905 2246 coram
926 2185 1050 2245 Comite
1077 2185 1261 2266 increpatus

126 2264 249 2339 fuerit,
273 2273 305 2324 et
322 2287 438 2344 negare
461 2291 528 2328 non
549 2269 711 2350 potuerit,
741 2269 851 2332 solidis
878 2266 1067 2350 quindecim
1089 2263 1261 2350 culpabilis

127 2346 303 2406 iudicetur.
346 2349 431 2408 Jtid.
446 2354 516 2428 cd.

212 2454 261 2512 De
277 2454 400 2513 bomine
419 2458 474 2536 qui
493 2479 554 2541 per
568 2460 709 2518 chartam
723 2458 897 2518 libertatem
915 2468 1096 2533 consecutus
1121 2470 1176 2522 est.

212 2557 375 2619 XXVlll.
419 2562 452 2622 si
477 2564 548 2644 quis
564 2585 621 2646 per
644 2564 785 2636 chartam
801 2562 1008 2644 ingenuitatis
1023 2564 1039 2622 d
1057 2563 1188 2625 domino
1202 2587 1261 2627 suo

127 2641 276 2722 legitime
290 2641 472 2704 libertatem
491 2655 538 2706 est
554 2657 762 2723 consecutus,
785 2646 868 2706 liber
889 2655 1084 2728 permaneat.
1134 2647 1167 2706 Si
1181 2668 1260 2708 vero

127 2723 246 2817 aliquis
265 2745 336 2782 eum
355 2724 472 2787 iniuste
489 2727 645 2789 inservire
661 2729 843 2804 tentaverit,
868 2737 901 2788 et
918 2728 973 2787 ille
1003 2728 1145 2787 chartam
1167 2729 1260 2810 inge·

126 2806 261 2870 nudatis
290 2828 367 2870 suae
394 2809 589 2888 ostenderit,
618 2822 650 2872 et
678 2811 894 2872 adversarium
919 2831 953 2870 se
981 2809 1140 2870 inservire
1174 2812 1261 2873 velle

125 2888 365 2968 comprobavit,
388 2891 444 2950 ille
462 2892 519 2972 qui
542 2894 605 2954 hoc
631 2895 817 2972 tentaverit,
839 2893 972 2951 multam
990 2915 1072 2974 quae
1093 2891 1126 2950 iu
1149 2893 1260 2954 charta

125 2969 285 3064 descripta
304 2980 350 3031 cst
377 2975 502 3037 solvere
524 2988 664 3058 cogatur.
716 2977 749 3036 Si
778 2999 856 3037 vero
882 2974 990 3035 charta
1020 2996 1084 3036 non
1114 2977 1261 3057 paruerit

124 3051 182 3144 sed
206 3074 268 3110 iam
288 3054 326 3112 ab
349 3053 406 3114 illo
423 3056 477 3136 qui
501 3079 575 3117 eum
598 3058 755 3120 inservire
771 3058 910 3118 voluerit
941 3057 1072 3118 disfacta
1093 3067 1160 3136 est,
1182 3059 1258 3120 wir-

125 3133 249 3212 gildum
270 3135 339 3196 eius
359 3149 545 3218 componat,
569 3142 645 3203 duas
660 3151 764 3223 partes
787 3140 837 3200 illi
855 3160 951 3221 quem
967 3141 1124 3202 inservire
1142 3142 1256 3204 volue-

124 3223 175 3273 rat
186 3260 200 3300 ,A
216 3217 345 3276 tertiam
358 3219 437 3301 Regi
450 3245 463 3290 s
482 3231 513 3282 et
536 3222 592 3283 ille
615 3226 732 3285 iterum
746 3245 805 3306 per
820 3232 1027 3305 praeceptum
1042 3223 1138 3305 Regis
1157 3224 1259 3286 liben-
1275 3245 1278 3250 ·

123 3304 222 3357 tatem
243 3321 332 3360 suam
349 3303 529 3382 conquirat.
571 3305 654 3367 Ibid.
668 3329 693 3366 c.
711 3328 739 3387 7.

278 3405 327 3467 Dc
348 3408 472 3468 horariae
493 3410 591 3472 libero
608 3413 663 3493 quai
685 3413 717 3470 re
738 3413 807 3471 Ioco
831 3411 934 3472 wadii
954 3411 1097 3473 tradidit.

207 3507 336 3605 XXlX.
377 3513 475 3576 Liber
498 3516 603 3595 quise
633 3517 707 3577 loco
733 3517 827 3579 wadii
854 3516 886 3577 in
912 3519 1044 3580 alterius
1070 3530 1258 3600 potestatem

124 3602 338 3686 commisemt,
361 3595 471 3676 ibique
490 3599 689 3660 constitutus
705 3601 854 3662 damnum
871 3601 1002 3681 aliquod
1018 3603 1151 3664 cuilibet
1172 3607 1256 3665 iece-

121 3680 184 3747 nt,
202 3695 264 3766 ,qur
287 3695 361 3768 cum
379 3678 411 3735 in
431 3679 503 3739 loco
523 3681 617 3740 wadii
632 3683 794 3763 suscepit,
817 3691 871 3743 aut
886 3683 1036 3748 damnum
1057 3685 1179 3761 solvat,
1201 3695 1256 3745 aut

120 3751 287 3814 bominem
309 3778 341 3816 111
363 3760 462 3820 mallo
481 3763 672 3841 productum
692 3765 847 3842 dimittat,
870 3767 1009 3846 perdens
1035 3766 1129 3826 simul
1163 3767 1255 3829 debi-

120 3844 189 3930 tum
201 3847 335 3932 propter
360 3842 449 3921 quod
470 3865 542 3902 eum
558 3867 616 3926 pro
632 3846 735 3906 wadio
753 3848 902 3928 suscepit.
944 3849 986 3910 Et
1015 3848 1072 3929 qui
1103 3849 1255 3909 damnum

120 3917 216 4012 fecit,
240 3919 388 3982 dimissas
410 3924 499 3983 iuxta
516 3928 703 4007 qualitatem
719 3929 767 3989 rei
785 3939 920 4012 cogatur
937 3930 1117 3989 emendare.
1140 3931 1178 3988 Si·
1197 3951 1255 3991 re-

118 4019 157 4059 ro
177 3999 311 4095 liberam
332 4005 485 4065 feminam
498 4006 666 4087 habuerit,
689 4011 881 4092 usquedum
899 4013 932 4071 in
949 4010 1084 4094 pignore
1100 4011 1253 4092 extiterit,

120 4088 154 4150 et
174 4081 258 4142 fihos
278 4083 468 4164 habuerint,
490 4089 586 4154 liberi
609 4102 829 4178 permaneant.
872 4093 955 4158 thid.
974 4116 1000 4158 e.
1018 4093 1048 4158 8.

121 4214 360 4236 *nt—nu*

151 4281 182 4355 v)
200 4287 307 4340 D'csunt
323 4287 353 4340 in
371 4287 404 4343 al.
423 4305 481 4344 msa
