2926 4984
528 369 644 432 unm
679 365 856 434 orturus.
1198 353 1268 431 531

377 513 425 574 De
450 513 682 574 Catbeeumenis
706 532 768 572 non
787 507 1034 593 praetereundis.

224 619 387 686 CXXXV.
428 621 494 682 Nec
512 618 734 681 cathecumeni
751 616 978 700 praetereundi
998 625 1085 695 sunt,
1128 619 1183 680 uia
1205 641 1272 684 non

139 713 191 766 est
216 727 310 766 causa
340 703 518 779 dissimilis,
549 702 631 763 sicut
655 701 752 760 iidem
774 697 875 758 sancti
896 700 1045 760 Canones
1069 640 1271 772 ordinarunt,

139 787 180 846 Hi
206 785 264 867 qui
283 786 429 866 quolibet
451 786 545 844 modo
567 783 748 856 Christum,
778 801 876 860 quem
903 780 1002 841 semel
1027 783 1272 866 confessisunt,

141 867 331 942 abiurarint,
352 867 453 928 tribus
472 867 564 926 antiis
578 865 663 925 inter
678 863 845 924 audientes
859 861 933 940 sint,
956 870 988 922 et
1004 873 1115 943 pastea
1135 887 1209 926 cum
1223 887 1274 928 ca-

65 963 67 968 ·
139 949 346 1010 theramenis
368 948 593 1030 permittantur
607 967 709 1022 orare,
731 965 790 1027 per
809 965 922 1007 manus
936 943 1174 1026 impositionem
1188 955 1274 1012 eom·

141 1030 308 1091 munionis
327 1031 502 1091 catholicae
522 1027 654 1111 g'ratiam
672 1025 845 1109 recepturi.
948 1029 950 1033 ’

142 1135 186 1198 Ut
202 1137 258 1220 qui
272 1137 497 1219 poenitentium
510 1135 635 1218 publice
651 1143 774 1212 gerunt,
797 1150 858 1189 uuo
882 1151 963 1193 euno
985 1134 1050 1193 siut
1072 1154 1142 1196 eum
1165 1137 1271 1201 eili'cio

238 1245 241 1253 ’
562 1218 644 1278 inter
673 1213 844 1277 erudientes.

55 1371 57 1378 ,
223 1298 398 1363 CXXXVI.
441 1297 506 1376 Qui
519 1295 751 1380 poenitentiam
760 1292 890 1375 publice
901 1305 1027 1376 gerunt,
1042 1297 1274 1362 debentunum

142 1403 266 1442 annum
288 1401 355 1441 esse
378 1402 453 1440 cum
473 1379 584 1440 cilicio
605 1379 694 1438 inter
715 1375 893 1450 audientes,
916 1378 970 1438 vel
999 1381 1161 1461 usquead
1183 1403 1273 1464 mag·

139 1485 220 1524 num
240 1461 335 1538 diem,
359 1471 391 1522 et
408 1463 540 1543 populo,
559 1461 690 1543 quando
715 1459 812 1524 intrat
828 1455 860 1515 in
877 1459 1065 1538 Ecclesiam,
1086 1463 1210 1545 perfusi
1223 1463 1273 1524 la-

137 1545 256 1628 crymis
276 1543 403 1604 veniam
415 1545 587 1626 postulare,
610 1542 803 1624 precarique
819 1558 893 1599 eum
911 1539 1080 1604 humiliter
1099 1553 1135 1604 ut
1153 1545 1273 1628 procis

139 1622 292 1708 dignetur
306 1646 406 1691 orare.
450 1625 567 1686 Tribus
586 1646 664 1686 vero
686 1624 778 1683 annis
792 1619 981 1683 subiaceant
997 1624 1084 1685 inter
1097 1626 1273 1708 poeniten-

138 1720 188 1771 tes
212 1707 357 1767 manibus
375 1708 585 1768 sacerdotum
606 1707 639 1764 in
662 1706 734 1767 loco
759 1713 846 1764 retro
872 1705 953 1765 ostio
973 1707 1136 1768 Ecclesiae
1156 1707 1271 1790 poeni·

138 1790 283 1853 tentibus
297 1790 483 1865 constituto,
507 1799 538 1850 et
556 1809 709 1858 seorsum,
733 1787 818 1846 infra
839 1784 938 1867 ipsam
954 1796 1059 1848 tamen
1079 1788 1272 1870 Ecclesiam,

138 1873 266 1936 'secluso
288 1871 410 1954 populo
429 1881 547 1945 tamen,
570 1871 632 1929 iam
654 1890 717 1929 uon
742 1869 775 1928 in
798 1876 917 1928 terram
937 1869 1082 1953 postrati,
1104 1873 1161 1932 sed
1178 1871 1274 1936 vultu

138 1964 173 2020 et
194 1954 296 2036 capite
317 1953 507 2030 humiliato,
529 1951 698 2013 humiliter
720 1960 751 2010 et
770 1971 810 2010 ex
831 1949 947 2028 corde,
976 1960 1127 2035 utsupra
1148 1953 1273 2017 dictum

138 2047 199 2114 est,
222 2035 350 2097 veniam
376 2036 559 2116 postulent,
582 2044 613 2094 et
637 2055 696 2113 pro
726 2053 759 2092 se
790 2052 879 2091 orare
906 2045 1088 2116 exposcant.
1136 2036 1271 2098 Duobus

139 2118 237 2180 etiam
261 2116 353 2176 annis
379 2116 559 2178 oblationes
581 2115 683 2176 modis
710 2113 857 2173 omnibus
880 2135 945 2173 non
968 2115 1116 2177 sinantur
1143 2117 1271 2198 offerre,

137 2199 194 2262 sod
216 2199 345 2281 populis
366 2199 584 2258 tantummodo
602 2198 635 2256 in
662 2195 805 2256 oratione
826 2196 1013 2273 socientur,
1036 2209 1072 2258 ut
1093 2199 1271 2281 perfeetio-

138 2285 214 2342 nem
236 2279 370 2360 septimo
386 2279 418 2338 in
437 2281 546 2340 Coena
566 2278 698 2340 Domini
713 2286 950 2358 consequantur
967 2299 1063 2355 anno,
1086 2280 1120 2339 id
1143 2290 1190 2342 est
1210 2303 1270 2365 per

137 2361 314 2444 Episcopi,
337 2362 389 2422 vel
418 2360 487 2422 eius
507 2361 607 2438 iussu,
629 2361 654 2420 si
678 2360 744 2441 ipse
765 2359 873 2434 abest,
902 2359 1040 2420 aliorum
1059 2361 1270 2424 sacerdotum
1327 2399 1341 2408 ,.

138 2466 253 2504 manus
274 2442 521 2524 impositionem,
543 2441 743 2503 absolutione
763 2439 1006 2502 sacerdotalium
1023 2463 1168 2524 precum,
1184 2465 1270 2506 eom·

138 2523 303 2585 munionis
320 2523 495 2586 catholicae
517 2525 648 2606 gratiam
667 2522 841 2605 recepturi.
892 2524 1055 2604 (Qualiter
1073 2536 1191 2607 septem
1210 2547 1269 2586 an-

139 2627 253 2667 norum
273 2608 468 2689 poenitentia
486 2612 623 2686 agatur).
674 2607 710 2666 ln
733 2605 783 2665 bis
803 2625 881 2666 vero
900 2612 1021 2688 septem
1043 2605 1134 2664 annis
1156 2606 1269 2667 multi·

137 2688 270 2770 pliciter
290 2687 431 2764 ieiuniis,
454 2688 661 2766 orationibus,
684 2686 820 2762 fletibus,
844 2694 874 2747 et
888 2686 1174 2770 eleemosynarum,
1190 2707 1269 2771 pro-

138 2779 176 2830 ut
196 2769 312 2829 melius
335 2771 512 2851 potuerint,
536 2770 787 2832 exhibitionibus
801 2777 833 2829 et
848 2768 996 2849 lacrymis
1012 2768 1193 2851 persistant.
1225 2769 1270 2832 Et

139 2872 182 2911 ne
200 2850 337 2911 ulterius
359 2851 404 2912 eis
417 2852 492 2911 talia
511 2854 701 2934 contingant
715 2849 884 2911 admodum
899 2859 1045 2930 caveant,
1061 2850 1189 2914 dicente
1199 2853 1267 2913 Do·

138 2931 247 3004 urin03
272 2931 388 3006 Vade,
413 2947 444 2993 et
461 2936 593 3017 amplius
610 2935 677 2995 reoli
692 2954 833 3019 peccare.
1050 2929 1053 2934 ’

399 3040 449 3098 De
469 3042 696 3110 poenitentibus
722 3038 1011 3118 transgressoribus.

220 3137 398 3203 CXXXVI
405 3143 428 3205 l.
471 3147 514 3204 Ut
529 3143 562 3202 bi
583 3145 640 3226 qui
658 3144 823 3226 frequenti
843 3143 1115 3225 praevaricatione
1134 3156 1267 3230 peecata

136 3222 189 3285 vel
213 3224 448 3304 poenitentiam
462 3225 597 3307 iterant,
621 3227 784 3308 frequenti
802 3225 983 3302 sententia,
1005 3226 1069 3288 nisi
1092 3247 1152 3310 per
1175 3228 1267 3292 satis·

135 3305 311 3365 factionem
327 3329 409 3388 quae
428 3309 637 3388 praevaricati
654 3317 730 3368 sunt
754 3307 924 3368 emendare
953 3307 1117 3388 nitantur,
1140 3332 1268 3374 coeree-

137 3396 235 3446 antur
252 3388 304 3447 vel
324 3389 600 3466 condemnentur,
622 3400 659 3450 ut
676 3391 756 3451 haec
780 3411 861 3470 quae
880 3390 1063 3451 voluntarie
1079 3411 1144 3452 non
1163 3392 1267 3456 dilue·

136 3476 217 3528 runt
233 3467 328 3528 inviti
346 3471 527 3536 emendent.
571 3473 665 3548 Quod
681 3472 707 3532 si
722 3471 773 3532 his
787 3471 904 3552 aliquis
924 3473 1090 3548 renuerit,
1120 3483 1152 3534 et
1170 3497 1266 3556 prae·

135 3550 239 3631 ceptis
263 3550 311 3610 sui
330 3553 511 3612 Sacerdotis
526 3553 714 3615 inobediens
732 3553 925 3637 apparuerit,
944 3555 1122 3615 seeundum
1135 3558 1267 3617 modum

135 3633 573 3713 culpaeexcommuuice'ur.
615 3635 650 3696 Si
672 3637 743 3717 quis
766 3644 872 3695 autem
896 3635 946 3697 his
975 3646 1047 3696 ante
1072 3639 1265 3698 reconcilia-

134 3715 258 3774 tionem
281 3724 312 3775 et
338 3737 449 3780 eorum
464 3719 733 3797 satisfactionem,
757 3719 875 3797 absque
899 3718 1021 3800 proprii
1046 3718 1196 3801 Episcopi
1217 3721 1277 3781 li-‘

135 3795 243 3857 centia
278 3800 512 3860 communicare
532 3800 795 3882 praesumpserit,
812 3800 908 3861 simili
939 3801 1264 3862 excommunicationi

134 3876 308 3938 subiaceat.
344 3881 531 3944 Sacerdotes
553 3891 658 3942 autem
677 3884 716 3943 ad
738 3905 817 3962 quos
837 3881 999 3963 pertinere
1017 3892 1209 3960 noscuntur,
1237 3885 1264 3944 si

134 3960 494 4039 eosquolibctmunere
512 3965 564 4024 vel
585 3965 693 4025 farore
711 3974 767 4023 aut
781 3963 990 4044 ⁴neglegentia
1010 3962 1181 4024 admonere
1203 3986 1263 4025 no-

133 4041 282 4118 luerint,
305 4055 359 4104 aut
378 4067 436 4126 per
461 4046 708 4106 satisfactionem
731 4054 931 4136 revertentes
958 4065 1022 4104 non
1043 4044 1262 4126 susceperint,

134 4132 190 4182 aut
210 4133 451 4187 contemnentes
473 4128 511 4187 de
538 4127 681 4188 Ecclesia
700 4150 764 4188 non
787 4125 959 4204 eiecerint,
983 4125 1079 4188 simili
1104 4128 1263 4189 sententia

133 4205 337 4285 plectantur,
365 4231 532 4290 quousque
554 4212 605 4272 rel
631 4208 862 4273 emendationis
887 4208 940 4270 vel
955 4227 1066 4270 eorum
1084 4207 1267 4278 damnatio-

137 4284 186 4348 nis
209 4288 366 4351 sententia
392 4292 623 4378 promulgetur.
1066 4307 1067 4312 ’
