2910 4984
515 317 682 405 nnnprto
697 272 847 384 ,annun
954 345 958 350 -
1170 307 1256 381 0071

111 467 210 548 Quod
229 483 403 544 utraiuqu,
420 481 486 526 son
506 462 576 524 sinc
595 484 710 546 magno
730 463 840 535 fructu
855 462 940 523 intra
957 472 1099 526 sanctam
1124 466 1165 528 sit
1178 465 1244 535 Ec-

111 552 261 626 clesiam,
284 548 328 606 ita
343 549 499 607 duntaxat
519 557 555 606 nt
572 557 603 608 et
614 549 704 623 Dec,
727 546 825 628 aquo
842 546 987 608 remissio
1016 555 1064 608 est
1093 561 1244 628 peccato·

108 657 200 710 rum,
224 631 435 692 confiteamur
465 639 595 711 peccata
618 639 749 706 mostra,
783 639 913 691 etcum
943 629 1047 691 David
1077 631 1242 694 dIcamus:

108 718 270 777 Delictum
288 733 388 771 mcum
403 712 557 789 cognitum
571 709 716 790 libifeci,
739 723 769 771 ct
786 713 971 771 iniustitiam
982 733 1081 771 menan
1094 736 1160 776 non
1171 717 1243 778 abs-

110 798 219 860 condi.
261 797 362 854 Dixi.-
397 789 580 875 Ccnfitebcr
596 795 744 854 adversus
763 814 810 852 me
830 795 1001 852 iniustitias
1019 815 1102 854 meus
1128 798 1242 858 Domi-

110 902 171 948 n0;
193 888 223 938 et
238 889 271 937 tn
286 876 437 936 remisisti
458 878 647 960 impietatem
662 878 786 960 peccati
809 878 879 946 urei.
920 877 962 934 Et
994 878 1175 958 secundum
1197 879 1243 940 A·

108 961 229 1046 postoli
248 959 484 1018 institutionem
508 956 718 1018 conliteamur
743 960 934 1018 alterutrum
962 968 1092 1039 peccata
1119 971 1243 1038 nostra,

111 1055 146 1104 et
162 1065 288 1104 oremus
314 1062 373 1122 pro
402 1039 542 1101 iuvIccm
564 1050 599 1100 nt
622 1042 792 1106 salvemur.
835 1039 1003 1101 Confessio
1025 1041 1134 1122 itaque
1160 1065 1248 1126 quae¹

110 1127 182 1188 Deo
201 1125 255 1200 lit,
278 1132 394 1206 purgat
415 1132 555 1206 peccata.
596 1124 643 1183 Ea
658 1145 737 1184 vero
758 1143 841 1205 quae
865 1123 1031 1191 Sacerdoti
1056 1124 1114 1204 sit,
1147 1127 1243 1186 docet

111 1208 254 1288 qualiter
271 1207 338 1288 ipsa
359 1215 539 1287 purgantur
554 1216 700 1286 peccata:
724 1208 812 1266 Deus
825 1226 963 1285 namque
984 1206 1095 1268 salutis
1115 1217 1148 1268 et
1162 1209 1245 1269 saui-

109 1290 185 1350 tatis
209 1297 321 1348 auctor
335 1296 366 1346 et
389 1288 522 1368 largitor
537 1289 717 1371 plerunque
734 1287 818 1346 banc
835 1289 967 1369 praehet
984 1311 1057 1351 suae
1078 1292 1243 1372 potentiae

110 1371 267 1432 invisibili
286 1371 580 1446 administratione,
604 1371 794 1452 plerumque
818 1371 1022 1442 medicorum
1046 1373 1243 1455 operatione.

134 1477 231 1560 Quod
246 1497 455 1560 personarum
476 1477 615 1557 acceptio
638 1478 671 1536 in
693 1479 835 1538 omnibns
854 1477 1002 1551 ,cavenda
1023 1480 1064 1536 sit
1085 1479 1221 1543 iudiciis.

193 1585 308 1644 LVIII.
329 1584 434 1661 aQuia
453 1583 569 1662 igitur,
591 1583 743 1663 Apostolo
759 1593 906 1660 testante,
928 1605 993 1643 uon
1018 1594 1065 1645 est
1089 1608 1244 1668 persona-

110 1689 183 1729 rum
201 1667 343 1748 acceptio
363 1667 449 1748 apud
464 1668 585 1740 Deum,
609 1676 640 1724 et
660 1665 693 1724 in
718 1667 867 1726 omnibus
882 1665 1010 1727 iudiciis
1026 1668 1169 1729 cavenda
1185 1679 1244 1744 est,

112 1751 214 1809 multo
232 1749 329 1830 magis
347 1749 381 1807 in
400 1749 462 1808 boe
478 1748 696 1828 poenitentiae
717 1749 838 1808 iudicio
867 1751 1065 1829 praecaveri¹
1086 1750 1181 1812 debet
1208 1763 1245 1812 ut

113 1833 224 1892 nullus
243 1833 451 1892 Sacerdotum
466 1852 617 1911 umquam
640 1840 694 1889 aut
713 1832 829 1912 gratia,
852 1841 907 1890 aut
925 1831 999 1891 odio
1013 1832 1149 1893 alIcuius
1170 1853 1242 1916 per-

112 1935 226 1990 sonae,
248 1935 338 1974 secus
360 1914 482 1973 iudicet
500 1935 596 1994 quam
613 1913 700 1993 quod
721 1915 753 1973 in
776 1915 961 1974 Canonibus
987 1914 1085 1976 sacris
1112 1915 1244 1976 invenc-

112 1996 176 2073 rit,
200 2005 255 2054 aut
275 1997 362 2077 quod
381 1996 428 2055 illi
446 1997 624 2057 secuudum
644 2006 824 2056 sanctarum
840 1997 1077 2078 scripturarum
1101 1999 1243 2058 stractori-

112 2089 209 2139 tatem
227 2089 258 2138 et
275 2079 521 2139 ecclesiasticam
536 2079 803 2140 consuetudinem
817 2079 936 2138 rectius
955 2079 1058 2140 visum
1079 2080 1187 2140 fuerit.
1209 2079 1255 2139 si-

115 2183 190 2242 ergo
205 2161 341 2238 medici,
364 2162 420 2242 qui
438 2163 625 2245 corporibus
645 2161 835 2222 medicinam
857 2161 978 2222 inferre
1000 2171 1169 2238 conantur,
1188 2182 1244 2221 uc-

114 2266 276 2325 quaquam
297 2255 429 2325 propter
452 2266 606 2325 personae
633 2245 806 2305 cuiuslibet
840 2244 1058 2324 acceptionem
1084 2244 1135 2304 his
1163 2265 1243 2324 quos

114 2348 225 2387 sanare
241 2328 394 2409 cupiunt,
417 2327 557 2386 cauterio
575 2337 628 2387 aut
644 2329 730 2388 ferro
753 2337 808 2386 aut
823 2327 911 2387 diuis
929 2327 1128 2406 quibuslibet
1146 2326 1243 2386 rebus

114 2421 273 2491 parcunt,
295 2409 395 2468 multo
414 2409 511 2487 magis
530 2409 580 2472 his
601 2404 832 2470 observandum
852 2419 911 2486 est,
933 2410 1001 2488 qui,
1033 2431 1098 2469 nou
1127 2429 1243 2490 corpo-

115 2513 205 2568 rum,
240 2493 296 2552 sed
327 2493 505 2550 animarum
534 2493 651 2553 medici
680 2492 829 2554 existunt.
872 2492 983 2570 Neque
1011 2492 1175 2574 pensanda
1198 2499 1253 2572 est

113 2573 314 2655 poenitentia
333 2574 510 2656 quantitate
531 2575 704 2656 temporis,
726 2576 782 2636 sed
806 2574 917 2634 ardore
939 2575 1055 2636 mentis
1081 2583 1111 2634 ct
1136 2573 1244 2632 morti-

114 2657 260 2717 ficatione
281 2659 434 2739 corporis.
479 2661 543 2720 Cor
562 2667 668 2720 autem
692 2657 867 2719 contritum
889 2663 921 2716 et
938 2655 1142 2722 humiliatum
1157 2657 1244 2716 Deus

116 2762 178 2800 nou
197 2741 329 2822 spernit.
634 2755 638 2772 ¹
732 2749 735 2754 '

373 2849 421 2909 De
443 2849 607 2910 Monacbis
630 2861 659 2909 et
680 2849 985 2909 Sanctimoniulibus.

104 2988 107 2994 ·
196 2951 282 3014 LIX.
303 2955 403 3014 Nemo
420 2956 534 3014 audeat
550 2955 744 3016 Monachum
757 2954 808 3014 vel
825 2947 1091 3014 sanctimoniales
1109 2949 1248 3014 feminas¹¹

117 3035 154 3096 ad
172 3035 267 3095 civile
283 3036 440 3096 iudicium
453 3059 611 3114 accusare,
626 3039 683 3099 sed
696 3038 736 3096 ad
751 3037 955 3118 Ep'ncopum.
976 3038 1017 3096 Et
1031 3037 1039 3094 i
1046 3057 1097 3116 pse
1116 3058 1155 3095 en
1171 3037 1242 3116 lege

116 3119 167 3180 vel
192 3117 369 3180 canonibus
388 3131 634 3181 consentaneam
648 3123 840 3180 senteutiam
867 3113 1118 3196 prolocutum
1134 3139 1244 3180 omncs

115 3195 489 3281 Episcopifcustodiant,
512 3212 544 3262 et
558 3224 667 3264 omnes
684 3203 844 3262 Praefecti
859 3201 1006 3277 Romam,
1029 3210 1061 3261 et
1076 3204 1244 3263 Praetores

116 3282 245 3363 popuII,
268 3293 300 3343 et
321 3285 558 3364 provinciarum
579 3285 757 3362 Praesides,
780 3295 815 3344 ut
834 3296 948 3344 curent
963 3283 1058 3344 citius
1073 3283 1245 3345 IlIouacho-

116 3385 187 3423 rum
203 3376 235 3424 et
255 3365 555 3427 sanctimonialium
576 3369 650 3428 lites
667 3367 829 3428 dirimere.
873 3367 905 3426 Si
928 3366 999 3448 quis
1015 3367 1099 3426 hanc
1119 3366 1246 3428 Consti-

116 3447 274 3508 tutionem
287 3449 458 3510 vIoIaverit
472 3451 505 3508 iu
524 3452 707 3532 magistratu
725 3451 859 3532 positus,
877 3449 988 3510 decem
1005 3449 1159 3509 librarum
1174 3449 1244 3508 auri

115 3531 433 3611 poenamultabitur.
476 3533 508 3592 Si
533 3544 703 3594 exsecutor
724 3543 789 3609 cst,
812 3533 845 3592 in
872 3532 994 3594 catenis
1025 3528 1245 3593 Eccl'esiarum

115 3612 318 3693 recludatur,
341 3637 459 3697 poenas
481 3615 635 3694 luiturus,
657 3625 690 3676 et
711 3616 851 3678 officium
867 3615 987 3698 perdat.
1034 3615 1072 3676 V.
1092 3616 1161 3697 578.

259 3743 355 3828 Quod
373 3745 464 3804 multi
484 3748 518 3804 in
546 3747 741 3829 poenitentia
762 3743 886 3804 deliciis
908 3744 1099 3824 indulgeant.

135 3865 141 3872 '
192 3849 262 3916 LX.
304 3851 421 3929 Multi,
444 3853 531 3934 quod
547 3874 613 3912 nou
634 3854 704 3914 sine
721 3851 831 3912 dolore
851 3850 1024 3913 dicendum
1045 3861 1102 3928 est,
1118 3853 1150 3913 in
1172 3875 1247 3934 poe-

115 3931 250 3994 nitentia
271 3955 336 3994 non
355 3945 419 3995 tam
437 3935 560 4016 peccati
579 3935 819 4011 remissionem,
842 3955 938 4014 quam
955 3935 1108 4016 temporis
1123 3939 1245 3997 consti-

116 4015 364 4098 tutIexpectant
386 4019 613 4100 expletionem.
655 4018 697 4078 Et
729 4017 756 4077 si
784 4016 929 4078 carnium
954 4028 987 4078 et
1007 4017 1077 4079 uini
1101 4040 1178 4080 usus
1200 4022 1247 4082 eis

115 4099 304 4160 interdictus
325 4110 389 4177 est,
410 4097 546 4177 mutata,
571 4121 636 4160 nou
657 4101 822 4160 voluntate
843 4101 899 4161 sed
924 4099 1067 4162 eiusdem
1098 4101 1161 4161 cibi
1193 4114 1248 4164 aut

114 4190 206 4262 potus
223 4183 453 4264 perceptione,
477 4183 510 4243 in
530 4193 657 4244 tantum
674 4183 798 4244 deliciis
813 4183 877 4243 suis
902 4183 1095 4266 Indulgent,
1132 4196 1166 4244 ut
1189 4188 1246 4245 de-

114 4263 271 4343 litiosius,
293 4265 344 4326 his
357 4266 562 4346 interdictis,
585 4267 723 4328 alionum
741 4265 886 4326 ciliorum
913 4267 965 4328 vel
992 4267 1161 4350 potionum
1194 4291 1249 4352 ap-
