2926 4984
183 319 263 392 ³10·
584 287 586 294 ’
641 293 931 400 circumeamus

180 483 268 555 tare,
291 477 375 538 sicut
402 477 434 537 in
457 478 630 561 evangelio
657 479 726 562 ipso
753 483 894 544 Domino
918 484 1140 567 praecipiente
1169 485 1323 570 legimus

180 559 223 624 Et
237 569 275 621 ut
288 571 336 622 est
356 560 439 620 illud
455 561 636 621 seeundum
651 564 836 624 mandatum
847 565 878 624 in
894 567 978 648 leget
1001 569 1123 647 Diliges
1131 571 1318 651 proximum

180 655 267 703 tuum
289 644 416 704 sicutte
437 646 549 725 ipsum.
594 646 674 706 Item
695 647 727 704 in
746 647 946 728 Evangelio:
968 649 1060 708 Beati
1072 647 1217 732 pacifici,
1235 674 1316 733 quo-

178 723 345 808 niamfilii
358 726 422 784 Dei
437 727 643 788 vocabuntur.
686 730 726 788 Et
748 728 883 788 iterum:
908 736 945 790 Iu
967 732 1025 791 laoc
1045 747 1234 810 cognoscent
1247 756 1317 794 om-

178 829 234 869 nes
250 810 326 890 quia
346 806 498 891 discipuli
516 810 578 868 mei
594 812 690 881 estis,
714 812 742 869 si
759 809 956 872 dilectionem
975 814 1147 875 habueritis
1173 815 1218 874 ad
1234 818 1317 880 invi-

178 910 255 956 cem.
299 890 336 949 ln
370 889 431 951 hoc
466 889 554 952 enim
583 902 756 974 praecepto
782 893 1012 956 discernuntur
1040 893 1100 954 filii
1119 897 1181 955 Dei
1202 907 1233 958 et
1256 898 1316 958 filii

178 971 320 1049 diaboli,
342 973 417 1057 quia
447 971 506 1031 filii
536 973 655 1034 diaboli
679 995 805 1057 semper
832 975 1046 1038 dissentiones
1070 987 1102 1038 et
1137 977 1316 1042 discordias

177 1075 308 1116 movere
341 1064 507 1136 satagunt,
530 1055 590 1116 filii
617 1065 723 1118 autem
747 1058 809 1132 Dei
832 1080 963 1142 ,semper
989 1055 1061 1143 paci
1085 1069 1117 1120 et
1146 1061 1316 1124 dilectioni

176 1137 319 1204 student„
362 1136 443 1198 lbirl.
462 1158 488 1198 e.
507 1137 557 1219 59.
687 1151 691 1158 “

261 1245 311 1304 De
333 1266 369 1304 eo
388 1241 445 1326 qni
466 1244 691 1322 &Presbytero
715 1268 779 1307 non
803 1246 961 1332 baptizato
979 1247 1153 1333 baptizatus
1176 1263 1232 1311 est.

257 1348 317 1416 Vl.
361 1350 485 1432 Siquis
507 1350 684 1434 baptizatus
703 1361 751 1414 est
770 1354 786 1412 is
803 1354 994 1436 Presbytero
1015 1376 1081 1415 uon
1096 1355 1267 1437 baptizato,
1282 1367 1315 1418 et

177 1443 287 1496 sancta
303 1433 445 1494 Trinitas
464 1432 496 1491 in
524 1435 592 1516 ipso
610 1435 765 1517 baptismo
781 1437 926 1496 invocata
946 1437 1026 1514 fuit,
1049 1437 1228 1519 baptizatus
1246 1448 1313 1518 est,

177 1517 263 1580 sieut
291 1515 423 1598 Sergius
450 1518 536 1598 Papa
564 1517 656 1582 dixit,
698 1519 906 1599 impositione
935 1541 1012 1579 vero
1039 1541 1151 1582 manus
1178 1521 1313 1603 indiget.

175 1597 334 1679 Georgius
349 1599 527 1681 Episcopus
548 1601 710 1662 Romanus
727 1610 759 1662 et
780 1599 941 1661 lohannes
960 1601 1153 1664 sacellarius
1173 1604 1219 1666 sic
1236 1625 1314 1674 sen·

173 1689 297 1745 serunt.
341 1680 670 1766 Capitul.a.757.c.9.

196 1811 246 1871 De
269 1831 305 1871 eo
329 1811 385 1891 qui
395 1807 576 1892 filiastrum
596 1825 650 1872 aut
660 1811 838 1896 filiastram
852 1825 929 1872 ante
940 1811 1131 1898 Episcopum
1148 1829 1293 1881 tenuerit.

254 1914 333 1982 Vll.
377 1917 411 1976 Si
437 1915 508 1997 quis
535 1917 704 1979 filiastrum
721 1927 775 1977 a'ut
797 1918 958 1980 filiastram
983 1943 1071 1982 suam
1087 1931 1161 1982 ante
1176 1924 1313 2006 Episco-

171 2019 251 2083 pum
272 2000 311 2060 ad
334 1999 612 2060 confirmationem
630 2001 791 2078 tenuerit,
813 2010 980 2082 separetur
999 2002 1037 2061 ab
1059 2025 1160 2064 uscire
1184 2028 1259 2083 sua,
1279 2018 1312 2068 et

171 2082 387 2149 alteramnon
405 2081 550 2163 accipiat.
593 2083 752 2144 Similiter
776 2093 808 2144 et
833 2083 952 2145 mulier
974 2084 1112 2145 alterum
1134 2108 1200 2148 non
1224 2091 1311 2150 acci·

171 2164 249 2250 piat.
293 2163 452 2245 Georgius
473 2165 584 2230 sensit.
626 2161 709 2226 laid.
728 2187 754 2230 c.
768 2186 813 2226 12.

275 2269 324 2329 De
340 2270 388 2328 lu's
411 2270 468 2353 qui
486 2281 620 2353 propter
634 2269 764 2351 saidam
782 2273 815 2331 in
839 2272 918 2331 alias
931 2273 1054 2353 patrias
1064 2271 1207 2353 fugiunt.

256 2373 353 2443 Vnt,
396 2375 462 2453 Qui
492 2386 625 2458 propter
659 2376 777 2437 saidam
800 2377 930 2458 lugiunt
959 2377 992 2437 in
1016 2377 1095 2441 alias
1116 2381 1255 2465 patrias,
1277 2392 1310 2445 et

170 2457 341 2521 dimittunt
360 2478 477 2519 uxores
495 2479 585 2534 suas,
609 2479 669 2519 nec
697 2457 753 2518 ille
777 2458 827 2520 vir
842 2481 902 2521 nec
929 2459 985 2520 illa
1006 2462 1126 2522 femina
1149 2464 1310 2548 accipiant

171 2543 310 2606 alterum
329 2540 529 2623 coniugium.
571 2540 731 2623 Georgius
748 2541 859 2608 sensit.
902 2542 987 2604 Ibid.
1008 2564 1035 2604 c.
1062 2544 1107 2606 18.

637 2647 686 2707 De
710 2648 847 2708 incestis.

251 2753 309 2823 IX.
353 2753 387 2818 Si
403 2755 500 2815 homo
520 2752 679 2814 incestum
696 2752 892 2815 commiserit
912 2756 1230 2838 commonente,
1252 2772 1308 2824 aut

168 2859 244 2902 cum
266 2848 458 2915 matresua,
481 2845 538 2896 eut
556 2855 630 2896 cum
643 2836 778 2896 matrina
799 2859 856 2896 sua
878 2839 916 2900 de
944 2839 1033 2898 tonte
1058 2851 1113 2902 aut
1139 2844 1307 2905 confirma·

170 2923 281 3000 tione,
304 2932 454 2982 autenm
481 2929 581 2980 matre
609 2928 641 2979 et
665 2918 747 2996 filia,
776 2941 849 2979 cum
883 2921 1006 2982 duabus
1040 2924 1220 3004 sororibus,
1250 2936 1305 2990 aut

169 3025 245 3066 cum
263 2999 371 3065 matris
399 3003 485 3080 filia,
508 3011 563 3062 aut
588 3023 662 3063 eum
691 3002 809 3064 sororis
839 2999 926 3080 lilia,
949 3013 1004 3063 aut
1022 3027 1094 3064 cum
1110 3016 1225 3088 nepta,
1248 3020 1311 3088 aut

166 3109 241 3148 cum
256 3086 473 3159 consobrina5
497 3094 552 3146 aut
568 3084 716 3161 subrina,
739 3093 887 3145 autenm
908 3085 1002 3144 amita
1024 3088 1076 3146 vel
1107 3093 1300 3170 matertera,

165 3179 312 3230 autenm
333 3169 384 3228 his
408 3168 525 3249 quibus
541 3187 680 3228 canones
704 3166 879 3248 prohibent
893 3168 1058 3250 copulari,
1081 3169 1120 3230 de
1146 3171 1212 3233 istis
1235 3172 1300 3232 cri·-

164 3252 305 3312 minibus
317 3251 490 3333 pecuniam
507 3245 597 3312 suam
609 3248 732 3332 perdat,
753 3249 780 3310 si
795 3248 952 3310 habuerit.
996 3251 1079 3312 Etsi
1099 3251 1179 3315 haec
1195 3276 1303 3316 emen·

166 3335 241 3396 dare
263 3334 415 3408 noluerit,
440 3333 550 3392 nullus
569 3353 640 3392 eum
664 3330 816 3414 recipiat,
847 3353 908 3393 nee
927 3331 1033 3392 cibum
1058 3334 1167 3396 donet.
1209 3338 1252 3398 Et
1274 3338 1301 3400 si

164 3417 291 3494 fecerit,
313 3414 479 3496 sexaginta
503 3414 623 3475 solidos
644 3417 772 3476 Domno
796 3414 875 3496 Regi
893 3425 1081 3496 componat,
1104 3419 1302 3496 usquedum

164 3499 232 3582 ipse
250 3498 346 3559 homo
363 3519 395 3558 se
420 3495 609 3557 correxerit.
651 3497 694 3556 Et
714 3497 740 3558 si
762 3496 934 3578 pecuniam
949 3518 1013 3556 non
1032 3495 1191 3576 hahuerit,
1213 3501 1239 3560 si
1255 3502 1299 3561 li-

163 3583 223 3644 ber
238 3590 297 3658 est,
318 3579 464 3639 mittatur
485 3579 518 3637 in
540 3599 700 3639 carcerem
719 3600 821 3660 usque
841 3579 1099 3644 satisfactionem,
1142 3581 1176 3640 Si
1190 3592 1299 3644 autem

163 3685 276 3728 servus
298 3671 353 3722 aut
368 3660 504 3722 libertus
526 3669 582 3738 est,
606 3660 777 3743 vapuletur
795 3661 897 3756 plagis
921 3661 1040 3723 multis.
1080 3661 1121 3723 Et
1141 3661 1167 3724 si
1187 3664 1298 3724 Domi-

163 3769 224 3808 nus
244 3767 320 3807 suus
350 3765 424 3804 eum
442 3742 622 3824 permiserit
642 3744 779 3824 amplius
794 3765 827 3802 m
848 3744 946 3803 talem
966 3745 1090 3826 lapsum
1107 3746 1235 3823 cadere,
1250 3746 1298 3830 ip·

162 3852 195 3894 se
220 3827 386 3910 sexaginta
407 3826 526 3888 solidos
547 3827 674 3885 Domno
696 3827 975 3908 Regi‘componat.
1017 3828 1065 3888 De
1087 3827 1223 3909 reliquis
1238 3851 1298 3890 ve·

161 3933 198 3975 ro
220 3909 411 3993 propinquis
430 3904 518 3970 iusta
539 3907 712 3968 constituta
731 3918 913 3969 sanctorum
929 3910 1061 3970 Petrum
1077 3918 1109 3970 et
1127 3911 1216 3970 iuxta
1237 3911 1299 3974 de·

161 4004 249 4058 creta
274 3986 447 4055 Canonum
470 3989 645 4056 iudicetur.
696 3987 831 4074 Capitul.
851 4011 880 4057 a.
901 3990 970 4074 756.
988 4011 1014 4053 c.
1039 4013 1083 4066 r.,
1109 3989 1245 4076 capitul,
1266 4015 1296 4060 a.

162 4077 233 4162 757·
252 4096 280 4143 ⁶·
305 4095 352 4160 ¹9

531 4176 581 4240 De
598 4175 821 4240 ecclesiasticis
838 4179 924 4243 viris.

241 4284 282 4354 Xs
323 4275 362 4356 Si
383 4284 592 4352 ecelesiastici
611 4282 676 4350 riri
697 4283 882 4372 supradicte
905 4285 1049 4354 facinore
1063 4274 1295 4368 commisertus
