2910 4984
516 310 675 369 sonmo
709 311 859 374 TERTIA.

370 433 673 544 senisse
736 454 1004 526 rusr1s

124 592 229 662 Haec
255 587 422 682 Capitale
445 583 595 680 proprie
620 591 772 658 suntad
797 591 998 685 Episcopos
1023 592 1083 665 sel
1108 589 1152 661 ad
1181 587 1253 676 Or-

122 695 224 760 dines
251 699 411 782 quosque
437 686 696 756 ecclesiasticos
721 691 963 781 pertinentia3
990 717 1081 784 quse
1105 715 1179 761 non
1189 689 1254 762 'so-

123 791 198 860 lum
227 791 444 873 obsecrare,
481 787 544 854 sed
571 789 677 856 etiam
704 791 771 857 sibi
799 791 967 860 subiectis
994 792 1054 863 vel
1079 791 1254 862 commis-

367 885 415 956 sis
441 885 604 956 facienda
629 885 827 979 perdocere
854 889 999 968 debent.

366 1035 543 1092 'onoc
585 1048 966 1099 csrrrueonuu.

128 1263 131 1270 .
171 1221 196 1264 r.
225 1151 294 1264 De
311 1198 403 1262 rebus
422 1195 590 1266 Ecclesiae.

132 1283 134 1292 ι
167 1305 196 1350 2.
228 1286 269 1350 Ut
290 1283 443 1368 Episcopi
459 1301 519 1364 per
537 1279 665 1338 electio·

133 1439 137 1444 ·
228 1391 296 1430 nem
316 1366 395 1428 cleri
412 1375 443 1424 et
454 1362 566 1459 populi
580 1364 666 1421 vitae
733 1379 738 1387 ’

225 1453 338 1512 merito
356 1461 388 1508 et
411 1448 580 1531 sapientiae
600 1444 666 1508 'eit'-

129 1601 135 1610 ,
224 1533 349 1614 gantur.

166 1611 194 1676 3.
225 1617 273 1676 De
297 1612 448 1678 canonica
468 1607 666 1696 professione

229 1702 247 1760 ir
265 1698 370 1758 multis
389 1694 563 1776 deturpata.

129 1817 149 1858 .‘
165 1785 208 1860 4
228 1781 323 1864 Quod
339 1777 490 1860 Episcopi
505 1779 537 1836 in
545 1776 668 1854 Longo-

129 1935 133 1941 ,
228 1861 449 1940 bardiapositi
470 1860 507 1920 ab
530 1861 572 1930 eis
589 1859 666 1940 ditos

227 1943 417 2006 ordinabant
429 1987 441 2014 ,
474 1950 668 2001 sacramenta

131 2095 134 2100 Δ
227 2023 669 2104 etmurzeraexigeresolerent

168 2109 197 2174 5.
225 2112 274 2172 De
291 2106 436 2192 capitulis
460 2127 537 2189 qrtae
555 2104 596 2164 de
615 2107 667 2164 in·

229 2192 321 2252 cestis'
337 2191 453 2268 nuptiis
470 2202 500 2248 et
515 2189 588 2250 aliis
597 2208 669 2250 con·

228 2276 271 2334 sis
291 2270 412 2352 agenda
434 2283 546 2336 esseut,
583 2267 585 2272 ’

170 2357 200 2419 6.
227 2359 275 2417 De
298 2376 390 2414 causa
413 2357 641 2417 Monacborurn
652 2396 666 2426 ,

230 2439 339 2518 quibus
363 2436 499 2520 eligendi
525 2434 586 2498 sibi
601 2436 668 2497 Ab·

229 2524 315 2584 butes
335 2520 461 2581 licentia
477 2520 553 2582 data
570 2519 668 2580 sites:

230 2625 262 2663 se
285 2604 372 2687 ipsis.
616 2657 617 2662 ,

171 2709 200 2769 7.
230 2687 275 2746 De
297 2689 346 2748 bis
366 2687 422 2770 qui
435 2687 455 2746 b
470 2687 602 2769 proprio
621 2682 668 2743 E-

227 2771 357 2855 piscopo
405 2790 467 2830 non
513 2769 670 2853 accipiunt

229 2854 374 2919 chrisma.

168 2935 198 2998 8·
231 2933 271 2992 Ut
291 2937 393 2996 nullus
409 2936 472 2996 nisi
487 2935 567 2994 iusto
582 2929 668 2992 iudi-

229 3016 276 3076 ct‘o
295 3021 484 3101 expolietur,

167 3117 198 3180 9.
226 3097 275 3156 De
295 3122 331 3161 eo
350 3102 404 3184 qui
416 3111 488 3186 post
505 3099 670 3158 ueritatem

230 3198 385 3264 repertam
425 3179 549 3264 aliquid
577 3179 669 3240 dein-

152 3329 156 3338 Ι
205 3283 299 3348 ·ceps
316 3266 453 3327 discutit.
617 3277 619 3282 ’

152 3365 198 3406 ιο.
227 3345 385 3407 Decausis
395 3347 516 3431 quaein
527 3343 592 3424 lege
606 3363 669 3403 non

229 3433 445 3502 continentur,
467 3433 486 3491 ia
505 3427 669 3491 Iudicibus

229 3513 449 3576 ecciesiasticis
471 3515 596 3573 minime
617 3513 667 3570 in-

230 3594 385 3656 dicandis.

151 3696 198 3736 rr.
224 3678 273 3737 De
290 3679 527 3738 conuersatione
545 3695 668 3737 accuso-

229 3761 255 3819 ti
269 3762 315 3819 uel
332 3763 533 3825 accrtsatoris,

151 3861 197 3901 12.
223 3845 274 3902 De
291 3844 339 3900 bis
354 3847 409 3924 qui
428 3841 602 3904 Christiani·
610 3861 669 3902 no-

228 3925 325 4010 minis
348 3926 497 3988 bonorem
521 3924 669 4004 neglexe-

227 4017 309 4070 runt.

150 4086 195 4147 13.
230 4088 272 4148 Ut
288 4087 459 4149 oblationes
472 4088 507 4147 in
525 4087 667 4150 domibus

228 4171 266 4230 ab
299 4169 465 4251 Episcopis
493 4173 547 4232 vel
569 4173 666 4233 Pres-

228 4252 342 4328 byteris
366 4273 428 4312 non
438 4251 537 4336 fiant.
595 4252 600 4278 ²

738 1194 784 1272 14.
814 1195 912 1277 Quod
947 1205 1123 1283 posteriore
1162 1211 1257 1286 pacto

816 1300 906 1339 omne
938 1298 1064 1365 pactum
1096 1283 1257 1358 dissolua-
1286 1351 1287 1356 η

816 1374 877 1428 tur,

740 1441 786 1506 15.
810 1444 860 1503 De
881 1447 1112 1510 accusatoribus
1133 1447 1173 1510 de
1193 1448 1257 1509 ini·

816 1527 891 1588 mici
910 1529 1003 1592 domo
1017 1530 1257 1616 prodeuntibus.

739 1606 785 1670 16.
814 1607 863 1669 De
890 1611 1034 1694 fratrum
1058 1617 1256 1697 provisione,

816 1696 855 1751 ne
872 1694 1136 1758 inrationabiliter
1139 1695 1217 1781 fiat.

723 1764 785 1852 'tp
812 1774 862 1834 De
884 1773 1013 1839 Clericis
1039 1780 1094 1860 qni
1111 1801 1145 1838 tn
1172 1777 1256 1839 sedi-

818 1860 900 1920 tione
911 1881 998 1922 arma
1006 1863 1146 1925 volentes
1154 1881 1256 1946 sump-

816 1954 932 2008 serunt,

741 2020 787 2083 ιθ.
815 2024 912 2106 Quod
938 2025 993 2084 lex
1026 2023 1257 2109 imperatorum

818 2109 937 2166 nonsit
956 2127 1052 2192 supra
1071 2109 1169 2186 legem
1185 2109 1258 2174 Dei.

742 2204 787 2270 19.
816 2188 864 2248 Dc
895 2189 1091 2271 consessione
1111 2203 1259 2272 peccato·

784 2347 786 2354 .
819 2292 888 2331 rum
904 2273 937 2330 in
954 2274 1096 2334 oratione
1119 2273 1188 2335 Deo
1208 2293 1259 2334 co·

819 2353 896 2413 tidie
915 2353 1044 2434 agenda.
1087 2407 1089 2412 .

737 2451 787 2500 20.
816 2435 913 2520 Quod
925 2437 1077 2521 spiritalis
1100 2435 1259 2496 esamines

817 2520 942 2592 omnia,
973 2532 1004 2578 et
1025 2515 1138 2604 'ipset
1169 2519 1258 2580 nullo

768 2613 771 2619 '
820 2603 1027 2668 examinetur.

738 2701 788 2742 21.
819 2681 860 2743 Ut
881 2697 1019 2768 tempore
1041 2677 1197 2744 menstruo
1219 2683 1259 2743 ab

818 2770 972 2830 uxoribus
995 2769 1195 2830 abstineatur.

739 2867 789 2908 αα.
817 2849 865 2907 De
881 2853 929 2910 his
937 2855 992 2933 qni
1004 2869 1077 2927 erga
1084 2849 1261 2932 Episcopos

821 2933 876 2991 vel
898 2954 971 3012 erga
999 2933 1130 2992 Actores
1151 2931 1260 3008 Eccle-

818 3017 883 3074 siae
924 3017 1060 3092 aliquam
1101 3009 1261 3097 querelam

768 3098 769 3101 ’
819 3097 931 3157 iustam
945 3098 1118 3158 Itabuerint.
1341 3155 1347 3167 ,

739 3176 787 3244 23.
816 3179 865 3238 De
876 3175 1030 3263 potestate
1040 3177 1160 3258 ligandi
1167 3191 1259 3259 atque

819 3262 967 3322 solvendi
986 3282 1131 3322 concessu
1145 3262 1259 3321 Sacer-

819 3343 945 3406 dotibus
966 3346 985 3404 ii
1004 3344 1138 3404 Cbristo.
1194 3416 1197 3424 .

737 3427 787 3504 24.
819 3425 859 3486 Ut
891 3428 1074 3504 Presbyteri
1106 3427 1162 3509 qut
1191 3426 1258 3488 sine

814 3522 981 3592 praecepto
1028 3509 1259 3592 Episcopornm

818 3591 862 3652 ad
906 3604 1053 3652 externos
1100 3591 1259 3651 Ecclesias

820 3675 1014 3744 transierint,
1035 3674 1053 3732 ὰ
1072 3673 1261 3734 communio·

818 3777 856 3816 ne
879 3755 1116 3839 suspendantur.
1213 3813 1216 3817 .

738 3839 787 3906 25.
816 3839 865 3900 De
891 3860 926 3900 eo
948 3840 1003 3919 qui
1031 3839 1093 3899 sibi
1116 3834 1260 3898 Iudicem
1285 3853 1286 3858 ¹

819 3925 1009 3982 contrarium
1035 3923 1175 3982 senserit.
1236 3974 1240 3982 ,

738 4004 787 4071 26.
815 4006 863 4065 De
877 4025 955 4089 pace
979 4002 1202 4082 etcortcordia
1229 4010 1260 4061 et

819 4087 1032 4150 renonimr'tate.

738 4191 787 4254 27.
814 4167 1259 4255 DepotestateEpiscopornm

814 4250 1257 4340 prorebusecclesiasticis,ac
