2926 4986
544 343 659 401 aruer
695 341 898 402 sarsinas
1199 321 1273 404 713

137 491 314 555 iussionem
331 487 485 574 Episcopi
498 487 548 554 sui
563 485 615 548 vel
632 484 774 564 Abbatis,
801 485 890 546 iuxta
918 485 1086 547 Cononem
1106 481 1277 570 Carthagi-

136 575 290 638 nensium
306 568 483 653 capitulum
499 591 632 647 nonum,
651 569 707 629 ubi
726 569 879 652 scriptum
902 578 964 628 est:
995 568 1058 649 Qui
1077 567 1193 630 relicto
1226 591 1277 630 ec-

136 657 312 719 clesiastico
332 655 464 724 iudicio,
490 655 627 738 publicis
659 652 785 711 indiciis
809 652 944 734 purgari
977 649 1122 719 soluerit,
1154 653 1279 712 etiamsi

135 760 200 823 pro
219 739 275 800 illo
289 737 394 818 fiacrit
410 737 539 817 prolata
553 736 717 806 sententia,
745 735 846 794 lactem
863 755 952 792 orarem
970 733 1102 790 amittat.
1144 732 1216 794 Hoc
1242 735 1289 793 in'

138 821 300 882 criminali
325 819 452 878 iudicio.
498 824 535 878 In
549 819 633 877 civili
649 838 720 877 uero
737 815 855 898 perdat
874 815 961 896 quod
975 815 1107 888 evincit,
1131 817 1158 874 si
1177 817 1279 876 lorum

140 923 232 974 suma
250 903 391 962 obtinere
411 901 551 966 voluerit.
603 898 678 958 Cana
692 903 774 958 enim
791 897 835 958 ad
857 897 1017 976 eligendos
1035 895 1162 956 Iudices
1179 897 1277 956 undi-

140 1005 202 1066 que
227 983 383 1042 Ecclesiae
399 989 488 1064 patet
507 983 686 1058 auctoritas,
708 982 781 1063 quia
799 1003 831 1040 se
860 981 1021 1060 indignum
1034 978 1184 1056 fraterno
1201 1001 1276 1039 con-

138 1065 241 1126 sortio
264 1065 385 1123 iudicat
401 1065 509 1144 quide
532 1067 675 1142 uniuersa
683 1063 826 1124 Ecclesia
842 1064 921 1122 male
939 1059 1100 1121 sentiendo
1130 1061 1272 1141 quidcmj

140 1147 185 1207 de
205 1147 340 1206 seculari
355 1145 471 1206 iudicio
486 1149 588 1228 poscit
606 1147 773 1215 ancilium,
800 1167 867 1204 cram
900 1147 1096 1226 privatorum
1128 1144 1279 1204 Christia-

141 1247 258 1290 norum
282 1249 391 1288 causas
413 1228 585 1310 Apostolus
613 1230 710 1306 magis
746 1228 791 1287 ad
826 1229 1002 1289 Ecclesiam
1034 1224 1157 1306 deferri
1184 1237 1277 1308 atque

141 1309 260 1373 ibidem
278 1313 442 1370 terminari
454 1313 644 1394 praecipiat.
687 1312 835 1392 (Capitol,
864 1335 891 1370 a.
920 1310 988 1390 755.
1009 1331 1042 1379 c.
1069 1307 1128 1386 18.)
1172 1307 1277 1368 Simul

140 1404 178 1454 ct
199 1391 261 1454 hoc
284 1402 440 1454 statutum
457 1404 514 1468 est,
543 1403 579 1474 ut
601 1395 711 1456 nullus
732 1393 915 1476 Presbyter,
940 1402 994 1451 aut
1016 1391 1192 1468 Diaconos,
1224 1389 1278 1450 vel

141 1475 379 1551 Subdiaconus,
399 1485 453 1535 orit
474 1476 577 1538 fidelis
599 1477 715 1554 larinus,
736 1477 787 1538 vel
807 1477 995 1557 quicunque
1015 1474 1144 1556 regulae
1160 1471 1280 1532 manci-

143 1567 251 1640 patur,
269 1579 326 1618 suo
345 1558 515 1642 Episcopo,
532 1560 671 1637 inflatus,
694 1568 747 1618 aut
761 1557 902 1638 schisma
924 1557 1057 1632 faciens,
1076 1565 1131 1615 aut
1159 1564 1278 1616 contu-

144 1662 220 1700 max
238 1640 290 1703 vel
308 1641 496 1702 inobediens
520 1650 679 1724 appareat,
695 1641 849 1723 quoniam
865 1641 897 1700 in
917 1639 1101 1701 Canonibus
1124 1637 1280 1720 scriptum

146 1730 212 1783 est:
235 1724 419 1799 Presbyteri
435 1737 465 1784 et
486 1719 624 1786 Diacoai
642 1738 772 1806 praeter
792 1723 988 1807 Episcopum
1012 1722 1061 1780 nil
1081 1742 1172 1800 agere
1196 1740 1278 1802 per-

143 1817 274 1866 tentent.
316 1806 357 1864 Et
369 1828 425 1886 per
443 1806 696 1868 inobedientiam
716 1805 836 1888 primas
860 1806 956 1866 horno
976 1803 1103 1870 cecidit.
1127 1802 1280 1880 Quicun-

143 1908 210 1968 que
225 1907 302 1954 vero
320 1889 594 1952 audenterertere
609 1889 794 1949 huiusmodi
808 1890 941 1949 formam
962 1907 1158 1968 quocun-que
1170 1885 1278 1961 modo,

146 1990 208 2029 nec
227 1970 357 2051 proprio
375 1971 579 2034 subiciuntur
593 1973 764 2054 Episcopo,
786 1971 813 2032 si
836 1970 968 2053 q'uidem
983 1969 1102 2030 Clerici
1119 1977 1204 2044 sunt,
1221 1988 1278 2029 cu-

146 2073 271 2124 nonum
292 2055 548 2134 correptionibus
570 2055 797 2124 subiacebunt5
821 2054 847 2114 si
870 2075 946 2115 vero
971 2051 1060 2113 Laici
1087 2050 1141 2113 vel
1169 2053 1280 2110 Mona-

144 2133 200 2194 chi
224 2135 357 2213 fuerint,
378 2132 603 2198 communione
626 2138 804 2219 priventur.
828 2136 965 2218 Capitol.
986 2139 1014 2196 I.
1029 2159 1057 2200 a.
1073 2137 1143 2216 789.
1159 2131 1250 2193 coo

145 2241 196 2300 De
213 2239 379 2324 Episcopis
401 2264 466 2302 non
484 2243 669 2304 accusandis
687 2244 749 2303 nisi
770 2240 815 2300 ad
840 2262 976 2302 summos
997 2241 1155 2301 Primates
1165 2283 1178 2310 ,
1203 2239 1279 2319 qaia

144 2343 210 2382 non
231 2345 336 2384 omnes,
350 2326 591 2410 Metropolitani
609 2327 721 2384 summi
742 2337 814 2383 stent
838 2323 1007 2384 Primates.
1048 2321 1091 2382 Et
1112 2323 1169 2382 boc
1192 2342 1279 2380 sum-

144 2411 270 2488 mopere
284 2407 322 2466 ab
339 2409 383 2465 eis
390 2408 629 2491 praevideatur,
646 2429 683 2467 ne
703 2405 990 2489 aliquacupr'ditate
1007 2404 1054 2462 vel
1069 2403 1190 2462 invidia
1199 2401 1279 2484 fiat.

233 2508 350 2572 CLVI.
394 2512 427 2572 Si
444 2513 766 2595 quis'Episcoporum
788 2520 965 2586 accusatur,
990 2509 1030 2569 ad
1054 2529 1194 2570 summos
1210 2507 1282 2569 Pri-

144 2602 245 2652 mates
271 2615 397 2680 causpm
424 2596 547 2656 deferat
570 2604 749 2666 accusator3
779 2594 836 2676 qui
864 2593 1025 2654 adtentius
1055 2591 1230 2653 discutiant
1253 2589 1281 2650 si

145 2676 379 2756 causapietatis
398 2677 460 2738 hoc
484 2679 548 2756 frat,
574 2699 688 2738 necne.
731 2677 828 2754 Quod
856 2677 883 2736 si
906 2674 1052 2736 alicuius
1066 2673 1203 2752 invidia,
1224 2680 1304 2732 aut·

101 2779 104 2789 ’
145 2758 328 2836 inimicitia,
345 2761 397 2819 vel
418 2783 513 2842 prava
530 2761 717 2842 cupiditate,
734 2759 886 2820 aut'mala
901 2759 1068 2819 voluntate
1083 2766 1189 2816 actum
1206 2756 1279 2816 fue-

145 2841 206 2916 rit,
221 2840 313 2901 nullo
331 2842 424 2902 modo
438 2844 501 2903 tale
520 2845 705 2925 recipiatur¹
722 2842 904 2924 negotium5
940 2839 1094 2921 quoniam
1122 2839 1281 2899 inconve-

147 2924 240 2982 niens
256 2933 304 2984 est
326 2934 362 2985 ut
379 2924 413 2984 hi
436 2926 493 3007 qui
509 2926 617 2986 throni
633 2926 694 2986 Dei
707 2935 875 3000 vocantur,
891 2931 924 2984 et
942 2922 1120 2982 immobiles
1139 2943 1205 2982 esse
1221 2922 1283 3006 ‹le-

145 3005 235 3082 beat,
258 3028 431 3087 pravorum
448 3009 704 3069 accusationibus
728 3016 918 3068 moveantur
950 3006 1004 3068 uel
1036 3005 1283 3087 perturbentur.
1365 3073 1367 3080 γ

145 3087 225 3148 Nam
246 3091 271 3150 si
286 3111 379 3149 causa
395 3091 521 3170 pietatis
540 3091 590 3173 ogi
609 3092 778 3151 inventum
799 3089 909 3166 fuerit,
930 3089 1092 3170 patienter
1114 3087 1280 3156 audiatur3

146 3169 254 3232 minus
278 3192 330 3248 ne,
353 3173 540 3252 reiciantur,
565 3186 598 3235 et
622 3173 777 3233 canonice
799 3171 1011 3252 corrigantur.

211 3253 300 3335 Quid
317 3255 356 3314 de
371 3255 534 3317 Advocato
555 3256 708 3336 agendam
732 3257 773 3314 sit
795 3257 849 3338 arai
871 3255 905 3314 ia
930 3253 1004 3314 dolo
1030 3253 1085 3312 cel
1096 3251 1218 3334 fraude

575 3351 716 3420 repertus
734 3337 848 3418 fuerit.
975 3361 976 3366 ¹
1014 3353 1017 3362 “
1065 3357 1067 3362 ’

228 3412 361 3478 CLVII.
405 3417 440 3478 Si
453 3419 632 3482 Advocatus
648 3421 679 3478 in
694 3442 788 3480 causa
800 3428 947 3500 suscepta
976 3418 1086 3500 iniqua
1105 3416 1282 3499 cupiditate

144 3498 245 3560 fuerit
254 3512 411 3584 repertus,
421 3502 438 3562 la
447 3515 608 3564 conventu
621 3503 829 3574 honestorum
841 3512 871 3563 et
882 3498 1285 3562 aiudieioramcornmuni-

146 3584 1284 3667 onesepuretur‚etvideatneludicisetbssertorispersonamaccipiat.
1354 3584 1356 3592 '

187 3691 236 3750 De
254 3694 302 3750 lais
325 3693 380 3772 qui
403 3705 513 3755 contra
541 3713 629 3750 suam
645 3690 878 3775 professionem
904 3693 959 3750 cel
980 3691 1243 3776 subscriptionem

644 3787 803 3834 venerunt.
1152 3839 1154 3843 7

229 3855 374 3920 CLVIII.
417 3855 484 3934 Qui
526 3865 637 3916 contra
676 3856 910 3938 professionem
939 3855 992 3916 vel
1018 3851 1285 3936 subscriptionem

146 3958 235 4000 suam
257 3949 405 4018 venerit,
429 3942 463 4026 in
486 3939 634 4000 Concilio
655 3940 846 4022 deponatur.
891 3936 947 3999 VI.
969 3939 1039 4015 504.

239 4046 287 4105 De
314 4045 444 4106 Clericis
464 4044 520 4106 vel
536 4046 702 4106 Monaclais
719 4058 772 4103 aut
792 4030 896 4104 Laiicis
918 4043 1181 4126 conspirantibus.

227 4125 343 4190 calx.
387 4133 429 4190 Ut
446 4151 506 4190 nec
527 4128 648 4189 Clerici
671 4149 731 4190 nec
750 4127 901 4187 blonaclii
933 4149 993 4186 nec
1018 4126 1107 4186 laici
1128 4125 1290 4208 conspira-

144 4208 268 4270 tionem
281 4212 331 4271 vel
350 4211 482 4276 insidias
498 4207 621 4272 'corrtra
643 4212 808 4278 Pastorem
831 4225 925 4269 sirum
951 4209 1080 4272 faciant.
1133 4210 1231 4287 Quod
1261 4209 1289 4271 si

107 4373 109 4380 Ι
148 4290 302 4372 iecerint,
319 4295 483 4356 canonicis
497 4294 685 4356 subiaceant
708 4293 998 4376 increpationibus·
1020 4294 1047 4356 Ι.
1068 4311 1117 4378 29.
