2926 4984
499 357 612 428 unna
637 356 814 422 eurnrus
1121 413 1123 424 ,
1169 335 1240 411 571

119 497 302 584 professioni
321 497 555 560 inconveniens
573 508 642 578 est,
664 507 695 558 ct
712 498 744 560 in
771 495 867 559 sacris
890 495 1068 568 cranonihus
1088 495 1242 578 prohibe-

119 593 177 662 tur,
197 583 326 642 omnino
346 590 490 658 caveant,
513 591 544 642 et
565 584 635 641 loca
655 581 714 641 sibi
738 582 754 640 al
772 579 863 639 nohis
880 588 1012 660 propter
1026 579 1167 660 aliquam
1188 601 1243 639 ne·
1266 579 1267 585 '

119 667 289 726 cessitatem
309 685 457 725 concessa
481 665 628 744 deperire
653 675 685 724 ct
704 663 824 724 destrui
853 671 984 743 propter
1003 662 1244 744 neglegentiam

118 770 177 807 non
202 748 387 822 dimittant,
411 755 443 804 et
469 748 735 828 congregationes
759 745 819 806 sibi
843 744 1036 821 commissas,
1056 745 1123 805 sive
1145 743 1244 827 spiri·

118 831 217 900 taliter
237 829 304 890 sive
322 829 551 909 temporaliter,
565 839 699 911 paterno
716 829 832 890 affectu
849 829 1039 910 gnbernare,
1055 827 1166 908 eisque
1188 846 1244 886 ne·

118 912 244 972 cessaria
261 911 421 994 stipendia
442 912 664 972 administrare
688 934 752 971 non
772 911 956 992 neglegant,
980 931 1020 969 ne
1041 910 1124 969 forte
1143 930 1243 992 prop-

71 995 77 1012 ‘
117 1004 162 1054 ter
181 994 322 1075 aliquam
346 993 488 1076 inopiam
515 1004 547 1055 et
573 994 684 1054 divina
706 993 809 1054 officia
836 994 1066 1075 neglegantur,
1096 1001 1128 1052 et
1156 991 1243 1072 ipsae

116 1077 371 1158 congregationes
388 1076 607 1158 inreligiosius
623 1078 733 1138 vivere
748 1076 994 1158 compellantur.
1033 1075 1075 1134 Et
1088 1073 1145 1156 qui
1161 1073 1259 1133 haec*

117 1181 202 1242 agere
230 1159 454 1242 neglexerint,
477 1161 580 1222 sciant
602 1181 636 1222 se
664 1182 701 1223 eu
731 1160 796 1222 illis
820 1159 948 1218 auferre
974 1164 1006 1218 et
1028 1155 1242 1240 religiosiori-

115 1243 169 1304 bus
192 1241 278 1305 dare.

119 1349 157 1409 Ut
167 1349 304 1431 capellae
318 1349 432 1430 absque
443 1350 530 1408 iussu
541 1349 606 1408 sive
615 1350 770 1434 permissu
780 1349 907 1432 proprii
915 1345 1068 1432 Episcopi
1079 1343 1241 1428 eonfiant.

190 1452 430 1517 cccxxxiv.
470 1454 599 1515 Placuit
625 1454 718 1516 nobis
749 1463 802 1530 ut,
831 1454 916 1515 sicut
944 1453 982 1513 ab
1011 1450 1178 1534 Episcopis
1209 1458 1243 1512 et

113 1536 241 1619 reliquis
262 1537 489 1600 Sacerdotibus
511 1559 547 1598 ac
564 1537 627 1599 Dei
646 1537 745 1598 servis
765 1537 920 1597 admoniti
940 1535 1080 1610 fuimus,
1105 1555 1165 1596 nec
1187 1555 1249 1594 ca·-

113 1621 211 1701 pcllac
228 1619 261 1678 in
280 1620 398 1699 palatio
415 1630 524 1681 nostro
544 1622 596 1680 vel
611 1620 722 1696 aliubi,
745 1621 864 1700 absque
884 1619 941 1678 illa
954 1629 1072 1693 nostra,
1086 1616 1155 1677 sine
1170 1637 1244 1698 per·

113 1702 203 1762 missu
221 1703 272 1762 vel
292 1702 381 1762 iussu
399 1703 556 1785 Episcopi
578 1703 610 1763 in
631 1703 724 1764 cuius
744 1712 792 1762 est
806 1701 981 1784 parochia,
1005 1702 1092 1760 fiant.
1135 1700 1178 1759 Et
1204 1707 1242 1758 ut

114 1805 215 1844 omnes
235 1804 296 1865 per
329 1784 398 1845 dies
429 1785 607 1848 dominicos
636 1786 687 1847 vel
719 1785 907 1846 festivitates
934 1783 1113 1868 praeclaras
1153 1803 1242 1842 sacru

114 1865 300 1926 eucharistia
321 1870 577 1945 communicent,
609 1868 671 1929 nisi
703 1867 821 1948 quibus
847 1867 1005 1928 abstinere
1032 1874 1242 1948 praeceptum

105 1957 164 2020 ‚est
203 1949 245 2008 Et
266 1956 304 2006 ut
327 1949 506 2011 observatio
533 1952 676 2010 omnium
696 1951 823 2011 dierum
842 1949 1090 2025 dominicorum,
1116 1967 1239 2008 amane

113 2052 207 2111 usquc
227 2031 266 2090 ad
283 2051 466 2112 vesperam,
486 2035 664 2094 secundum
682 2033 871 2095 canonicam
883 2032 1106 2094 auctoritatem
1123 2029 1161 2089 ab
1177 2051 1243 2090 om-

112 2113 201 2174 nibus
224 2113 289 2177 liat.
332 2113 437 2199 Supra
454 2115 526 2176 Lib.
546 2117 575 2178 Ι.
596 2139 623 2176 c.
650 2118 695 2180 15.

117 2241 154 2304 Ut
172 2265 280 2305 earnes
311 2245 366 2327 {pati
390 2243 515 2327 infide
543 2247 697 2305 catholica
724 2249 860 2328 suspecti
883 2259 967 2319 suut,
996 2248 1030 2306 iu
1060 2245 1237 2305 testimonio

450 2328 584 2387 hztnrnno
607 2327 698 2388 duln'i
717 2331 898 2395 laabeautur.

228 2429 461 2506 CCCXXXV.
506 2433 625 2494 Omnes
644 2434 701 2514 qui
720 2434 753 2493 in
776 2433 838 2493 fide
859 2433 981 2494 Christi
1005 2432 1059 2496 vel
1081 2431 1241 2492 catholica

111 2515 243 2596 suspecti
269 2526 358 2592 sunt,
382 2515 416 2574 in
438 2514 622 2576 testimonio
646 2517 788 2577 humano
810 2515 901 2576 dubii
921 2515 1111 2576 habeantur.
1143 2513 1240 2573 Infir-
1286 2587 1288 2592 ι

111 2597 183 2656 mari
207 2619 285 2679 ergo
309 2607 436 2680 oportet
462 2621 573 2658 eorum
598 2600 818 2661 testimonium
843 2598 899 2680 qui
923 2597 955 2657 in
983 2597 1044 2659 fule
1075 2596 1147 2672 falsi
1180 2596 1239 2656 do·

111 2689 236 2751 centur;
264 2701 323 2740 nec
345 2681 390 2742 eis
413 2703 481 2741 esse
504 2683 704 2743 credendum
723 2682 780 2764 qui
801 2680 947 2743 veritatis
965 2681 1060 2748 fidem
1078 2681 1238 2762 ignorant.

124 2821 127 2824 '
152 2808 191 2870 Ut
213 2811 242 2870 si
261 2810 330 2893 quis
346 2810 511 2872 illinistros
528 2809 687 2870 Ecclesiae
709 2811 924 2889 iniuriaverit,
947 2812 1005 2871 hoc
1027 2812 1196 2895 tripliciter

578 2906 751 2976 componat.

187 2995 433 3059 CCCXXXVl.
477 2998 510 3058 Si
541 2999 613 3078 quis
640 2999 1004 3078 MinistrosEeclesiae,
1027 2999 1060 3060 id
1090 2997 1238 3058 estSub·

109 3077 294 3157 diaconum,
327 3082 513 3157 Lectorem,
545 3081 763 3158 Exercistam,
791 3081 1007 3165 Acolytlrum,
1043 3081 1238 3158 Ostiarium,

107 3160 309 3223 iniuriaverit
342 3173 397 3224 aut
428 3163 623 3244 percusserit
651 3165 702 3224 uel
735 3165 935 3246 plagaverit,
974 3171 1145 3248 componat
1174 3163 1239 3224 hoe

106 3243 277 3324 tripliciter
308 3246 392 3307 sicut
414 3248 520 3306 solent
549 3268 744 3326 componere
778 3259 928 3328 parentes
964 3249 1044 3312 cius.
1099 3245 1237 3308 Diaconi

110 3347 200 3403 vere,
224 3328 421 3410 Presbyteri,
450 3337 545 3410 atque
565 3330 716 3410 Episcopi
736 3325 855 3389 iniuria
870 3331 902 3389 in
921 3330 1138 3413 quadruplum
1155 3351 1239 3392 com·

106 3419 250 3486 ponatur.
293 3411 504 3492 Reliquorum
522 3421 628 3470 {tutem
651 3411 854 3472 Clericorum
883 3413 1002 3473 iniuria
1027 3423 1239 3494 componatur

107 3489 184 3549 sicut
201 3502 373 3572 pareutum
393 3515 513 3572 corum.
565 3493 798 3555 lllonaehornm
817 3515 959 3577 quoque,
983 3495 1039 3576 qui
1056 3495 1237 3556 secundum

105 3574 247 3654 regulam
269 3575 302 3632 iu
325 3576 517 3636 rnoraasterio
538 3575 662 3652 vivunt,
687 3577 805 3636 iniuria
824 3589 1036 3659 componatur
1056 3578 1237 3638 seeundum

107 3656 324 3735 genealogiam
341 3680 445 3732 suam,
467 3669 503 3718 ut
519 3659 699 3720 reverentia
719 3659 761 3720 sit
782 3663 851 3722 Deo
872 3671 904 3722 et
920 3661 1098 3738 Ecclesiae,
1121 3667 1155 3719 et
1173 3680 1237 3742 pax

107 3734 150 3794 eis
171 3739 229 3818 qui
246 3738 295 3797 illi
319 3740 514 3800 deserviunt.
1043 3762 1045 3772 ’

110 3839 149 3900 Ut
160 3845 267 3924 siquis
281 3859 451 3906 continnae·
464 3849 668 3907 reuerentiam
685 3847 899 3909 Ecclesiurum
920 3848 1117 3920 nonhabet,
1148 3850 1237 3930 qnin-

442 3944 550 4008 gentos
573 3937 738 4012 cotirpouat
755 3931 885 3991 soli'dos.

121 4109 127 4122 ι
185 4032 442 4099 CCCXXXVll.
493 4035 527 4095 Si
558 4035 630 4118 quis
658 4035 754 4096 homo
784 4047 956 4098 contumax
993 4036 1045 4097 vel
1078 4040 1235 4118 superbus

105 4118 250 4174 timorem
279 4117 340 4176 Dei
363 4118 414 4177 rel
436 4119 652 4178 reverentiam
673 4119 891 4180 Ecclesiarum
911 4121 1169 4198 nonhabncrit,
1203 4131 1236 4182 et

104 4193 279 4274 fugientem
301 4221 430 4273 servum
453 4223 546 4260 suum
571 4203 625 4261 vel
651 4202 1235 4285 quemlihetpcrsocutusl'ue1·it,rel

106 4273 143 4336 de
157 4279 301 4343 Ecclesia
322 4282 375 4345 vel
397 4283 437 4344 tle
458 4283 589 4367 porticu
610 4288 679 4348 eius
701 4283 846 4370 pervim
873 4286 1081 4364 abstraxerit,
1113 4295 1145 4348 ct
1164 4289 1234 4348 Deo
