2910 4984
499 332 655 390 santrio
683 333 831 390 ranna
1165 311 1242 386 803

438 472 488 532 De
515 464 677 557 benficiis
697 475 925 538 ecclesiasticis.
959 471 962 474 ’

192 573 357 640 XXXIII.
401 577 597 660 Quicunque
611 579 807 642 beneficium
830 577 1090 658 ecclesiasticum,
1102 576 1241 660 hahent,

111 662 151 723 ad
171 670 256 721 tecta
272 659 438 720 Ecclesiae
451 663 660 723 restauranda
674 665 727 726 vel
745 664 828 746 ipsas
840 662 1241 726 'Ecclesiasa'rnendandas

112 744 429 824 omninofladiuveut,
452 751 485 804 et
497 764 616 804 nonam
633 754 664 806 et
683 745 839 808 decimam
856 745 1004 807 reddant.
1031 751 1034 770 ²
1049 744 1087 810 V.
1116 747 1182 810 158.

486 849 536 909 De
558 849 724 912 ordinibus
745 853 855 916 sacris.
1100 877 1101 881 ¹

196 927 356 995 XXXIV.
398 933 531 1008 Lector,
554 929 990 1008 subdiaconus,‘Diacouus,
1006 928 1193 1015 Presbyter,
1216 928 1242 994 si

114 1015 284 1078 clericatus
297 1013 455 1073 honorem
470 1015 740 1094 contempserint,
763 1016 878 1076 curiali
894 1015 1074 1077 conditioni
1089 1015 1242 1078 cuiusuis

114 1096 320 1161 facultatibus
338 1096 547 1157 subiciantur.
593 1097 650 1162 VI.
672 1099 737 1163 128.
774 1166 777 1170 .

288 1203 337 1260 De
359 1203 516 1262 oblatione
545 1213 574 1260 et
592 1224 670 1287 pace
693 1205 726 1263 in
743 1204 891 1264 ,Ecclesia
903 1199 1068 1283 facienda.

195 1282 336 1346 XXXV.
380 1283 586 1344 Oblationem
601 1306 731 1368 quoque
748 1297 780 1346 et
794 1307 906 1368 pacem
926 1285 960 1344 in
975 1283 1123 1346 Ecclesia
1135 1283 1242 1347 facere

116 1367 232 1450 iugiter
248 1367 458 1426 admoneatur
469 1368 608 1448 populus
626 1367 840 1437 Christianum
864 1368 940 1450 quia
952 1366 1020 1449 ipsa
1042 1366 1162 1427 oblatio
1183 1368 1244 1430 sihi

117 1459 150 1510 et
165 1449 230 1510 suis
246 1470 397 1530 magnum
414 1457 462 1508 est
481 1449 659 1510 remedium
674 1451 865 1528 animarum,
882 1459 914 1512 et
937 1449 971 1508 in
993 1449 1062 1533 ipsa
1077 1471 1156 1532 pace
1168 1471 1244 1513 vera

118 1531 310 1592 unanimitas
328 1540 360 1592 et
384 1531 557 1592 concordia
579 1534 823 1596 demonstratur.
869 1533 907 1594 V.
927 1529 992 1592 160.

359 1635 400 1697 Ut
422 1637 538 1696 malum
559 1637 719 1699 ebrietatis
741 1641 866 1700 omnino
888 1639 1016 1701 uitetur.
1050 1713 1054 1720 .

198 1741 357 1812 XXXVI.
401 1750 552 1830 Magnum
579 1747 699 1807 malum
724 1745 905 1822 ebrietatis,
928 1745 1015 1804 uude
1036 1742 1144 1803 omnia
1170 1740 1248 1803 vitia

116 1827 298 1911 pullulant,
322 1831 424 1892 modis
439 1830 587 1892 omnibus
604 1850 718 1890 cavere
738 1827 958 1910 praecipimus.
981 1826 1047 1903 Qui
1063 1833 1172 1896 autem
1185 1825 1251 1885 hoo

118 1911 220 1971 vitare
254 1912 416 1988 noluerit,
447 1906 792 1973 excommunicandum
826 1931 893 1972 esse
921 1908 1120 1970 decrevimus
1143 1927 1246 1990 usque

120 1993 159 2054 ad
183 1994 440 2056 emendationem
459 2017 643 2078 congruam.
687 1993 725 2059 V.
747 1995 811 2054 162.
908 2045 912 2050 .
1006 1988 1009 2006 '

436 2101 486 2160 De
507 2099 707 2160 multitudine
731 2099 933 2159 Clericorum.

123 2213 154 2239 ’“
202 2203 378 2268 XXXVII.
418 2206 465 2266 Ne
489 2205 603 2288 passim
626 2199 803 2288 Episcopus
833 2203 1074 2265 multitudinem
1100 2202 1247 2266 Clericu-

121 2310 193 2349 rum
216 2288 328 2363 faciat,
349 2287 406 2349 sed
420 2288 597 2348 secundum
620 2288 769 2347 meritum
794 2287 846 2348 vel
872 2287 1011 2346 reditum
1030 2287 1249 2352 Ecclesiarum

123 2393 274 2432 numerus
291 2370 484 2446 moderetur.
531 2370 565 2431 V
561 2371 587 2434 I.
607 2391 672 2449 127.

487 2479 535 2536 oe
550 2477 744 2559 spiritalitas
753 2475 885 2560 straus.
939 2443 943 2448 ⁵
1025 2487 1058 2560 χ
1091 2545 1096 2554 ,

201 2583 380 2644 XXXVIII.
422 2581 641 2664 Praecipimus
653 2590 687 2646 ut
700 2581 922 2663 unusquisque
935 2580 1160 2662 compatervel
1171 2603 1248 2666 pro·

118 2665 197 2728 ximi
215 2665 373 2746 spiritales
387 2665 504 2741 filiolos
517 2687 590 2725 suos
612 2663 768 2725 catholice
787 2665 956 2724 instruant.
1003 2666 1059 2726 VI.
1084 2665 1166 2748 163„

225 2771 266 2832 Ua
287 2774 440 2832 canticum
462 2771 661 2830 luxuriosum
689 2772 781 2831 cirea.
794 2770 952 2831 Ecclesiae
974 2770 1166 2834 deseramn·
1191 2801 1195 2813 ·
1223 2829 1224 2832 ,

200 2877 346 2938 XXXIX.
390 2875 560 2936 Canticum
580 2885 671 2956 turpe
691 2867 1010 2956 atque'luxuriosum
1030 2875 1116 2937 circa
1132 2878 1249 2939 Eccle-

120 2955 291 3117 slhasl‘gpere
311 2957 442 3018 omuino
462 2958 728 3018 contradicimus:
751 2959 838 3040 quod
862 2958 980 3040 ubique
1002 2959 1169 3021 vitandum
1194 2972 1249 3020 est.

504 3125 619 3207 Quales
648 3125 710 3182 sint
733 3122 857 3183 Clerici.

123 3227 127 3306 s
203 3225 273 3291 XL.
316 3227 416 3287 Nemo
434 3229 488 3288 fiat
503 3229 650 3290 Clericus
669 3225 732 3287 nisi
747 3227 802 3307 qui
821 3228 943 3288 bouum
963 3227 1181 3290 testimonium
1197 3228 1251 3290 ha-

121 3313 193 3389 bet,
218 3321 250 3372 et
264 3309 423 3372 litteratus
441 3320 499 3374 est.
543 3311 577 3371 V
576 3317 601 3372 Ι.
624 3310 689 3372 126.

121 3423 170 3482 De
192 3417 359 3503 Episcopis
381 3431 411 3478 et
430 3417 620 3488 Abbatilaus,
645 3429 679 3475 ut
705 3429 776 3476 ante
798 3437 829 3476 se
863 3421 933 3479 ioca
955 3418 1160 3504 turpiafleri
1188 3439 1252 3480 non

223 3555 224 3558 ,
567 3554 572 3568 ,
585 3501 779 3581 permittant.

203 3581 285 3642 XLI.
327 3585 370 3643 Ut
384 3583 535 3666 Episcopi
553 3592 584 3643 et
600 3581 738 3642 Abbates
766 3590 839 3642 ante
861 3602 894 3642 se
923 3581 993 3642 ioca
1017 3585 1124 3666 turpia
1146 3585 1252 3648 facere

123 3687 188 3726 non
202 3663 406 3747 permittant;
429 3668 486 3727 sed
502 3685 657 3748 pauperes
672 3673 705 3724 et
723 3663 905 3746 indigentes
922 3686 1034 3726 secum
1052 3668 1093 3728 ad
1112 3689 1254 3730 mensam

120 3748 281 3822 habeant,
305 3757 337 3808 ct
353 3749 451 3809 lectio
468 3748 580 3810 divina
594 3745 638 3806 ihi
661 3757 822 3829 personet,
847 3756 879 3807 et
899 3757 1027 3810 sumant
1054 3750 1163 3810 cibum
1180 3771 1254 3811 cum

121 3828 350 3890 benedictione
365 3840 397 3890 et
415 3831 509 3892 laude
523 3830 602 3907 Dei,
626 3830 805 3890 secundum
826 3831 1032 3910 Apostolum:
1066 3831 1143 3893 Sive
1165 3854 1254 3894 marr-

122 3911 263 3982 ducatis,
287 3913 502 3985 slvelibitis,
528 3914 633 3984 omnia
648 3913 682 3970 in
704 3911 829 3971 laudem
849 3913 912 3971 'Dei
922 3912 1035 3992 facite.
1063 3946 1065 3950 ·

337 4019 387 4078 De
404 4018 494 4078 iustis
510 4017 636 4104 iudiciis
655 4018 693 4077 ab
712 4017 878 4101 Episcopis
896 4017 1034 4098 agendis.
1055 4023 1059 4059 ³.

192 4122 399 4225 'JXI41133Ut³
411 4119 569 4214 (Episcopi
595 4123 723 4184 Indices
744 4127 773 4201 u)
789 4121 921 4188 ,iudicia
944 4123 1028 4186 iusta
1056 4126 1255 4201 discernam

158 4263 191 4355 u)
211 4287 245 4345 al.
266 4273 313 4341 nis.
333 4263 454 4360 episcopi
474 4255 503 4340 er
518 4282 643 4345 iudicas..
