2910 4986
531 318 645 378 tinen
672 322 856 386 nunnius.
1181 306 1252 396 483

133 466 195 530 De
208 463 312 528 onais
325 460 491 526 dominicis
505 474 535 522 et
548 461 775 546 Episcopornm
791 461 838 522 vel
849 461 1039 546 reliqnonm
1055 465 1110 547 qui
1125 465 1254 526 inbosco

596 566 658 604 non
670 543 812 623 ficerunt.

220 627 323 690 LXX.
365 629 407 688 Ut
423 626 503 687 vassi
520 627 639 705 nostri,
662 636 694 685 et
709 628 789 687 vassi
804 627 1055 709 Episcopornm,
1075 615 1255 706 Abbatuin,

135 712 394 784 Abbatissarum‚
417 718 449 768 et
465 709 634 789 Comitum,
655 708 710 788 qui
728 713 813 769 ann'o
835 719 1002 792 praesente
1020 712 1052 771 in
1079 709 1170 773 hoste
1190 734 1256 772 non

137 797 289 870 fuerunt,
309 790 524 852 heribannum
544 792 739 862 rewadient,
762 793 903 873 exceptis
924 792 974 852 his
992 794 1047 874 qui
1061 805 1191 876 propter
1204 815 1258 854 ne·

137 876 288 938 cessarias
324 895 431 936 causas
470 883 502 934 ct
534 875 551 933 ia
584 875 709 933 Domno
740 895 775 933 ac
806 875 950 954 genitore
986 887 1094 936 nostro
1138 877 1257 936 Karolo

139 961 325 1021 constitutas
363 957 446 1014 dom1
470 956 590 1015 dimissi
616 957 766 1024 luerunt;
790 956 823 1016 id
858 966 919 1033 est,
952 957 1007 1036 qui
1028 959 1044 1016 b
1063 958 1187 1018 Comite
1219 959 1256 1034 Ic)

137 1049 271 1125 propter
288 1059 399 1120 pacem
411 1038 660 1098 conservandam
675 1039 717 1112 (et
738 1048 868 1119 propter
884 1039 1053 1121 coniugem
1072 1061 1108 1100 ac
1129 1041 1258 1099 domum

139 1123 207 1184 eius
221 1121 460 1182 custodiendam
474 1120 513 1197 l),
535 1119 616 1179 stab
636 1120 794 1200 Episcopo
810 1121 860 1180 vel
881 1120 1001 1182 Abbate
1027 1122 1077 1183 vel
1093 1122 1258 1182 Abbatissa

138 1205 287 1266 similiter
316 1213 446 1285 propter
470 1223 580 1282 pacem
603 1202 860 1276 conservandam,
871 1212 902 1262 et
921 1213 1052 1284 propter
1065 1205 1173 1284 fruges
1195 1205 1259 1264 col·

139 1285 336 1368 ligandas‚et
354 1284 505 1343 familiam
533 1283 825 1365 constringendam,
849 1292 882 1345 et
903 1287 1012 1347 Missos
1034 1287 1259 1368 recipiendos,

140 1367 260 1429 dimissi
280 1368 421 1426 fuerunt.
468 1366 546 1426 Ibid.
568 1387 593 1424 c.
616 1387 662 1444 27.

141 1453 199 1514 De
220 1449 402 1534 Episcopus,
423 1448 618 1517 Abbatibns‚
649 1460 679 1506 et
702 1448 891 1526 Comitibus,
925 1463 955 1508 et
975 1449 1014 1509 dc
1031 1451 1149 1534 placito
1176 1451 1258 1512 Mis·

514 1551 617 1588 sorum
639 1527 875 1589 dominicorum.

223 1610 341 1672 LXXI.
383 1613 424 1672 Ut
442 1612 544 1670 omnis
560 1610 754 1692 Episcopus,
777 1611 899 1686 Abbas,
922 1620 954 1672 et
973 1613 1104 1689 Comes,
1128 1623 1262 1695 excepta

139 1693 325 1754 infirmitate
340 1694 391 1753 vel
415 1703 521 1754 nostra
551 1693 710 1769 iussione,
734 1693 856 1752 nullam
881 1695 1119 1755 excusationem
1148 1695 1263 1756 babeat

139 1777 221 1856 quin
236 1775 276 1834 ad
293 1774 445 1855 placitum
459 1777 624 1836 Missorum
653 1785 832 1836 nostrorum
854 1776 977 1850 veniat,
999 1788 1054 1837 aut
1079 1778 1176 1838 talem
1201 1778 1262 1841 Vi-

141 1859 263 1918 carium
283 1877 373 1917 suum
400 1857 502 1918 mittat
522 1857 628 1937 quiin
645 1857 732 1917 omni
751 1878 844 1918 cansa
858 1879 916 1940 pro
933 1858 990 1919 illo
1011 1859 1145 1921 reddere
1162 1859 1260 1921 ratio-

142 1961 216 2000 nem
230 1938 338 2012 possit.
379 1939 559 2005 [hidam.

140 2025 197 2084 De
211 2043 272 2081 non
291 2020 446 2100 exigendo
465 2023 635 2081 heribanno
654 2035 816 2104 antequam
831 2025 926 2084 iussio
942 2020 1259 2104 dominicanotafial.

224 2101 361 2163 LXXII.
405 2105 446 2162 Ut
462 2103 548 2163 Missi
569 2112 601 2162 et
620 2105 838 2184 unusquisque
855 2105 887 2163 in
911 2127 967 2164 suo
985 2105 1163 2166 ministerio
1180 2107 1260 2166 haec

139 2185 281 2266 capitula
297 2184 397 2267 relegi
417 2185 534 2245 faciant
550 2205 654 2243 coram
679 2187 815 2265 populo;
839 2197 870 2246 et
895 2195 969 2246 nota
1000 2187 1064 2246 sint
1094 2189 1261 2265 omnibus,

141 2288 182 2327 ne
206 2268 322 2347 aliquis
340 2269 575 2328 excusationem
589 2265 705 2326 babere
722 2267 827 2346 possit.
870 2269 912 2327 Et
925 2290 989 2327 non
1015 2269 1102 2349 prius
1118 2271 1261 2330 bannum

142 2349 306 2432 exigentia
326 2369 488 2436 quoquam
501 2348 654 2423 homine,
678 2348 781 2410 donec
806 2351 952 2409 omnibus
974 2350 1053 2410 haec
1072 2360 1146 2411 nota
1173 2353 1259 2413 fiant.

365 2435 419 2492 Dc
442 2431 588 2515 dispensa
611 2431 780 2489 Missorum
808 2431 1042 2491 dominicorum.

223 2511 376 2574 LXXIII.
426 2517 474 2574 De
505 2513 651 2593 dispensa
684 2512 853 2572 Missorum
889 2523 1087 2589 nostrorum,
1122 2509 1261 2594 qualiter

140 2596 319 2677 unicuique
336 2596 424 2656 iuxta
439 2617 527 2656 suam
548 2593 733 2676 qualitatem
749 2594 889 2654 dandum
903 2597 952 2654 vel
971 2596 1195 2676 accipiendum
1208 2599 1260 2672 sit,

139 2679 295 2739 videlicet
314 2679 471 2760 Episcopo
491 2697 588 2759 panes
606 2675 828 2756 qnadraginta,
852 2676 1024 2758 friskingae
1044 2689 1127 2754 tres,
1151 2680 1189 2738 de
1208 2701 1260 2760 pn·

138 2769 176 2824 tu
198 2760 295 2820 modii
312 2771 392 2831 tres,
414 2760 576 2841 porcellus
593 2779 687 2827 unus,
710 2757 793 2837 pulli
816 2767 889 2834 tres,
913 2781 972 2818 ova
989 2759 1184 2838 quindecim,
1207 2783 1263 2820 an-

112 2874 118 2888 ·
139 2863 227 2902 nona
242 2843 281 2901 ad
298 2842 435 2902 caballos
450 2841 548 2901 modii
566 2848 711 2920 quatuor.
753 2837 879 2917 Abbati,
895 2839 1023 2916 Comiti‚
1041 2850 1135 2922 atque
1152 2843 1263 2904 Minic-

94 2979 96 2984 ,
138 2924 247 2983 teriali
266 2932 372 2984 nostro
391 2924 565 3004 unicuique
593 2923 710 2982 dentur
727 2921 871 3001 quotidie
894 2944 992 3001 panes
1012 2922 1160 3004 triginta,
1184 2925 1260 2985 fris-

138 3001 256 3088 kingae
276 3007 374 3082 duaco,
397 3007 435 3067 de
454 3016 532 3087 potu
548 3002 646 3063 modii
667 3003 754 3078 duo,
776 3005 937 3086 porcellus
961 3025 1063 3076 unns,
1086 3005 1167 3087 pulli
1183 3016 1259 3083 tres,

139 3107 201 3148 ova
217 3088 419 3170 quindecim,
442 3109 568 3148 annona
583 3086 622 3145 ad
643 3083 780 3144 caballos
796 3087 894 3146 modii
912 3095 983 3147 tres.
1026 3087 1171 3149 Vassallo
1190 3111 1259 3149 nos-

139 3178 190 3230 tro
209 3191 307 3252 panes
328 3171 438 3231 decem
463 3180 495 3230 et
515 3179 655 3251 septem,
675 3165 830 3248 friskinga
855 3190 940 3244 una,
965 3169 1126 3250 porcellus
1150 3193 1257 3247 unus,

139 3251 180 3311 dc
199 3261 278 3332 potu
296 3253 421 3313 modius
438 3274 542 3325 unns,
562 3247 645 3331 pulli
667 3249 750 3324 due,
774 3269 831 3308 ova
854 3251 981 3328 decem,
1003 3271 1130 3313 annona
1150 3253 1188 3312 ad
1210 3275 1258 3314 ca-

138 3329 240 3394 ballos
252 3335 351 3394 modii
373 3335 445 3395 duo.
488 3332 659 3411 lainam.

137 3443 194 3504 De
205 3459 241 3498 co
255 3443 310 3520 qui
321 3442 354 3498 in
372 3439 475 3498 aliena
489 3440 595 3521 patria
609 3435 649 3494 dc
663 3431 799 3515 qualibet
813 3457 905 3496 causa
913 3431 1017 3516 faerit
1032 3441 1256 3527 interpellatus.
1280 3453 1281 3457 ’
1343 3453 1344 3458 ’

222 3521 371 3582 LXXIV.
414 3520 447 3581 Si
469 3521 540 3603 quis
559 3519 592 3577 in
612 3517 716 3578 aliena
735 3519 853 3598 patria,
876 3519 929 3578 ubi
951 3522 1000 3600 nel
1016 3526 1257 3606 propterbenc·

140 3603 248 3662 licium
268 3603 319 3663 vel
339 3612 470 3685 propter
487 3602 580 3663 aliam
602 3598 776 3682 quamlibet
806 3601 1004 3662 occasionem
1029 3607 1151 3670 assidue
1177 3628 1258 3667 con-

139 3686 261 3746 versari
285 3686 382 3762 solet,
415 3685 453 3745 de
480 3683 623 3766 qnalibet
648 3701 741 3740 causa
764 3682 862 3741 fuerit
891 3683 1136 3766 interpellatus,
1167 3687 1258 3750 verbi

139 3766 240 3850 gratia
257 3767 296 3827 de
322 3767 504 3847 conquisitu
520 3788 576 3826 suo
598 3763 651 3824 vel
668 3763 706 3822 de
722 3763 890 3847 mancipiis
908 3765 972 3826 suls
983 3812 998 3844 ,Α
1014 3767 1057 3827 ibi
1080 3771 1258 3829 secundum

138 3873 230 3911 suam
259 3851 362 3932 Iegem
387 3849 538 3910 iustitiam
563 3846 675 3918 iaciat,
698 3855 729 3903 et
753 3867 825 3904 cnm
855 3847 971 3907 talibus
1001 3850 1256 3911 coniuratoribus

140 3934 253 4014 quales
270 3933 302 3991 in
323 3933 433 3992 eadem
452 3929 584 4011 regione
600 3929 648 3986 vel
669 3927 834 4006 provincia
849 3949 957 3988 secum
972 3928 1089 3990 habere
1104 3935 1257 4012 potuerit,

139 4014 319 4095 legitimum
334 4023 565 4074 sacramentum
583 4012 686 4076 iuret;
709 4020 843 4086 excepto
871 4011 988 4088 siquis
1010 4033 1084 4084 eum
1106 4015 1145 4073 de
1175 4025 1259 4076 statu

141 4117 222 4173 suo,
244 4098 277 4157 id
297 4107 361 4172 est,
385 4097 423 4156 de
443 4096 588 4155 libertate
610 4113 683 4164 sua,
705 4092 756 4152 vel
779 4091 817 4151 de
836 4090 1014 4154 hereditate
1030 4114 1125 4175 quarn
1144 4097 1174 4156 ci
1199 4120 1256 4180 pa-

141 4213 398 4230 m

175 4267 208 4338 a)
228 4267 261 4318 al.
279 4285 338 4322 mss.
358 4243 475 4320 αἠοὒίε.
588 4273 589 4276 ’
661 4255 664 4262 ⁴
788 4264 822 4327 l)
838 4265 943 4317 Desunt
961 4267 989 4320 in
1008 4267 1042 4336 a'l.
1061 4285 1120 4326 mu.
