2926 4986
500 331 624 415 uisus
647 358 852 416 sturmus.
1171 351 1239 420 723

106 496 182 562 'tum
202 509 249 584 est
273 510 309 561 ut
331 500 358 562 si
376 493 673 584 quisSecularium
698 519 757 582 per
777 489 970 561 'calumniam
989 497 1167 566 Ecclesiam
1188 517 1243 570 aut

112 583 281 662 Cle‘ric'u'm¹
295 583 434 666 'fatigare
456 581 640 659 tentaverit·
663 590 696 643 et
709 581 1001 662 convictus‘fuerit‘,
1023 583 1062 644 ab
1076 581 1242 650 Ecclesiae

112 665 282 727 liminibus
309 675 343 726 et
374 664 533 726 catholica
558 663 802 744 communione,
820 665 885 728 nisi
910 666 1006 750 digne
1033 669 1243 750 poenituerit,

113 758 313 810 coerceatur.
356 747 520 812 VJ.158.=
982 787 1011 792 -κ

108 845 114 860 ’
150 855 205 916 'Dc
226 847 332 916 Laicis
352 849 519 916 uitiosis-‘ia
541 850 691 924 Clericis,
724 853 787 912 nisi
806 864 915 938 sponte
942 853 1116 930 voluerint,
1139 877 1202 919 non

579 933 778 1017 recipiendis.

195 1033 312 1108 CCXI.
355 1042 476 1103 Omnes
486 1038 637 1122 Episcopi
655 1038 689 1098 in
702 1038 798 1100 tertia
809 1040 950 1102 sessione
964 1041 1242 1108 adclamaverunt:

111 1123 222 1186 'aSane
239 1123 373 1208 dignum
393 1133 440 1185 est
463 1132 499 1184 ut
519 1123 603 1184 sicut
625 1121 813 1183 Sacerdotes
828 1122 880 1183 vel
902 1123 1044 1186 Clericus
1065 1119 1126 1187 sira·
1141 1128 1175 1187 in
1188 1152 1242 1190 ac-

108 1207 278 1270 cusatione
295 1206 349 1267 vel
369 1205 568 1268 secularibus
588 1203 717 1264 iudiciis
730 1203 820 1265 Laici
844 1213 909 1265 nou
926 1205 1100 1288 recipiunt,
1121 1209 1166 1270 ita
1182 1211 1243 1292 ipsi

111 1289 322 1352 Sacerdotem
339 1290 393 1351 vel
426 1288 628 1350 Clericorum
654 1286 917 1350 accusationibus
933 1309 991 1348 seu
1016 1286 1244 1355 ecclesiasticis
1302 1345 1305 1352 ,

113 1369 262 1452 negotiis,
285 1370 346 1432 nisi
369 1367 494 1453 sponte,
514 1391 580 1432 non
599 1367 813 1450 recipientem
837 1370 991 1450 quoniam
1009 1370 1243 1438 inconvenieus

112 1461 215 1514 estut
233 1452 269 1512 hi
287 1453 345 1534 qui
368 1451 427 1514 hos
440 1463 607 1536 respuunt,
627 1451 666 1516 ab
682 1451 733 1512 his
751 1451 990 1535 recipiantur«

118 1557 162 1622 Ut
182 1560 217 1620 ta·
236 1560 291 1642 qui
310 1569 419 1642 sponte
441 1558 597 1618 bominem
624 1556 768 1619 occidere
788 1557 968 1631 coluerint,
1000 1573 1031 1620 et
1052 1581 1121 1624 non¹
1132 1575 1249 1646 potue-⁴

286 1645 363 1702 rint
380 1653 584 1725 perpetrare,
616 1651 650 1700 ut
670 1637 847 1700 homicidae
871 1641 1054 1710 habeantur.

196 1744 330 1809 CCXII.
372 1745 437 1824 Qui
458 1743 624 1805 homiuem
647 1740 827 1804 voluntarie
854 1743 1002 1806 occidere
1028 1747 1186 1828 voluerit,
1210 1758 1242 1813 et

103 1839 299 1915 perpetrare
322 1847 388 1888 uon
408 1825 569 1910 potuerit,
591 1823 801 1910 uthornici'da
822 1826 985 1908 punietur.

288 1933 334 1992 Dc
356 1931 486 1992 Clericis
507 1932 562 2012 qui
583 1931 602 1990 ir
622 1929 688 1990 suis
708 1927 859 1990 recedunt
879 1929 1056 2016 Episcopis.

200 2037 356 2102 CCXIII.
400 2039 443 2096 Ut
465 2034 575 2096 nullus
597 2029 743 2096 Clericus
770 2033 810 2095 ab
843 2035 1004 2124 Episcopo
1031 2062 1089 2102 suo
1110 2043 1241 2108 recedat

113 2131 147 2186 et
172 2122 213 2184 ud
237 2121 336 2183 alium
354 2141 387 2181 se
411 2116 594 2179 transferat.
621 2151 623 2158 ·
936 2119 939 2128 '

117 2228 161 2292 Ut
181 2227 262 2289 nulli
281 2224 597 2301 Sacerdotescorum
618 2218 767 2295 decimas,
793 2235 848 2284 aut
867 2225 992 2308 aliquid
1011 2228 1051 2288 de
1078 2230 1170 2291 rebus
1192 2235 1241 2293 vel

103 2309 316 2396 facultatibus
336 2307 516 2376 Ecclesiae,
544 2305 619 2364 sine.
639 2304 766 2368 licentia
783 2310 910 2392 proprii
928 2308 1081 2393 Episcopi
1099 2313 1238 2374 vendere

569 2399 781 2470 praesumant.

198 2471 349 2537 CCXIV.
390 2471 550 2534 statutum
564 2478 610 2530 est
630 2477 666 2528 ut
681 2469 791 2531 nullus
809 2469 984 2554 Presbyter
1002 2473 1055 2535 vel
1073 2474 1238 2540 Diaconos

18 2602 25 2612 -
115 2580 228 2622 eorum
249 2555 398 2632 decimas,
420 2554 474 2616 vel
492 2549 617 2633 aliquid
638 2549 791 2614 derebus
815 2553 992 2630 Ecclesiae,
1011 2555 1080 2618 siue
1100 2559 1237 2620 consilio

100 2639 238 2724 proprii
262 2636 414 2722 Episcopi
444 2636 667 2696 inreverenter
690 2635 830 2694 vendere
853 2646 1057 2716 praesumat;
1096 2641 1173 2720 quia
1201 2641 1235 2706 in

115 2722 303 2784 Canonibus
326 2722 490 2781 decretum
515 2725 562 2777 est
578 2715 639 2778 ita:
659 2715 785 2776 Placuit
802 2729 836 2776 ut
851 2717 1036 2793 Presbyteri
1048 2721 1237 2784 oelDiaco-

114 2807 150 2866 ni
166 2826 228 2864 non
246 2802 388 2864 vendant
409 2822 475 2860 rem
493 2797 653 2860 Ecclesiae
671 2797 724 2857 ubi
741 2810 813 2858 sunt
827 2800 1005 2870 constituti,
1028 2804 1235 2865 nescientibus

113 2877 280 2970 Episcopis
303 2877 378 2944 suis.¹
434 2877 477 2943 Et
497 2903 538 2941 ne
560 2879 713 2959 deinceps
736 2879 790 2939 liat
812 2879 992 2962 carendum
1017 2893 1080 2960 est,
1110 2884 1193 2946 sicut
1217 2890 1236 2948 ia

111 2968 302 3050 quibusdam
319 2968 352 3027 in
373 2964 535 3046 aliquibus
564 2961 643 3022 locis
664 2961 870 3042 impudenter
897 2963 1017 3023 sactum
1043 2965 1234 3047 audivimus,
1262 2975 1264 2977 ’

111 3072 152 3110 eo
174 3051 261 3132 quod
285 3043 427 3132 quidam·
445 3045 651 3120 Sacerdotes,
680 3051 852 3123 antequam
871 3065 987 3105 messes
1012 3056 1152 3109 maturae
1180 3056 1234 3114 vel

111 3133 265 3194 collectae
289 3141 405 3207 essent,
427 3149 539 3191 eorum
555 3125 692 3186 decimas
711 3127 853 3195 vendere
868 3147 963 3186 causa
982 3127 1144 3192 ebrietatis
1159 3141 1234 3192 ten-

110 3224 281 3276 taverunt.-
311 3214 397 3295 quod
424 3233 464 3272 ne
492 3211 644 3289 deinceps
669 3207 723 3266 liat
752 3208 874 3288 pariter
902 3228 1012 3269 ornnes
1037 3209 1232 3292 iuhibemus,
1268 3259 1270 3264 «

108 3297 167 3359 sed
192 3308 229 3357 ut
247 3296 337 3379 prius
360 3317 433 3355 cum
452 3293 623 3375 gratiarum
642 3289 768 3348 actione
792 3290 810 3348 al
831 3289 1054 3352 Sacerdotibus
1076 3296 1233 3378 recipian-

108 3389 173 3441 tur.
214 3379 307 3441 Etsi
337 3377 507 3448 necessitas
524 3372 624 3434 suerit
643 3392 701 3452 pro
723 3372 955 3432 restauratione
988 3375 1232 3456 Ecclesiarurn,

109 3462 163 3524 vel
184 3483 243 3544 pro
267 3459 488 3542 redemptione
508 3455 716 3537 captivorum,
739 3475 790 3514 eas
810 3453 975 3531 vendere,
998 3477 1072 3516 curn
1097 3461 1232 3521 consilio

101 3544 233 3626 proprii
247 3541 403 3625 Episcopi
420 3550 459 3602 et.
475 3540 611 3599 aliorum
622 3536 781 3596 bonorum
794 3537 1002 3598 Sacerdotum
1019 3539 1080 3600 boc
1094 3543 1231 3613 laciant3
1270 3548 1271 3552 ’

51 3694 55 3700 l
111 3647 154 3685 ne
175 3626 319 3706 qualibet
345 3623 511 3685 occasione
537 3620 663 3680 occulte
689 3627 721 3678 et
743 3619 812 3679 sine
832 3619 1018 3680 testimonio
1040 3623 1233 3687 l'ruudentur

110 3707 290 3768 oblationes
310 3704 471 3776 fidelium;
503 3713 535 3765 et
561 3701 647 3760 uude
670 3721 827 3781 pauperes
856 3703 995 3764 recreari
1018 3703 1157 3782 dehent,
1180 3705 1232 3765 vel

108 3790 276 3850 Ecclesiae
298 3787 480 3862 restaurari,
503 3807 561 3848 seu
580 3781 698 3844 Clerici
720 3783 841 3866 vivere,
860 3783 931 3862 sive
949 3784 1100 3868 Episcopi
1117 3787 1232 3866 recipi5

109 3871 252 3951 hospites
271 3880 304 3938 et
327 3869 490 3952 peregrini
507 3866 593 3949 pasci
618 3887 654 3924 nc
674 3859 840 3940 venerari,
868 3866 1050 3946 Presbyteri
1079 3867 1131 3928 vel
1154 3871 1232 3932 Dia,-

110 3947 186 4012 coni
205 3962 259 4012 aut
275 3952 412 4034 quilibet
427 3951 578 4024 ¹fidelium
602 3947 634 4006 iu
653 3945 718 4007 suis
740 3945 847 4006 nimiis
867 3948 1084 4027 potationibus
1098 3951 1158 4009 rel
1176 3971 1234 4010 co-

108 4035 354 4096 messationibus
372 4055 430 4096 seu
445 4021 627 4095 carnalibus
646 4027 824 4104 desideriis,
847 4049 929 4109 quae
946 4030 1055 4090 multis
1074 4030 1176 4092 modis
1198 4053 1234 4110 a7

108 4127 242 4197 guntur,
264 4117 431 4178 inflectere
448 4137 513 4176 non
529 4120 742 4198 praesumant,
756 4110 812 4172 sed
836 4109 1053 4191 iu‘praedictis
1067 4113 1163 4174 relius
1182 4135 1234 4176 eas

107 4199 251 4262 fideliter
265 4191 521 4268 subministrent3
551 4191 584 4257 et
596 4193 697 4254 sciant
717 4214 750 4254 se
766 4212 830 4252 non
851 4201 997 4278 suarum,
1019 4193 1076 4254 sed
1094 4195 1233 4256 domini-

101 4303 218 4346 carum
228 4277 336 4358 rerum
350 4280 673 4364 essedispensatoreu
714 4275 987 4359 ProptereatJuasi
997 4275 1171 4340 dominicas
1183 4301 1238 4342 res
