2910 4984
194 279 272 375 Sto
615 319 898 376 earrrntsniun
944 385 947 389 ,

193 462 245 522 De
261 479 300 522 co
314 459 375 543 qui
388 477 437 520 res
453 457 571 520 alienas
600 460 682 518 malo
697 461 819 538 iugenio
834 455 1032 540 emptasfilio
1045 477 1104 518 sno
1118 472 1172 518 ant
1190 458 1320 520 cuilibet

318 559 471 626 personae
497 541 649 620 legitimos
664 563 763 602 annos
778 563 840 601 non
854 541 991 611 babenti,
1014 539 1194 606 tradiderit.

276 621 411 686 CLXll.
455 621 650 704 Quicunque
664 643 715 684 res
729 625 849 684 alienas
866 622 1000 683 cuilibet
1018 621 1142 682 homiui
1158 621 1321 684 vendide-

193 707 253 785 rit,
275 717 308 767 et
325 706 390 787 ipse
404 705 500 765 homo
521 705 577 786 qui
596 705 721 764 eusdem
745 727 796 766 res
816 713 1008 786 comparatas
1033 703 1146 779 habet,
1168 725 1228 784 per
1250 725 1321 762 mu-

192 791 263 851 lum
287 787 453 869 ingenium
468 788 598 870 proprio
614 787 693 863 filio,
713 797 766 847 ant
785 787 877 847 elteri
903 786 1037 848 cuilibet
1056 787 1194 848 necdum
1206 781 1321 867 legiti-

190 895 259 933 mos
274 892 374 931 annos
392 869 537 946 habenti,
561 869 698 932 iustitiae
715 870 993 936 tollendaeonusn
1014 867 1193 939 tradiderit,
1222 869 1321 928 volu-

191 976 263 1016 mus
287 962 381 1034 utque
406 952 540 1012 tirmiter
565 952 776 1033 praecipimus
804 961 840 1010 ut
862 951 890 1012 si
909 961 999 1032 pater
1022 951 1165 1010 eiusdem
1188 950 1320 1031 parvuli

189 1037 325 1110 vixerit,
347 1035 414 1114 ipse
432 1035 529 1093 intret
549 1035 580 1092 in
597 1057 722 1094 eausam
742 1033 901 1093 rationem
917 1032 1075 1093 reddendi
1091 1054 1148 1113 pro
1165 1033 1319 1093 filiosuo.

191 1119 227 1182 si
247 1129 353 1178 autem
368 1115 433 1197 ipse
451 1125 540 1196 pater
560 1127 702 1176 mortuus
725 1125 789 1192 est,
811 1126 889 1175 tunc
906 1115 1066 1196 legitimus
1093 1115 1161 1176 eins
1181 1114 1320 1197 propiu-

193 1223 296 1283 quus‚
319 1197 374 1279 qni
394 1200 473 1258 iuste
497 1198 526 1258 ei
545 1209 630 1258 tutor
647 1208 701 1257 aut
722 1199 872 1258 defensor
897 1219 970 1256 esse·
990 1197 1134 1273 ridetur,
1165 1219 1223 1277 pro
1249 1197 1320 1278 ipso

190 1284 352 1344 rationem
366 1282 500 1340 reddere
518 1281 744 1360 compellatur:
766 1279 914 1340 similiter
928 1280 967 1339 de
983 1279 1053 1338 aliis
1073 1279 1221 1339 omnibus
1250 1280 1321 1340 ius,

191 1365 272 1426 titiis
289 1365 328 1424 ad
344 1385 425 1424 euna.
438 1364 671 1443 pertinentibus
681 1388 688 1434 3
713 1369 844 1444 excepta
872 1383 927 1420 sua
950 1361 1093 1442 legitima
1116 1361 1296 1422 hereditate
1308 1406 1322 1437 ,v

182 1468 275 1530 quae
295 1445 325 1506 ei
342 1466 401 1528 per
417 1447 652 1505 successionem
663 1456 832 1525 parentum
857 1465 987 1504 suorum
1016 1442 1157 1524 legitime
1186 1443 1318 1504 evenire

181 1528 314 1592 debuit.
356 1527 497 1604 Quodsi
520 1528 591 1608 qnis
614 1528 697 1587 harre
722 1536 862 1588 nostram
890 1525 1065 1586 iussionem
1089 1525 1320 1606 contempserit

192 1612 248 1674 vel
266 1610 455 1692 neglexerit,
479 1612 559 1670 sient
576 1610 614 1670 de
633 1611 766 1670 caeteris
781 1607 1054 1688 contemptoribus
1074 1608 1117 1668 ita
1134 1609 1173 1668 de
1193 1629 1231 1667 eo
1250 1629 1325 1689 aga·-

194 1703 259 1759 tur.
301 1694 432 1754 ls'vero
449 1692 505 1771 qui
520 1692 644 1754 easdem
666 1714 717 1754 res
731 1692 851 1772 primns
871 1690 989 1750 invasit
1007 1700 1039 1750 et
1058 1690 1176 1752 iniuste
1199 1691 1319 1753 vendi-

194 1777 265 1851 dit,
288 1793 413 1834 necnon
430 1784 462 1834 et
483 1785 657 1855 emptores,
679 1782 813 1855 excepta
827 1774 892 1834 sole
913 1793 1048 1854 persona
1071 1773 1220 1853 purvuli,
1255 1771 1324 1832 hoe

181 1857 283 1939 'quod
301 1856 525 1932 fraudulenter
541 1856 746 1930 admiserunt,
769 1855 853 1914 intra
867 1853 1000 1936 patriam
1016 1855 1185 1915 emendare
1203 1875 1321 1933 eogun-

193 1949 264 2013 tur,
288 1946 319 1997 et
333 1947 461 2017 postea,
483 1939 565 1998 sicut
581 1947 814 2018 contemptores
837 1936 987 1996 iussionis
1001 1947 1146 2013 nostrae,
1166 1936 1225 1998 sub
1241 1936 1323 1995 fide..

192 2019 368 2080 iussoribus
378 2021 417 2079 ad
432 2029 569 2079 nostram
579 2021 788 2100 praesentiam
796 2019 904 2080 venire
916 2019 1316 2098 connpellautnr.S„c.119.

199 2101 242 2164 Ut
262 2101 300 2160 de
319 2122 383 2160 nno
392 2123 498 2160 manso
515 2101 558 2160 ad
572 2100 743 2163 Ecclesiam
759 2102 837 2161 dato
853 2101 972 2159 aulicam
989 2103 1153 2160 bauzanum
1168 2102 1320 2178 exigatur

142 2175 145 2186 ⁵
180 2202 184 2210 ·
230 2199 234 2206 ·
275 2185 443 2244 servitium.
488 2184 582 2265 Quod
609 2186 664 2267 qrri
685 2183 814 2262 fecerit,
837 2204 905 2244 cnm
926 2182 1062 2260 stanlege
1081 2183 1233 2242 emendet.

278 2263 426 2328 CLXlll.
468 2265 515 2324 De
536 2287 601 2325 nno
616 2288 723 2325 manso
743 2266 784 2325 ed
802 2263 978 2325 Ecclesiam
999 2264 1094 2334 dato,
1119 2264 1157 2324 de
1171 2287 1239 2344 quo
1259 2261 1318 2322 eli-

193 2346 251 2430 qui
268 2356 380 2408 contra
397 2354 511 2408 statuta
531 2347 590 2408 sibi
617 2347 781 2408 servitium
798 2346 946 2427 exigunt,
969 2346 1153 2426 quicunque
1178 2347 1317 2428 probae

193 2451 287 2490 causa
305 2437 468 2489 accusatus
484 2429 592 2506 fuerit,
604 2432 716 2491 Comes
733 2430 785 2490 vel
801 2429 886 2490 Missi
905 2427 966 2492 hoc
979 2429 1067 2508 qnod
1086 2429 1160 2488 inde
1173 2429 1319 2488 subtrae-

192 2520 263 2571 tum
278 2521 340 2588 est,
362 2511 559 2593 Presbyteris
574 2535 647 2573 cnm
666 2535 721 2573 suu
735 2513 804 2592 lege
827 2510 953 2571 restitui
968 2510 1096 2574 saciant.
1115 2512 1158 2570 Et
1172 2512 1317 2591 quicun-

191 2615 257 2675 qne
280 2593 318 2651 de
335 2615 400 2652 uno
418 2615 526 2654 manso
549 2595 588 2653 ad
611 2594 788 2654 Ecclesium
816 2594 887 2654 dato
908 2601 1047 2670 praetere
1063 2593 1319 2653 ecclesiasticum

193 2675 338 2752 exegerit
357 2675 543 2753 servitium,
564 2677 723 2758 Episcopo
749 2675 803 2737 vel
830 2675 953 2736 Gemite
988 2673 1218 2755 distringente,
1252 2675 1318 2736 hoc

191 2757 318 2838 legibus
337 2759 494 2821 emendet.
539 2758 643 2837 Supra
660 2780 686 2817 c.
703 2759 752 2838 98.

192 2841 243 2899 De
267 2839 534 2920 br'sqninonuset
560 2839 713 2907 decimas,
731 2837 798 2900 ,vel
828 2843 1069 2900 restaurationes
1099 2851 1152 2898 ant
1180 2859 1316 2908 census,

194 2920 272 2980 dare
295 2922 471 2999 neglegunt,
486 2933 520 2980 nt
537 2921 595 2980 boc
619 2923 735 2998 legibus
761 2922 936 2994 enuntient,
971 2936 1001 2982 et
1024 2924 1157 3004 insuper»
1181 2923 1318 2982 bannum

533 3053 534 3056 ,
578 3015 715 3062 nostrum
736 3005 928 3086 persolvant.

277 3081 422 3150 CLXtv.
464 3086 511 3145 De
533 3084 583 3145 his
607 3084 663 3166 qni
686 3105 784 3146 nonus
813 3095 843 3146 et
870 3086 1005 3145 decimas
1026 3083 1170 3165 iamper
1198 3087 1318 3146 multos

192 3185 311 3242 annos,
334 3177 388 3226 aut
410 3187 449 3226 ex
468 3177 556 3248 parte
573 3177 627 3226 eut
648 3187 687 3225 ex
706 3177 793 3244 toto,
816 3169 889 3227 dure
912 3169 1143 3250 neglexerunt,
1167 3171 1318 3228 volumus

192 3257 229 3307 ut
244 3269 303 3328 per
320 3249 430 3309 Missos
448 3259 570 3310 nostros
586 3249 846 3330 constringantur
862 3260 897 3309 ut
913 3251 1089 3311 secundum
1098 3251 1319 3330 capitularem

189 3329 331 3412 priorem
347 3332 472 3391 solvant
486 3333 581 3392 nnius
599 3331 675 3390 anni
696 3353 813 3392 nouam
831 3343 863 3393 et
883 3333 1036 3393 decimam
1055 3353 1128 3390 cum
1150 3353 1207 3391 sua
1231 3333 1319 3412 lege,

192 3412 528 3492 etiusuperbauuum
550 3424 702 3474 nostrum
743 3415 785 3474 Et
809 3415 870 3474 hoc
891 3415 937 3474 eis
968 3414 1194 3490 denuntietur,
1229 3415 1320 3494 qnod

190 3493 375 3576 quicunque
391 3496 473 3558 lianc
490 3495 724 3578 neglegentiam
739 3496 912 3572 iteraverit,
931 3497 1123 3560 beneficium
1139 3497 1320 3556 undehaec

190 3595 275 3640 none
292 3587 322 3637 et
344 3578 466 3640 decima
483 3578 623 3660 persolvi
640 3577 760 3655 debuit,
783 3579 1021 3658 amissurumse
1043 3580 1129 3638 seint.
1166 3581 1211 3638 lta
1228 3578 1321 3647 enbn

178 3659 380 3719 'continetur
399 3661 430 3718 iu
452 3661 634 3741 Caspitnlare
654 3659 756 3719 bonae
773 3662 943 3721 memoriae
974 3662 1124 3741 genitoris
1154 3660 1260 3720 nostri·
1281 3660 1316 3717 i'u

190 3739 274 3800 libro
297 3741 329 3817 Ι,
354 3742 494 3822 οεψὶῑαΙο
525 3737 628 3817 cn'vn,
651 3749 687 3800 nt
713 3763 816 3802 nonae
842 3754 874 3803 et
899 3743 1039 3803 decimae
1063 3743 1185 3824 legibus
1214 3761 1319 3802 rewa-

191 3822 338 3899 dientur,
362 3834 393 3884 et
412 3823 544 3906 insuper
562 3823 685 3883 bonnm
702 3823 881 3885 dominicus
902 3826 920 3885 d
941 3827 1131 3908 neglegente
1151 3823 1321 3908 persolva·

191 3913 254 3963 tur.
299 3905 380 3965 [tid.
403 3927 428 3964 c.
453 3928 503 3984 oq.

199 3986 239 4046 Ut
253 3989 307 4068 qni
330 3975 543 4046 Ecclesiainnu
572 3988 723 4070 beneficia
744 3989 874 4058 liabent,
908 4009 1020 4048 nonam
1051 4001 1081 4048 et
1102 3988 1253 4050 decimam
1276 4007 1322 4047 ex

191 4075 238 4129 eis
267 4069 425 4130 Ecclesiae
445 4072 533 4130 carias
556 4093 605 4130 res
630 4084 722 4142 siant,
754 4070 880 4128 donent.
921 4069 964 4130 Et
988 4068 1028 4128 de
1061 4073 1149 4136 nornis
1173 4082 1203 4130 et
1229 4065 1322 4130 deci-

340 4154 398 4210 mis
420 4175 483 4212 uon
506 4153 714 4222 restituendis,
734 4153 796 4212 nisi
810 4151 969 4232 Episcopo
989 4152 1152 4234 pleonerit,

275 4231 402 4298 CLXV.
446 4233 510 4311 Qui
528 4237 590 4296 tale
618 4235 812 4298 beneficium
836 4233 975 4312 hubent,
997 4243 1030 4298 et
1052 4235 1096 4324 ad⁸
1113 4233 1322 4296 medietatem
