2926 4984
227 293 302 368 540
646 317 934 382 canrotasnuu
1002 318 1008 330 ’

223 457 348 540 perdat,
371 465 404 520 et
424 456 550 554 legibus
573 470 685 524 contra
702 481 803 543 quem
821 465 942 528 iniuste
966 464 1055 541 fecit,
1078 463 1258 530 secundum
1274 485 1362 548 poe-

225 562 416 623 numquam
438 543 599 622 intulerit,
621 545 779 613 emendet.
822 547 907 612 Ibid.
929 570 955 611 c.
982 571 1027 614 11.

396 650 445 707 De
460 652 551 709 nonis
573 663 603 710 et
627 651 757 712 decimis
778 654 826 713 vel
845 676 938 714 censu
958 654 1179 716 Ecclesiarum.

306 731 479 827 CXCVIII.
521 735 569 794 De
585 735 679 795 rebus
699 756 776 796 vero
789 738 1016 816 Ecclesiarnm,
1036 737 1121 797 unde
1138 758 1224 796 nunc
1239 757 1364 796 census-

225 823 356 889 excunt,
381 813 503 874 decima
522 827 554 878 et
574 838 657 878 nona
683 842 756 880 cnm
776 822 844 902 ipso
867 843 966 883 censu
988 822 1163 884 solvantur.
1203 819 1246 878 Et
1266 820 1355 878 unde
1451 888 1452 891 Ἴ

224 904 319 991 antea
341 917 405 956 non
427 898 587 976 exierunt,
610 900 758 964 similiter
785 927 888 966 nonae
918 916 951 966 et
976 904 1117 964 decimae
1135 904 1264 964 dentur.
1305 903 1356 960 De

224 986 337 1072 casatas
358 1000 433 1039 vero
459 982 692 1066 quinquaginta
715 985 836 1048 solidus
856 1010 956 1064 unus,
982 986 1021 1047 de
1049 985 1180 1066 triginta
1201 982 1356 1044 dimidius

223 1060 363 1136 solidus,
387 1061 427 1123 de
452 1065 570 1145 viginti
594 1071 795 1132 transmissus
815 1093 907 1132 nnus.
949 1072 990 1132 Et
1016 1078 1052 1128 ut
1071 1066 1236 1149 precariae
1259 1065 1355 1124 modo

223 1155 433 1212 renoventur.
475 1148 516 1208 Et
542 1150 598 1211 nbi
625 1173 691 1213 non
718 1163 793 1214 sunt
814 1154 966 1232 scriptae,
994 1152 1047 1211 liat
1071 1149 1245 1234 descriptio
1271 1147 1357 1207 inter

225 1237 437 1290 conventores
458 1228 498 1290 de
521 1233 619 1294 verbo
641 1245 759 1298 nostro.
812 1235 895 1298 Ibid.
916 1259 942 1296 c.
969 1235 1015 1302 13.

563 1341 609 1398 De
624 1342 799 1402 tributariis
813 1342 1034 1407 Ecclesiarum.

305 1417 446 1479 CXCIX.
489 1420 538 1481 De
559 1424 688 1488 cerariis
711 1436 742 1486 et
762 1425 926 1488 tabulariis
947 1446 983 1484 ac
1004 1421 1223 1483 chartellariis·
1240 1419 1355 1482 itnfiat

224 1496 309 1559 sicut
325 1501 455 1584 alongo
478 1513 619 1586 tempore
640 1507 805 1568 decretum
821 1516 876 1568 est.
920 1507 1002 1572 Ibid.
1026 1527 1052 1566 e.
1080 1505 1124 1568 15.

447 1609 487 1669 Ut
503 1626 727 1672 sacramentum
748 1634 809 1695 pro
829 1613 971 1692 gildonia
990 1611 1137 1694 nonfiat.

307 1687 370 1749 CC.
411 1693 459 1752 De
484 1695 687 1754 sacramentis
702 1717 760 1777 pro
777 1695 920 1776 gildonia
945 1695 1081 1755 invicem
1096 1688 1355 1766 coniurantibus,

225 1778 262 1865 ut
282 1793 376 1866 nemo
402 1785 583 1854 praesumat
609 1779 726 1842 facore.
766 1779 841 1839 Alio
869 1799 947 1839 vero
976 1777 1091 1852 modo,
1115 1774 1154 1834 de
1178 1773 1355 1854 eleemosy-

224 1873 274 1946 nis
297 1854 438 1926 illorum,
461 1867 515 1916 attt
537 1859 576 1918 de
592 1859 761 1934 incendiis,
784 1871 839 1920 aut
854 1861 892 1921 de
914 1859 1098 1940 naufragiis,
1117 1855 1265 1936 quamvis
1280 1875 1355 1914 con·

223 1932 403 1996 lubentium
423 1938 552 2017 faciant,
577 1964 670 2002 nemo
689 1942 722 2002 in
741 1943 803 2003 hoc
818 1943 922 2002 iurare
941 1948 1130 2024 praesumat.
1165 1938 1212 2000 Ib.
1233 1958 1261 1997 c.
1288 1936 1331 1998 16.

404 2042 444 2103 Ut
470 2045 652 2106 iterantibus
673 2049 776 2107 nullus
799 2047 1051 2132 impedimentum
1067 2044 1181 2126 faciat.
1205 2041 1212 2054 '

251 2151 255 2155 ·
307 2125 388 2190 CCI.
429 2129 477 2186 De
499 2127 688 2189 iterantibus
706 2130 763 2212 qui
781 2132 821 2191 ad
840 2132 993 2212 palatium
1017 2136 1071 2187 aut
1091 2126 1190 2186 aliubi
1213 2134 1354 2207 pergunt

226 2213 261 2265 nt
281 2225 334 2268 eos
354 2231 412 2288 per
435 2208 603 2270 collectam
625 2233 718 2273 nemo
734 2213 774 2274 sit
793 2235 885 2274 ansus
912 2211 1069 2274 adsallire.
1111 2211 1152 2269 Et
1167 2229 1263 2268 nemo
1283 2209 1354 2267 her-

224 2288 297 2350 bam
315 2291 511 2351 defensionis
522 2302 664 2374 tempore
678 2306 858 2376 praesumat
876 2296 1001 2370 tollere,
1019 2292 1079 2352 nisi
1096 2291 1129 2350 in
1140 2291 1266 2350 hostem
1283 2311 1357 2374 per-

226 2381 289 2453 gat,
313 2385 368 2435 ant
384 2374 498 2436 Missus
516 2385 626 2436 noster
647 2378 697 2442 sit.
738 2378 821 2443 Ibid.
838 2401 864 2438 c.
898 2401 940 2458 ¹7·

572 2458 620 2517 Da
645 2461 774 2520 teloneis
793 2460 998 2539 forbannitis.

287 2541 381 2605 CCII.
403 2543 450 2600 De
460 2541 606 2615 teloneis,
615 2543 754 2622 qualiter
763 2552 854 2602 antea
864 2540 1038 2602 forbanniti
1050 2543 1194 2612 fuerunt,
1205 2536 1356 2596 observe-

226 2630 288 2700 tur,
299 2634 334 2685 ut
345 2624 454 2683 nullus
468 2624 631 2685 tollatnisi
645 2626 732 2707 quod
743 2625 921 2706 abantiquo
931 2633 1082 2685 statutum
1093 2619 1202 2683 fuerit.
1212 2619 1295 2679 lac.
1308 2617 1353 2678 18.

418 2725 460 2789 Ut
488 2730 643 2807 mancipia
663 2751 725 2788 non
746 2730 812 2788 sine
833 2729 960 2802 testibus
984 2727 1164 2787 vendantur.

308 2807 429 2878 CCIII.
472 2813 520 2870 De
540 2811 715 2892 mancipiis,
739 2813 854 2872 utnon
873 2811 1055 2872 venduntur
1073 2809 1134 2868 nisi
1156 2807 1253 2869 autin
1265 2827 1357 2889 prae·

225 2895 327 2958 sentia
340 2893 490 2976 Episcopi
509 2894 560 2952 vel
582 2894 723 2968 Comitis,
743 2904 797 2953 ant
817 2893 848 2952 in
868 2892 1046 2972 praesentia
1059 2888 1287 2950 Archidiaconi
1301 2896 1356 2947 aut

226 2977 424 3054 Centenarii,
439 2986 494 3035 aust
513 2975 728 3052 vicedomini,
745 2985 797 3035 aut
817 2975 934 3036 Iudicis
954 2973 1097 3046 Comitis,
1112 2983 1167 3032 aut
1181 2982 1254 3032 ante
1270 2972 1355 3030 bene

226 3071 301 3120 nota
315 3059 504 3122 testimonia,
525 3059 566 3117 Et
578 3068 611 3116 nt
627 3060 710 3118 foras
724 3058 883 3117 marcham
894 3077 987 3116 nemo
1001 3055 1158 3135 mancipia
1175 3054 1308 3122 vendat;
1324 3061 1357 3110 et

226 3143 285 3226 qni
302 3143 426 3217 fecerit,
444 3151 544 3200 tantas
562 3141 646 3200 vices
662 3142 805 3201 bannum
820 3141 923 3200 solvat
936 3149 1054 3218 (quanta
1067 3137 1224 3218 mancipia
1243 3134 1358 3196 vendi·

228 3225 284 3288 dit.
325 3225 367 3282 Et
381 3225 405 3283 si
428 3245 493 3282 non
514 3221 612 3283 habet
625 3221 774 3305 pretium,
796 3223 829 3280 in
847 3221 986 3282 wadium
1002 3241 1034 3280 se
1053 3219 1155 3299 ipsum
1172 3215 1278 3279 tradat
1292 3218 1359 3275 Co-

227 3303 297 3366 miti
316 3327 375 3386 pro
390 3305 492 3386 pretio
510 3327 611 3388 usque
631 3305 822 3386 dumipsum
833 3307 975 3364 bannum
998 3301 1109 3364 solvat.
1152 3299 1235 3362 [bid.
1258 3320 1284 3358 c.
1313 3317 1358 3377 19.

231 3410 374 3495 Qualiter
401 3408 440 3469 de
467 3409 637 3469 Comitibus
666 3410 713 3468 vel
741 3408 779 3468 de
813 3409 919 3469 Vassis
944 3405 1112 3466 dominicis
1136 3405 1271 3464 iustitias
1296 3425 1360 3463 non

567 3491 759 3570 facientibus
783 3491 935 3570 agendum
958 3489 1007 3551 sit.
1185 3500 1187 3504 ’

312 3573 428 3640 CCIV.
470 3573 504 3634 Si
525 3575 639 3633 Comes
658 3574 689 3632 in
712 3595 768 3634 suo
791 3571 967 3632 ministerio
989 3568 1123 3630 iustitias
1145 3590 1209 3629 non
1230 3567 1360 3644 fecerit,

228 3658 333 3723 Missis
355 3657 472 3718 nostris
494 3655 532 3716 de
557 3678 613 3714 sua
640 3678 733 3716 causa
753 3656 805 3716 vel
829 3656 867 3714 de
887 3653 951 3713 suis
973 3651 1094 3712 exeniis
1117 3650 1235 3710 serviat
1256 3671 1360 3730 usque

230 3744 308 3804 dum
329 3739 467 3801 iustitiae
487 3738 531 3798 ibi
551 3739 652 3798 factae
675 3739 804 3798 fuerint.
846 3738 887 3812 Et
901 3737 927 3796 si
950 3737 1068 3796 Vassus
1089 3742 1198 3792 noster
1222 3731 1362 3790 iustitias

230 3848 297 3886 non
323 3823 444 3899 fecerit,
467 3831 544 3882 tunc
569 3832 601 3880 et
623 3823 736 3880 Comes
758 3829 788 3879 et
807 3820 923 3880 Missus
947 3827 1057 3877 noster
1073 3815 1111 3875 ad
1134 3815 1232 3896 ipsius
1257 3836 1364 3874 casam

230 3909 372 3979 sedeant,
397 3914 428 3992 et
446 3903 485 3964 de
503 3926 560 3964 suo
583 3904 694 3964 vivant
712 3923 879 3982 quousque
901 3899 1035 3960 iustitias
1058 3898 1186 3960 faciant,
1211 3896 1258 3956 lb.
1273 3917 1299 3955 e.
1314 3918 1364 3960 nr,

232 4011 344 4074 Deliis
361 4013 415 4090 qui
424 4013 561 4095 pretium
572 4007 734 4088 profaida
751 4009 888 4089 recipere
904 4019 933 4065 et
947 4005 1097 4063 iustitiam
1109 4001 1221 4082 facere
1242 4001 1366 4064 nolunt.

316 4093 413 4159 CCV,
457 4092 589 4172 Siquis
615 4112 673 4173 pro
695 4091 778 4151 faida
799 4088 939 4170 pretium
965 4085 1109 4165 recipere
1135 4105 1199 4144 non
1231 4083 1303 4142 vult
1334 4091 1367 4140 et

234 4170 386 4238 iustitiam
405 4175 521 4238 exinde
546 4177 662 4249 lacere,
685 4173 718 4231 in
736 4174 832 4233 talem
852 4171 960 4230 locum
976 4189 1050 4228 eum
1064 4159 1189 4226 mittere
1215 4163 1368 4226 volumus

234 4273 271 4323 ut
292 4261 393 4334 maius
417 4256 569 4320 damnum
588 4255 651 4317 non
676 4263 807 4320 crescat.
834 4251 916 4316 Ibid.
939 4269 966 4318 c.
989 4271 1037 4316 aa.
