2926 4984
557 381 670 438 traua
689 373 868 445 orturus.
1188 359 1260 434 too

132 537 173 588 ut
190 525 343 609 deinceps
360 525 423 587 hoc
437 523 587 585 avaritiae
604 545 703 606 genus
722 531 890 598 ostreatum
913 519 1076 601 fixumque
1097 515 1213 580 abhinc
1231 525 1265 580 et

78 683 81 690 Ι
131 619 294 692 perpetuo
327 629 512 669 mansurum
538 628 605 666 csse
635 607 900 678 decrevimusut
924 603 1102 685 Episcopus
1131 623 1181 663 res
1212 599 1264 661 sui

133 693 235 768 iuris,
259 713 336 771 quas
362 699 416 748 ant
442 698 515 749 ante
539 687 768 770 Episcopatum
801 697 856 746 arrt
885 695 972 747 certe
1009 685 1042 744 in
1078 684 1265 766 episcopatu

131 773 330 834 hereditaria
349 771 549 832 successione
564 770 752 851 adquisivit,
775 764 953 832 secundum
969 766 1189 828 auctoritatem
1210 786 1265 826 ca-

132 857 287 918 nonicam
304 853 460 950 quicquid
476 854 546 916 vult
560 853 676 932 saciat,
701 862 733 914 et
752 853 805 912 cui
820 853 891 913 vult
909 851 1063 916 conserat.
1092 851 1266 930 Postquam

133 947 242 998 autem
263 939 440 1019 Episcopus
462 935 564 996 sactus
586 945 650 1012 est,
680 955 889 1017 quascunque
915 955 966 995 res
994 933 1034 992 de
1060 931 1265 992 facultatibus

131 1019 300 1083 Ecclesiae
322 1029 375 1078 aut
393 1039 450 1078 suo
464 1027 519 1077 aut
531 1017 662 1079 alterius
676 1018 806 1079 nomine
820 1016 964 1098 qualibet
982 1013 1168 1076 conditione
1183 1033 1268 1076 com-

132 1102 311 1186 paraverit,
332 1098 532 1162 decrevimus
551 1109 669 1160 utnon
694 1101 727 1158 in
750 1099 1010 1183 propinquorum
1027 1118 1177 1168 suorum,
1209 1094 1267 1158 sed

33 1217 39 1226 ·
133 1187 172 1246 in
189 1183 353 1244 Ecclesiae
368 1181 419 1243 cui
441 1192 568 1264 praeest
584 1183 654 1243 iura
668 1183 850 1248 deveniant.
873 1181 1029 1242 Similiter
1040 1189 1071 1241 et
1085 1178 1268 1260 dePreshy·

132 1266 215 1327 teris
235 1263 577 1348 quideEcclesiarum
590 1265 686 1327 rebus
702 1265 820 1346 quibus
836 1273 990 1347 praesunt
1003 1261 1134 1342 praedia
1151 1282 1268 1322 eomo-

134 1349 309 1431 doemunt,
324 1347 508 1408 faciendum
518 1347 695 1426 statuimus,
705 1348 857 1428 quoniam
867 1343 1268 1426 multosPreshyterorum,

134 1431 308 1503 occasione
323 1429 432 1490 taliter
450 1439 627 1511 emptarum
644 1452 769 1508 rerum,
788 1430 949 1492 Ecclesiae
972 1427 1099 1510 quibus*
1114 1432 1270 1508 praesunt

133 1509 328 1602 expoliap'se,
351 1521 416 1573 eta
434 1533 491 1573 suo
510 1511 690 1574 ministerio
704 1512 814 1574 multis
833 1512 934 1573 modis
960 1510 1165 1584 exorbitasse,
1185 1515 1267 1568 etse

140 1594 273 1656 diaholo
287 1594 495 1674 mancipasse,
518 1603 550 1654 et
564 1594 624 1655 hac
637 1596 804 1656 occasione
817 1595 933 1654 multos
950 1592 1106 1654 laicorum
1124 1591 1157 1649 iu
1176 1611 1270 1651 scan-
1320 1659 1323 1670 ι

135 1677 248 1738 dalnm
268 1677 480 1737 damnationis
505 1686 537 1736 et
549 1677 741 1760 perditionis
758 1676 938 1760 proruisse,
961 1674 1183 1757 comperimus.

138 1804 239 1890 Quod
255 1805 401 1866 nonnulli
423 1803 575 1890 Episcopi
594 1807 656 1870 sibi
678 1807 831 1868 subiectos
854 1805 1048 1881 canonicos,
1070 1803 1267 1874 Monachus,

449 1900 480 1948 et
505 1889 767 1949 Sanctimonialcs
790 1888 960 1968 neglegant.

225 1991 475 2058 CCCXXVIII.
535 1992 715 2054 Didicimus
743 2014 817 2054 sane
843 1994 1017 2056 nonnullos
1033 1993 1208 2077 Episcopos
1236 1990 1269 2048 in

140 2075 360 2158 gubernandis
382 2075 691 2158 Congregationihns
713 2076 772 2136 sihi
789 2075 956 2154 subiectis,
987 2075 1160 2138 Canonicis
1177 2073 1270 2136 vide-

138 2161 233 2234 licet,
248 2157 423 2236 Monachis,
443 2169 474 2218 et
484 2159 799 2234 sanctimonialibus,
815 2159 969 2220 hactenus
987 2160 1079 2220 valde
1099 2158 1272 2239 neglegen-

139 2251 191 2301 tes
212 2240 367 2316 extitisse,
391 2251 421 2302 et
443 2240 483 2300 ob
499 2240 531 2300 id
544 2241 662 2301 multos
680 2241 711 2299 in
734 2241 784 2301 sui
799 2240 1027 2302 detractionem
1049 2251 1081 2301 et
1104 2250 1272 2317 contemp-

102 2342 106 2352 “
138 2335 212 2384 tum
225 2344 423 2403 provocasse,
440 2323 482 2382 ita
496 2332 532 2381 ut
545 2324 697 2383 nonnulli
718 2323 772 2383 alii
785 2323 919 2403 praelati
936 2325 969 2382 in
988 2345 1098 2383 corum
1109 2319 1270 2402 parochiis

138 2404 328 2481 constituti,
352 2427 463 2464 eorum
479 2427 576 2487 prava
594 2406 740 2488 exempla
764 2405 889 2483 secuti,
919 2427 990 2467 snas
1018 2404 1168 2466 similiter
1190 2423 1270 2461 con·

142 2487 346 2570 gregationes
367 2486 591 2569 neglexerints
603 2509 682 2568 quos
697 2498 729 2548 et
743 2489 887 2548 fraterno
901 2499 934 2548 et
947 2487 1094 2570 synodali
1107 2491 1272 2546 conventu

141 2569 364 2630 admonendos
385 2590 451 2630 esse
471 2571 685 2630 necessarium
702 2571 863 2645 duximus,
885 2579 920 2630 ut
934 2571 972 2630 ab
991 2569 1051 2629 hac
1067 2564 1274 2648 neglegentia

140 2651 299 2732 deinceps
321 2673 352 2712 se
370 2651 556 2729 cohibeant,
580 2661 611 2712 et
625 2654 757 2713 caeteris
772 2673 805 2712 sc
826 2651 996 2714 imitabiles
1009 2649 1199 2732 praebeant;
1230 2667 1271 2706 nc

141 2735 229 2794 sorte
247 2744 376 2814 propter
390 2733 521 2793 illorum
545 2734 723 2812 incuriam,
746 2743 778 2794 et
789 2732 1095 2802 dlvinaeservitutis
1110 2740 1273 2810 contemp·
1333 2745 1336 2752 ¹

143 2824 198 2874 tus
221 2824 252 2874 et
274 2815 419 2895 pericula
438 2816 631 2896 proveniant
646 2816 839 2892 animarum,
862 2825 894 2876 et
914 2814 1043 2875 auribus
1060 2813 1272 2874 excellentiae

145 2906 274 2956 nostrae
287 2897 434 2957 molestia
452 2899 627 2978 ingeratur,
652 2908 685 2957 et
698 2898 885 2959 sacerdotali
901 2896 1116 2960 mediocritati
1129 2895 1163 2954 in
1175 2893 1272 2956 sacris

143 2979 359 3039 conventibus
375 2979 516 3039 taedium
534 2990 567 3041 et
583 2982 790 3062 opprobrium
808 2980 976 3046 inseratur.

167 3083 217 3144 De
238 3085 422 3170 Episcopis,
453 3084 625 3146 Abbatibns
646 3100 677 3146 et
698 3081 921 3148 Sacerdotibus
949 3081 1005 3171 qui
1025 3048 1164 3171 proprie
1182 3084 1252 3144 loca

642 3170 832 3252 relinquunt.

230 3269 444 3338 CCCXXIX.
486 3274 710 3357 Comperimus
734 3277 888 3356 quosdam
909 3274 1085 3370 Episcopos
1115 3284 1148 3336 et
1166 3269 1274 3333 Abba-

143 3366 207 3432 tes,
228 3366 322 3436 atque
344 3357 541 3434 Sacerdotes,
564 3377 628 3425 non
653 3379 747 3418 causa
764 3359 961 3419 necessitatis
973 3368 1028 3418 aut
1041 3355 1198 3432 utilitatis,
1216 3355 1274 3416 sed

143 3439 255 3523 potius
275 3439 426 3498 avaritiae
447 3447 479 3500 et
505 3439 654 3522 propriae
678 3439 918 3518 delectationis,
942 3440 1124 3523 saepissime
1144 3437 1275 3521 propria

146 3519 288 3582 civitatis
307 3542 381 3581 suae
403 3521 498 3600 sede,
528 3525 580 3584 vel
603 3523 787 3584 monasterii
812 3533 917 3605 septa,
939 3532 995 3583 aut
1011 3523 1174 3584 Ecclesiae
1196 3543 1274 3602 pro-

144 3603 236 3686 priae
252 3603 417 3680 derelicta,
435 3604 587 3685 cleroque
607 3605 766 3687 neglecto,
781 3607 953 3668 remotiora
968 3606 1038 3666 loca
1057 3607 1273 3686 frequentare.

143 3687 212 3748 Pro
232 3706 295 3765 qua
313 3706 348 3744 re
373 3696 404 3746 et
429 3686 593 3747 destitutio
615 3687 716 3749 divini
740 3688 865 3766 cultus,
888 3698 921 3749 et
940 3687 1135 3768 praedicatio
1152 3685 1186 3744 in
1207 3685 1275 3766 plc-

144 3766 254 3844 bibus,
278 3777 310 3828 et
331 3789 406 3827 cura
423 3769 639 3830 subiectorum
653 3771 867 3852 postponitur,
891 3781 924 3832 et
937 3769 1136 3851 hospitalitas
1160 3767 1273 3849 negle-

146 3850 244 3932 gitur.
287 3851 439 3926 Quodne
460 3852 595 3911 ulterius
615 3853 632 3910 a
657 3875 820 3934 quoquam
840 3854 907 3914 sine
930 3851 1108 3913 inevitabili
1133 3847 1274 3910 necessi·

144 3941 211 3993 tate
231 3933 412 4015 auratique
432 3933 570 3995 utilitate
588 3933 660 4011 stat,
692 3935 762 4017 pari
783 3957 942 3996 consensu
959 3934 1151 4000 iuhibemus.

505 4041 554 4099 De
580 4040 747 4099 Laicorum
776 4039 915 4105 Clericis.

231 4141 428 4206 CCCXXX.
479 4147 527 4206 De
546 4145 672 4206 clericis
691 4145 857 4220 laicorum,
880 4146 967 4206 unde
989 4143 1141 4207 nonnulli
1163 4165 1274 4206 eorum

143 4227 303 4308 conqueri
327 4227 490 4304 videntur,
513 4249 551 4288 eo
571 4228 659 4309 quod
682 4228 812 4310 quidam
829 4228 980 4311 Episcopi
1003 4229 1043 4288 ad
1066 4249 1178 4291 eorum
1199 4251 1274 4312 pre-

143 4331 200 4372 ces
221 4309 390 4372 uolantia
411 4310 566 4375 Ecclesiis
584 4310 649 4374 suis
669 4331 744 4386 eos,
768 4332 842 4374 cum
864 4311 959 4374 utiles
982 4312 1065 4392 sint,
1100 4311 1273 4392 ordinare,
