2926 4986
188 303 265 377 732
282 385 294 410 ³¹
628 321 916 380 carmeianen
949 364 951 373 .

185 459 259 545 lpsa
281 459 370 522 enim
388 457 534 540 quaestio
553 481 617 520 non
641 461 842 524 soluminter
858 461 1014 538 Clericus,
1031 458 1087 521 sed
1111 460 1206 524 etlam
1236 463 1324 520 inter

184 543 301 606 Laicos
318 541 463 603 crebrius
480 543 714 606 rcrrtilabatur.'
746 545 905 606 DIcebant
921 564 997 624 ergo
1019 537 1214 626 Presbyteri,
1230 535 1321 603 xDia-

185 627 273 700 coni,
293 634 325 686 et
339 623 535 684 subdiaconi
560 626 796 708 irregularibus
815 626 984 710 Episcopis
1000 624 1150 703 ordinati,
1169 647 1235 686 non
1253 647 1322 688 esse

186 711 241 772 eos
256 705 465 788 Presbyteros
483 707 536 768 v'el
553 709 727 785 Diaconos,
743 718 798 770 aut
811 709 1043 784 subdiaconos,
1065 709 1122 789 qui
1148 707 1165 767 al
1196 707 1324 769 Chore-

183 787 326 876 piscopis
340 788 536 851 videbantur
551 791 641 870 quasi
665 792 790 868 sacrati,
818 813 880 852 nec
904 789 1099 866 sacerdotale
1123 811 1177 850 eos
1202 790 1327 850 debere

184 892 340 958 peragere
356 869 507 944 officium,
526 872 589 932 nisi
616 873 725 935 forent
743 897 761 934 a
782 873 939 936 canonice
966 870 1121 934 ordinatis
1153 869 1323 956 Episcopis

185 954 408 1024 consummati.
450 954 620 1017 sumentes
635 975 766 1038 quoque
787 957 826 1018 de
851 953 1006 1020 canonica
1022 953 1213 1016 auctoritate
1230 977 1325 1014 sanc-

185 1038 328 1114 tionem,
371 1033 570 1097 affirmabant
596 1037 615 1098 d
649 1037 895 1134 Chorepiscopis
922 1037 1085 1100 ordinatos
1115 1036 1327 1103 vulneratum

186 1121 294 1206 potius
310 1141 411 1201 quam
422 1117 897 1202 episcopaliter-sanctificatum
910 1142 970 1203 per
987 1119 1077 1179 illam
1092 1140 1206 1179 manus
1224 1119 1326 1199 impu*

186 1203 338 1266 sitionem
351 1199 474 1262 babere
491 1211 597 1284 caput.
638 1203 700 1265 Ubi
726 1213 833 1265 autem
849 1204 970 1267 vulnus
986 1201 1123 1286 infixpm
1141 1211 1204 1277 est,
1221 1199 1327 1260 medi·-

188 1286 262 1348 cina
282 1292 330 1345 est
345 1283 538 1360 adhibenda,
560 1305 623 1366 qua
644 1285 742 1368 possit
770 1287 917 1368 recipere
947 1283 1123 1350 sanitatem.
1168 1281 1327 1344 Similiter

188 1379 220 1428 et
235 1365 322 1427 Laici
344 1365 504 1440 dicebant,
522 1368 611 1448 quod
628 1369 742 1430 talium
769 1369 993 1430 Ministrorum
1021 1365 1075 1427 vel
1102 1365 1327 1440 Sacerdotum,

187 1450 222 1511 id
243 1459 300 1523 est,
318 1448 375 1530 qui
390 1449 407 1508 a
422 1447 669 1532 Chorepiscopis
689 1460 781 1512 erant
799 1451 890 1534 quasi
913 1448 1065 1524 ordinati,
1089 1441 1192 1509 offici'a
1205 1446 1328 1507 'audire

188 1531 326 1608 nollent,
350 1550 410 1592 neo
424 1551 538 1592 eorum
552 1531 691 1594 infantes
710 1533 845 1596 maiores
863 1531 916 1594 vel
931 1531 1070 1594 minores
1089 1541 1145 1591 aut
1169 1527 1325 1606 familiam

188 1633 365 1696 eorumper
375 1634 486 1672 manus
497 1611 732 1696 impositionem
743 1612 923 1696 consignari
932 1611 985 1676 vel
996 1611 1178 1674 confirmari
1190 1632 1327 1692 usquam

188 1691 324 1772 vellent,
335 1714 376 1754 ne
391 1695 489 1778 magis
503 1695 624 1760 vulnus
637 1718 734 1778 quam
748 1695 1010 1760 benedictionem
1021 1693 1215 1776 acciperent.
1227 1693 1327 1770 Quod

189 1776 332 1918 impium
348 1797 423 1856 cum
437 1779 639 1856 enucleatius
655 1779 815 1842 discutere
833 1778 1056 1855 voluissemus,
1079 1775 1202 1858 placuit
1232 1774 1326 1836 uobis

189 1881 229 1923 ex
272 1881 310 1920 oc
338 1858 548 1940 apostolicam
568 1861 686 1923 Sedem
704 1859 884 1937 consulere,
913 1861 1047 1920 iubente
1069 1857 1225 1918 canonica
1247 1878 1325 1916 auc-

188 1941 317 2008 toritate
333 1950 432 2021 atque
451 1941 597 2004 dicentes
619 1943 658 2002 Si
670 1946 804 2006 maiores
828 1963 939 2005 causae
949 1945 988 2002 ¹in
1003 1940 1107 2014 medio
1117 1939 1245 2021 scierint
1272 1936 1330 1998 de«

189 2023 329 2099 politiae,
350 2023 395 2083 ad
421 2022 537 2084 Sedem
560 2026 783 2106 apostolicam,
805 2039 840 2086 ut
858 2037 968 2086 saneta
983 2021 1134 2101 ¹Symodus
1154 2019 1270 2084 istatuit
1294 2032 1326 2081 et

188 2107 278 2167 beatu
293 2104 485 2166 consuetudo
510 2107 624 2186 εωίςίτ,
649 2108 866 2172 incunctanter
893 2102 1063 2188 reseratur.
1116 2105 1328 2186 Quapropter

188 2187 356 2248 Arnonem
376 2185 663 2270 Archiepiscopum
687 2189 727 2250 ad
746 2183 888 2251 Leonem
903 2253 905 2258 ,
918 2187 1142 2272 Apostolicum
1168 2184 1324 2262 misimus,

189 2278 227 2330 ut
240 2267 327 2328 inter
345 2279 469 2330 caetera
487 2291 569 2351 quae
587 2271 724 2346 serebat,
742 2271 840 2331 etiam
862 2287 937 2332 eum
955 2293 994 2332 ex
1013 2269 1075 2330 hoc
1092 2269 1321 2348 interrogarem

189 2359 227 2412 ut
245 2351 404 2434 quicquid
418 2351 579 2434 superbis
596 2351 816 2414 deliniendum
832 2362 926 2432 esset,
947 2350 1121 2436 apostolica
1134 2349 1322 2411 auctoritate

191 2435 341 2496 bnostris
365 2432 530 2517 Episcopis
552 2435 747 2516 regulariter
762 2435 933 2520 sopiretur.
976 2433 1041 2512 Qui
1060 2432 1151 2518 nobis
1167 2431 1274 2493 verbis
1291 2440 1322 2492 et

190 2515 317 2598 scriptis
334 2515 374 2576 ab
396 2537 434 2576 eo
447 2515 635 2578 renuntians
651 2517 731 2577 haec
748 2536 811 2577 non
826 2538 893 2580 esse
911 2537 1041 2576 necesse
1060 2513 1177 2576 iterare
1192 2515 1247 2575 vel
1269 2512 1323 2573 de-

191 2598 296 2676 linire,
311 2596 388 2680 quia
401 2599 582 2681 saepissime
599 2600 617 2659 d
632 2599 698 2661 suis
710 2599 1011 2681 praedecessoribus
1028 2607 1060 2657 et
1074 2597 1091 2656 a
1103 2595 1220 2656 ‘multis
1235 2615 1322 2656 sanc-

137 2744 139 2749 ,
189 2682 231 2742 tis
252 2680 423 2763 Episcopis
443 2691 538 2763 atque
557 2681 764 2764 synodalibus
779 2681 1000 2742 sanctionibus
1023 2701 1076 2742 eos
1091 2700 1159 2740 esse
1174 2675 1320 2760 probibi-

189 2773 239 2834 ¹tos
256 2773 352 2844 atque
369 2764 550 2834 damnatos;
573 2773 609 2824 et‘
631 2764 705 2824 ideo
733 2779 799 2823 uon
823 2782 1043 2827 esse'neccsse
1073 2760 1244 2835 ventilare,
1265 2757 1322 2819 sed

190 2846 322 2906 definita
338 2854 460 2906 tenere.
500 2845 593 2905 Dixit
610 2846 697 2907 enirn
717 2844 846 2906 nullam
861 2844 1174 2926 fore'Presbyterum
1194 2842 1248 2903 rel
1261 2840 1320 2899 Di-

190 2941 327 2988 aconum
344 2937 399 2988 aut
419 2926 660 2988 Subdiaconum
676 2927 715 2988 ab
732 2928 778 2988 eis
797 2927 983 2989 ordinatum
1000 2948 1062 2986 uec
1085 2924 1264 2986 Ecclesiam
1282 2921 1320 2982 ab

190 3011 237 3072 eis
253 3010 443 3086 dedicatam,
455 3029 516 3070 nec
531 3009 692 3092 virginem
706 3019 933 3086 consecratam,
953 3029 1014 3071 nec
1036 3027 1232 3090 quemquam
1247 3025 1322 3064 con·

190 3093 361 3168 firmatum,
379 3111 485 3172 neque
505 3090 678 3174 quicquam
691 3091 779 3174 quod
800 3091 839 3153 de
853 3091 1028 3174 episcopali
1046 3087 1224 3172 ministerio
1235 3106 1323 3168 prae-

190 3195 353 3256 sumpsere
369 3194 436 3234 esse
460 3184 635 3255 peractum,
660 3177 717 3235 sed
739 3173 896 3256 quicquid
928 3195 968 3236 ex
994 3173 1045 3233 his
1063 3173 1103 3238 ab
1127 3171 1172 3232 eis
1196 3169 1324 3230 inlicite

190 3267 259 3317 erat
276 3260 526 3336 praesumptum,
546 3254 687 3318 omniab
716 3256 869 3317 canonice
892 3255 1047 3316 ordinatis
1071 3251 1239 3336 Episcopis
1264 3250 1322 3310 de-

189 3339 266 3400 here
283 3338 345 3397 rite
361 3357 514 3420 peragere
534 3339 611 3399 etin
627 3339 794 3399 meliorem
803 3345 919 3398 statum
929 3339 1122 3406 reformare3
1145 3337 1221 3416 quia
1235 3330 1323 3414 quoti

190 3443 256 3480 non
273 3420 455 3481 ostenditur
478 3429 612 3504 gestum,
627 3420 708 3481 ratio
727 3442 792 3480 non
822 3419 899 3482 sinit
927 3427 965 3481 ul
986 3419 1136 3480 videatur
1149 3417 1322 3495 literatum,

189 3503 374 3565 Praediotos
390 3512 495 3564 autem
517 3501 772 3586 chorepiscopos
793 3522 903 3564 omnes
918 3501 1082 3586 praecepit
1106 3499 1268 3573 damnare,
1289 3503 1321 3554 et

191 3587 225 3646 in
245 3584 345 3645 exilio
379 3583 519 3646 detrudi.
563 3587 624 3648 lsta
644 3593 867 3661 ve1·o*omnes',
896 3582 1031 3645 maxime
1060 3582 1153 3662 regni
1185 3579 1276 3639 nobis
1302 3576 1321 3638 b

189 3670 259 3730 Deo
276 3665 435 3727 commissi
449 3667 603 3751 Episcopi
618 3689 692 3730 cum
711 3668 825 3729 eodem
839 3668 981 3742 Arnone,
1001 3665 1207 3749 permittente
1226 3679 1322 3743 prae-

190 3753 255 3812 fato
277 3749 472 3831 Apostolico,
487 3750 595 3810 mitius
610 3759 782 3812 tractantes
797 3749 963 3811 iamdictos
987 3747 1127 3810 villanos
1145 3743 1322 3826 Episcopus

191 3833 275 3894 inter
288 3833 495 3914 Presbyter-os
515 3842 707 3910 statuerunt,
725 3833 769 3894 ita
789 3841 825 3892 ut
849 3832 984 3916 amplius
1014 3829 1098 3890 nihil
1126 3827 1167 3888 de
1195 3825 1320 3908 episcoa

190 3915 254 3996 pali
270 3914 448 3975 ministerio
461 3926 715 3996 praesumerent,
745 3931 805 3975 ne'c
836 3915 897 3996 ipsi
930 3913 1082 3991 deinceps
1111 3909 1129 3970 d
1158 3927 1322 3990 quoquam

192 4001 307 4059 tierent
338 3997 395 4079 qui
422 3999 536 4078 gradus
567 3998 615 4058 sui
645 3997 827 4077 periculum
858 3995 960 4058 vitare
993 3995 1104 4058 vellet.
1145 3993 1322 4051 Decretum

97 4075 101 4084 ’
192 4099 330 4161 namque
352 4087 399 4140 est
418 4081 450 4137 in
467 4080 523 4138 illa
549 4081 681 4164 Synodo
699 4101 795 4162 quam
809 4077 1022 4160 Reginisburc
1043 4097 1102 4158 pro
1125 4073 1247 4146 eadem,
1269 4070 1320 4130 vel

190 4173 249 4244 p'ro
266 4164 335 4222 aliis
353 4161 466 4238 causis,
476 4163 654 4242 apostolica
670 4161 858 4223 auctoritate
871 4161 1014 4243 praefato
1028 4163 1194 4238 praetexto
1209 4151 1322 4216 bubni-

193 4267 280 4322 mas,
306 4243 387 4304 nibil
409 4244 671 4326 expraedictisai
691 4266 854 4328 quoquam
879 4264 990 4306 eorum
1012 4259 1105 4322 agere
1130 4259 1190 4310 nee
1214 4239 1320 4299 l'uuere
