2948 4990
202 292 279 368 600
630 310 920 372 carrrummun

202 449 344 515 Domino
362 447 401 512 de
414 447 491 514 liliis
513 452 579 518 tuis
596 455 830 538 primogenitis.
870 454 920 517 De
937 447 1040 514 bobun
1063 469 1194 534 quoque
1212 457 1248 515 et
1262 452 1337 518 ovi·

200 531 261 595 buo
286 533 436 595 similiter
463 535 571 632 facias.
612 539 742 635 Septem
763 538 877 602 diebus
900 537 943 600 sit
966 555 1042 600 cum
1060 542 1160 596 matre
1179 556 1251 598 suat
1275 535 1334 599 die

202 624 313 682 octavo
332 615 433 678 redde
454 616 559 680 filium
577 620 727 683 Domino.

491 725 546 786 De
569 723 712 808 deposito
729 724 784 785 vel
794 725 926 810 pignore
946 721 1033 786 dato.

285 823 393 888 XXX.
432 826 623 910 Depositum
640 840 688 891 est
702 829 837 912 pignore
861 829 980 908 datum,
1003 838 1057 890 aut
1081 830 1107 892 si
1128 828 1244 913 aliquis
1264 827 1331 890 sibi

201 909 425 969 commendata
439 910 605 989 celaverit,
627 921 682 972 aut
702 911 728 973 si
743 934 812 972 rem
830 911 988 994 perditam
1006 911 1180 991 invenerit,
1197 921 1229 973 et
1243 911 1331 970 iura-

200 991 285 1054 verit
304 1011 368 1050 non
385 990 557 1070 invenisse,
575 995 740 1055 convictus
760 994 883 1072 delicti,
904 993 1018 1054 reddet
1039 995 1145 1056 omnia
1167 1015 1249 1076 quae
1267 1014 1331 1075 per

199 1072 348 1134 fraudem
367 1072 471 1134 voluit
493 1076 650 1153 obtinere,
672 1077 799 1140 tertiam
823 1087 856 1138 et
874 1075 1022 1159 quintam
1042 1077 1176 1161 insuper
1202 1084 1331 1160 partem

201 1153 332 1217 domino
354 1154 407 1215 cui
425 1157 571 1219 fraudem
590 1159 754 1221 intulerat.

395 1262 445 1320 De
477 1262 670 1344 turpitudine
696 1263 842 1347 proximi
861 1285 924 1326 non
946 1262 1128 1326 revelanda.

281 1338 409 1404 XXXI.
453 1345 565 1406 Omnis
586 1345 681 1407 homo
701 1346 742 1406 ad
756 1345 946 1428 sanguinem
960 1346 1097 1429 proximi
1119 1345 1168 1408 sui
1188 1365 1254 1407 non
1274 1367 1330 1408 ae-

205 1422 310 1500 cedat,
333 1435 370 1484 ut
387 1426 511 1486 revelet
527 1429 760 1509 turpitudinem
773 1428 853 1493 eius.
894 1430 962 1490 Neo
982 1428 1082 1488 ullam
1110 1429 1329 1513 discooperies

202 1505 436 1587 turpitudinem
456 1509 610 1586 mulieris,
633 1511 708 1593 quia
723 1520 825 1574 vestra
840 1511 1008 1594 turpitudo
1030 1519 1086 1577 est.

343 1612 393 1673 De
416 1615 541 1674 homine
561 1617 617 1698 qui
640 1616 809 1699 dormierit
821 1637 891 1676 cum
909 1617 1038 1677 muliere
1056 1617 1180 1683 ancilla.

280 1716 428 1785 XXXII.
467 1720 569 1780 Homo
592 1721 618 1784 si
641 1721 807 1782 dormierit
824 1742 898 1783 cum
923 1721 1058 1784 muliere
1081 1722 1169 1783 coitu
1194 1723 1328 1788 seminis

201 1819 283 1940 guae
305 1801 406 1860 suerit
427 1801 562 1880 ancilla,
593 1804 688 1864 etiam
711 1803 849 1881 nubIIIs,
871 1813 904 1864 et
926 1814 1031 1865 tamen
1057 1805 1161 1887 pretio
1182 1827 1247 1866 uon
1269 1828 1329 1868 re-

221 1891 341 1974 empta,
361 1903 421 1944 neo
445 1883 591 1962 libertate
618 1885 745 1965 donata,
767 1886 965 1970 vapulabunt
983 1885 1087 1966 ambo,
1108 1897 1141 1948 et
1163 1910 1229 1949 nou
1253 1910 1328 1950 mo-

201 1972 337 2028 riantur.

240 2069 314 2131 Non
341 2068 455 2131 debere
492 2075 669 2152 auguriari,
698 2097 755 2136 nee
778 2076 947 2138 observare
973 2095 1078 2154 magos
1103 2081 1133 2135 e't
1153 2075 1282 2137 ariolos.

280 2173 441 2238 XXXIII.
483 2177 552 2236 Non
570 2180 799 2261 auguriemini;
822 2201 882 2242 uec
900 2169 1073 2242 observetis
1090 2180 1129 2241 ed
1143 2201 1249 2264 magos
1262 2201 1328 2244 nec

205 2256 336 2338 ariolos,
359 2280 420 2320 nec
440 2258 564 2341 aliquid
578 2263 683 2323 sciatis
698 2284 758 2345 per
778 2284 841 2324 eos.
883 2263 955 2352 Ego
965 2263 1052 2346 Deus
1066 2273 1180 2325 vester.

309 2427 314 2437 ,
588 2368 638 2427 De
659 2368 844 2429 honorando
865 2390 945 2436 sene.

282 2445 441 2509 XXXIV.
483 2449 597 2510 Coram
611 2471 691 2510 cano
705 2449 807 2533 capite
822 2449 1017 2534 consurgite,
1038 2461 1070 2514 et
1085 2450 1240 2513 honorate
1255 2469 1332 2531 per·

206 2546 317 2591 sonam
334 2530 431 2608 senis,
448 2540 481 2591 et
499 2531 731 2593 timeteDeum.

437 2637 528 2696 Nihil
563 2638 716 2718 agendum
756 2650 866 2700 contra
893 2639 1088 2720 aequitatem.

282 2718 414 2786 XXXV.
454 2720 561 2781 Nolite
584 2721 731 2802 iniquum
750 2720 874 2802 aliquid
893 2722 1000 2784 facere
1017 2723 1050 2782 in
1068 2720 1202 2800 iudicio,
1223 2721 1259 2780 in
1276 2741 1332 2783 re-

201 2799 286 2880 gula,
306 2799 338 2857 in
359 2801 512 2882 pondere,
527 2802 559 2862 in
576 2825 734 2864 mensura.
763 2804 885 2864 Stetere
901 2803 984 2864 iusta
1002 2815 1033 2866 et
1048 2804 1227 2890 aequarint
1242 2825 1331 2888 pon-

202 2883 289 2959 dera,
312 2881 414 2944 iustus
428 2883 564 2962 modius,
586 2907 773 2969 aequusque
795 2884 961 2950 sextarius.

365 2989 414 3046 De
428 3010 464 3049 eo
483 2990 537 3068 qui
549 2993 731 3051 moechatur
744 3012 812 3051 cum
829 3011 930 3052 uxore
945 2993 1089 3074 proximi
1103 2991 1162 3051 sui.

282 3069 428 3132 XXXVI.
470 3071 535 3147 Qui
559 3073 744 3134 moechatus
771 3073 871 3134 fuerit
891 3095 966 3133 cum
988 3095 1088 3135 uxore
1115 3073 1267 3151 alteriue,
1295 3083 1329 3136 et

200 3147 396 3210 adulterium
417 3153 531 3214 fecerit
547 3177 620 3215 cum
637 3156 774 3238 coniuge
793 3155 930 3238 proximi
953 3156 1023 3235 sui,
1043 3163 1145 3218 morte
1171 3155 1329 3218 moriatur

202 3238 234 3290 et
254 3233 404 3292 moechus
425 3244 457 3295 et
474 3235 628 3297 adultera.

416 3339 464 3398 De
478 3362 514 3400 eo
534 3344 589 3435 qui
605 3342 771 3403 dormierit
792 3361 863 3402 cum
882 3361 1016 3403 noverca
1032 3362 1098 3402 sua.

279 3419 441 3484 XXXVII.
484 3423 548 3498 Qut
570 3422 735 3485 dormierit
755 3444 829 3484 oum
850 3444 988 3485 noverca
1013 3446 1080 3500 sue,
1105 3433 1137 3485 et
1156 3423 1326 3486 revelave-

198 3498 243 3560 rit
267 3499 476 3581 ignominiam
497 3505 676 3586 patrinum,
697 3505 876 3578 moriautur
897 3506 999 3568 ambo.
1050 3506 1186 3590 Sanguis
1212 3527 1326 3569 eorum

199 3581 240 3644 sit
256 3605 353 3665 super
375 3606 438 3648 eos.

6 3691 8 3778 l
25 3701 194 3740 Q
318 3689 365 3748 De
388 3690 494 3771 ecqui
507 3703 639 3773 propter
651 3695 751 3754 Deum
767 3693 893 3775 furtum
908 3693 1068 3774 confessus
1075 3692 1188 3774 fuerit.

7 3789 9 3828 t
280 3767 460 3837 xxxvia.
503 3773 537 3834 si
555 3784 685 3856 propter
708 3779 811 3836 Deum
839 3777 1001 3838 confessus
1023 3777 1123 3838 fuerit
1141 3775 1239 3837 homo
1259 3776 1326 3836 Iur-

7 3851 9 3882 ⁵
198 3858 266 3946 tum
286 3854 373 3934 qnod
398 3854 485 3930 iecit,
508 3855 620 3916 reddat
642 3859 811 3940 capitalem
830 3867 861 3919 et
880 3859 1026 3941 quintam
1044 3868 1170 3943 partem
1187 3858 1326 3943 desuper

198 3953 229 3996 er
258 3956 290 3994 tn
314 3956 410 4017 quem
434 3937 588 4018 peccavit.

398 4032 403 4090 ἶ
423 4043 469 4102 De
486 4065 520 4104 eo
540 4046 595 4126 qui
610 4043 705 4125 ferro
726 4048 917 4130 percusserit
935 4048 1099 4114 bominem.

277 4147 423 4208 XXXIX.
467 4149 500 4208 si
520 4149 591 4230 quis
609 4150 696 4210 ferro
716 4151 910 4233 percusserit
930 4150 1106 4230 hominem,
1128 4161 1161 4213 et
1179 4160 1325 4216 mortum

195 4224 306 4310 luerit,
328 4231 384 4314 qni
402 4231 607 4315 percusserit,
628 4253 702 4296 reus
721 4234 783 4296 erit
804 4233 931 4314 iudicii,
954 4235 1070 4320 etipse
1087 4234 1253 4298 morietur.
