2926 4984
537 347 649 404 nam
668 321 853 412 ‘Qnrurus
1185 320 1264 413 553„

129 479 270 564 babent,
292 493 327 543 ct
341 482 477 548 feminae
495 507 577 568 quae
593 488 713 552 liberae
736 499 811 552 sunt
829 497 862 550 et
874 485 1022 548 homines
1039 479 1258 545 fiscalinosrc·

128 563 197 644 gios
216 574 271 624 aut
286 564 406 626 habent
425 577 480 627 ant
495 571 669 654 accipiunt,
693 574 745 633 vel
758 574 798 633 de
813 571 990 638 hereditate
1005 573 1186 651 parentum,
1199 561 1260 660 ⁸rel
1320 645 1323 652 .

130 645 171 706 de
190 651 285 707 causa
304 669 360 706 sua
378 654 582 730 quaerenda,
607 675 667 714 nec
691 655 730 715 de
748 653 933 715 testimonio
947 673 1005 732 pro
1018 649 1079 710 hac
1099 669 1134 709 re
1156 645 1260 740 abror·

131 737 236 799 antur;
258 731 314 792 sed
332 731 404 790 talis
416 733 511 792 etiam
526 736 617 798 nobis
631 737 664 794 in
675 737 735 797 bac
751 759 843 798 causa
860 736 966 795 bonor
981 741 1137 807 servetur,
1152 729 1259 810 qualis

78 803 87 824 ⁰
131 817 166 868 et
186 813 440 874 antecessoribus
464 819 579 878 nostris
598 819 737 898 Regibus
756 819 810 882 vel
839 815 1088 901 Imperatorihus
1116 820 1260 874 serratus

131 911 199 952 esse
218 895 431 974 cognoscitur,
471 899 554 960 Ibid.
577 923 602 961 c.
631 903 675 963 16,

109 1023 112 1028 .
137 971 179 1032 Ur
204 973 314 1035 Oratio
339 978 507 1056 Domiaico
532 995 562 1041 et
582 984 765 1058 Sarabolum
790 998 821 1045 et
844 984 937 1054 Lex,
959 999 1014 1042 seu
1036 975 1182 1062 Capitale
1197 974 1260 1036 lte-

432 1083 517 1140 gum,
540 1063 708 1143 diligenter
729 1067 958 1146 intelleguntur.

215 1165 337 1229 CCLX.
394 1169 436 1227 Ut
462 1168 550 1229 Laici
579 1172 766 1252 Symbolum
790 1181 823 1234 et
847 1170 1036 1232 Orationem
1058 1162 1260 1258 Dominicam
1304 1195 1309 1206 ·

128 1243 274 1324 pleniter
286 1246 437 1310 ediscant.
479 1251 618 1314 Comites
634 1276 764 1349 quoqne
783 1265 815 1315 et
826 1252 1014 1316 Centenarii
1031 1255 1191 1311 etcaeterr
1204 1266 1261 1305 no·

126 1327 211 1388 biles
229 1329 288 1387 viri
304 1329 409 1412 legem
426 1355 514 1393 suam
534 1335 671 1414 pleniter
689 1337 831 1412 drscant,
853 1337 936 1396 sicut
954 1335 986 1394 in
1012 1332 1076 1392 alio
1100 1331 1172 1390 loco
1199 1327 1258 1388 de·

128 1418 257 1469 cretum
278 1421 335 1476 est.
376 1415 594 1498 Praecipimus
615 1429 720 1480 autem
733 1419 837 1480 Missis
864 1417 981 1480 nostris
1008 1425 1044 1475 ut
1071 1432 1212 1494 eaquae
1240 1431 1259 1468 a

126 1491 240 1552 multis
255 1491 318 1551 iam
338 1497 430 1556 annis
449 1500 716 1580 perCapitularia
744 1511 851 1562 nostra
879 1501 911 1560 in
937 1509 1004 1560 toto
1026 1517 1126 1577 regno
1148 1502 1259 1590 nostro

129 1574 363 1653 mandavimus,
387 1575 492 1660 agere,
514 1581 648 1659 discere,
670 1583 848 1659 observare,
872 1582 925 1644 vel
939 1581 972 1640 in
990 1575 1261 1672 consuetudmem

131 1654 254 1715 babere
278 1658 432 1738 debeant,
456 1673 491 1720 ut
504 1663 584 1724 haec
603 1666 709 1726 omnia
727 1688 813 1726 nunc
826 1666 1000 1746 diligenter
1013 1663 1199 1743 inquirant,
1228 1665 1260 1720 el

93 1777 95 1796 .
134 1737 270 1797 omnino
285 1741 323 1798 ad
343 1744 508 1805 servitium
518 1748 580 1807 Dci
599 1749 688 1810 etad
709 1749 882 1809 utilitatem
896 1756 1046 1822 nostram,
1065 1742 1123 1824 rel!
1136 1742 1175 1802 ad
1190 1761 1260 1800 om-

133 1819 226 1879 nium
242 1820 495 1886 Christianorum
513 1827 680 1890 bominum
701 1832 900 1912 perfectum,
923 1829 1076 1889 innovare
1101 1824 1262 1900 studeant,

133 1910 167 1960 et
183 1913 340 1982 quantum
354 1909 494 1968 Domino
509 1911 648 1974 donante
666 1914 872 1994 praevalent,
896 1912 935 1972 ad
957 1911 1137 1993 perfectum
1155 1924 1261 1987 usque

132 1987 324 2062 perducant.
364 1993 407 2050 Et
426 1993 517 2053 nobis
537 1996 668 2055 omnino
690 1995 883 2056 adnuntient
900 1993 973 2074 quis
997 1994 1072 2054 inde
1098 1999 1261 2084 certamen

131 2066 256 2128 bonum
279 2071 341 2131 boc
360 2075 534 2154 adimplere
557 2075 736 2154 habuisset,
760 2087 828 2137 uta
848 2079 917 2136 Deo
935 2086 1000 2136 eta
1020 2071 1113 2136 nobis
1129 2081 1262 2154 graham

130 2147 257 2216 babeat.
280 2155 343 2229 Qui
355 2167 462 2216 autem
475 2159 650 2241 neglegens
669 2160 745 2220 inde
762 2159 879 2237 fuerit,
894 2164 1039 2220 attalem
1056 2154 1262 2238 disciplinam

130 2231 291 2313 percipiat
308 2239 438 2317 qualem
456 2241 526 2302 talis
547 2241 587 2301 sit
603 2249 807 2326 contemptor
827 2241 973 2324 recipere
998 2242 1134 2325 dignus,
1154 2236 1199 2298 ita
1224 2241 1262 2295 ut

134 2317 255 2374 caeteri
275 2330 396 2380 metum
414 2321 553 2383 habeant
570 2325 714 2408 amplius.
881 2341 885 2352 ’
1010 2333 1011 2339 '

152 2421 204 2480 De
223 2427 377 2487 occisione
399 2429 591 2490 Clericorum
612 2444 643 2490 et
659 2431 878 2504 Sacerdotium,
897 2443 988 2514 atquc
1003 2428 1241 2491 Monacborum.

213 2530 352 2592 CCLXI.
395 2533 460 2610 Qui
481 2535 720 2597 Subdiaconum
743 2537 919 2614 occiderit,
952 2544 1114 2596 trecentos
1140 2531 1261 2594 solidos

131 2621 313 2692 componat.
356 2616 420 2692 Qui
432 2616 622 2695 Diaconum,
640 2619 892 2701 quadringentos
914 2619 1043 2682 solidos.
1086 2616 1152 2695 Qui
1169 2613 1262 2710 l’res-

133 2691 306 2772 byterum,
335 2707 513 2760 sexcentos.
557 2701 622 2779 Qui
639 2701 853 2784 Episcopum,
879 2711 1071 2783 nongentos.
1112 2695 1262 2778 QurMo·

136 2774 296 2856 nacbum,
326 2781 569 2864 quadringentis
592 2784 761 2866 culpabilis
779 2783 950 2844 iudicetur.
1003 2781 1087 2846 Ibid.
1108 2801 1135 2843 c.
1157 2778 1207 2842 25.

381 2887 428 2945 De
445 2886 567 2947 damnis
584 2891 618 2948 in
638 2890 884 2950 immunitatibus
895 2887 1005 2969 factio.

212 2982 367 3054 CCLXll.
407 2992 440 3051 Si
459 2993 530 3074 quis
553 2994 586 3053 in
601 2993 801 3054 immunitate
818 2994 970 3056 damnum
984 2993 1119 3077 aliquod
1132 2989 1260 3072 feeerit,

128 3079 300 3130 sexcentos
317 3073 437 3134 solidos
459 3086 639 3158 componat.

176 3173 227 3231 Dc
246 3172 377 3253 furibus
402 3179 489 3262 infra
510 3169 708 3242 cnirtnitotem
732 3183 861 3242 retentis
881 3181 960 3264 quid
981 3181 1135 3262 agendum
1156 3185 1207 3244 sit.

214 3278 388 3342 CCLlllll.
418 3283 451 3344 Si
471 3293 574 3344 autem
586 3285 682 3346 bomo
699 3287 822 3346 furtum
835 3297 889 3346 aut
900 3288 1112 3350 homicidium
1127 3291 1260 3369 fecerit,

126 3360 184 3420 rel
206 3365 376 3443 quodlibet
393 3366 513 3427 crimen
534 3365 613 3428 loris
628 3369 829 3430 committens
851 3371 935 3430 infra
953 3371 1186 3435 immunitatem
1210 3376 1262 3435 fu·

129 3443 231 3522 gerit,
252 3448 379 3507 mandet
394 3449 508 3510 Comes
526 3451 577 3510 vel
588 3451 748 3532 Episcopo
766 3451 1011 3530 relAbbatr,vel
1024 3453 1258 3535 Vicedomino,

127 3526 180 3584 vel
202 3527 249 3586 illi
268 3531 323 3610 qui
353 3531 459 3589 locum
486 3532 637 3613 Episcopi
661 3535 712 3593 rel
739 3533 869 3595 Abbatis
896 3535 1055 3614 tenuerit,
1088 3549 1125 3598 ut
1147 3539 1261 3600 reddat

128 3606 160 3664 ei
176 3630 276 3668 rcum.
322 3613 353 3672 si
372 3613 428 3672 ille
448 3608 699 3691 contradixerit,
723 3625 754 3676 et
774 3639 847 3676 eum
866 3619 1004 3680 reddere
1023 3621 1176 3698 noluerit,
1199 3643 1257 3703 pro
1364 3689 1366 3696 ¹

123 3688 227 3769 prima
241 3694 496 3756 contradictione
506 3697 693 3776 quindecim
702 3697 821 3760 solidos
832 3711 1012 3783 componat.
1039 3703 1073 3760 Si
1084 3703 1123 3762 ad
1139 3725 1257 3764 secun-

123 3769 198 3830 dam
213 3774 456 3856 inquisitionem
473 3800 547 3838 eum
562 3779 696 3840 reddere
719 3780 873 3858 noluerit,
895 3782 1026 3864 triginta
1044 3783 1163 3846 solidos
1177 3807 1263 3846 com·

127 3865 237 3932 ponat.
280 3857 314 3916 Si
335 3881 394 3919 nec
411 3860 450 3919 ad
464 3859 592 3920 tertiam
611 3861 796 3922 consentire
812 3865 973 3940 voluerit,
1002 3865 1161 3946 quicquid
1184 3888 1258 3928 reus

126 3934 235 3996 damni
255 3939 386 4016 fecerit,
410 3951 533 4018 totum,
556 3942 612 4002 ille
627 3944 683 4024 qui
698 3965 773 4004 eum
793 3943 876 4004 infra
896 3946 1105 4024 emunitatem
1130 3947 1260 4026 retinet,

124 4037 185 4078 nec
204 4021 340 4082 reddere
363 4023 452 4098 vult,
479 4025 603 4084 solvere
627 4035 768 4108 cogatur.
816 4028 858 4087 Et
886 4029 953 4110 ipsc
984 4037 1090 4107 clames
1124 4030 1261 4092 veniens
1290 4031 1308 4072 Ἴ

125 4097 290 4161 licentiam
303 4103 418 4164 babeat
434 4107 537 4188 ipsum
547 4105 712 4167 bominem
727 4108 810 4170 insra
828 4110 1060 4200 immunitatem
1070 4111 1260 4191 quaerendi,

126 4180 404 4266 ubicunqne'enm
425 4188 574 4249 invenire
597 4190 748 4272 potuerit.
792 4191 826 4251 Si
844 4202 951 4254 autem
972 4193 1006 4252 in
1028 4193 1131 4274 prima
1149 4193 1260 4275 inquis·

123 4262 243 4330 titione
265 4269 383 4332 Comiti
401 4292 590 4354 responsum
606 4273 724 4352 fuerit,
740 4273 827 4355 quod
840 4295 914 4337 reus
929 4275 1012 4336 infra
1027 4275 1261 4344 immunitatem
