2926 4984
202 341 282 417 532
620 355 917 416 carimeaaiuu

233 499 276 564 Ut
292 495 521 585 poenitentibus
550 493 665 579 absque
690 518 896 640 paganitarum
924 497 1103 584 acceptione
1120 495 1317 581 pomitentia

745 595 823 642 etur.

234 641 238 650 ἱ
293 633 516 750 CXXXVIII.
558 687 601 746 Ut
631 685 785 747 Sacerdos
813 685 1055 769 poenitentibus
1078 685 1196 769 absque
1222 633 1338 769 persua

208 792 325 837 narum
342 767 530 850 acceptione
546 767 765 850 poenitentiae
779 771 865 851 leges
882 769 1041 850 iniungat.

476 874 529 933 De
549 873 821 952 negligentioribus
832 875 1073 959 poenitentibus.

294 975 483 1047 CXXXIX.
524 980 570 1040 Ut
591 979 847 1062 neglegentiores
867 979 1071 1067 poenitentes
1098 978 1222 1043 tardius
1252 980 1340 1043 rcci-

209 1072 351 1156 piantur.

375 1172 423 1232 De
446 1193 482 1234 eo
505 1173 560 1254 qui
576 1170 801 1254 poenitentiam
820 1171 854 1231 in
880 1169 1066 1254 irfirmitate
1082 1172 1174 1257 petit.

295 1278 395 1346 CXL.
439 1277 470 1340 Is
486 1277 543 1360 qui
559 1277 793 1359 poenitentiam
810 1280 844 1337 in
861 1277 1045 1339 infirmitate
1064 1279 1163 1360 petit,
1191 1277 1217 1340 si
1239 1299 1338 1354 casu,

211 1363 344 1428 dumad
365 1383 440 1422 eum
460 1361 613 1421 Sacerdos
631 1359 785 1421 invitatus
813 1360 919 1436 venit,
942 1381 1110 1442 oppressus
1137 1360 1170 1419 in
1201 1361 1340 1421 infirmi-

209 1457 275 1508 tate
291 1443 469 1520 obmutuit,
492 1442 544 1503 vel
566 1443 599 1502 in
615 1442 802 1522 phrenesim
820 1463 931 1504 versus
955 1442 1071 1519 fuerit,
1094 1443 1174 1503 dent
1193 1444 1339 1504 testimo·

210 1529 303 1588 nium
327 1527 383 1607 qui
413 1547 489 1585 eum
511 1524 706 1600 audierunt,
735 1533 767 1585 et
789 1524 925 1606 accipiat
953 1525 1194 1606 poenitentiam.
1242 1527 1285 1586 Et
1312 1523 1341 1585 si

211 1610 367 1671 continuo
383 1608 526 1668 creditur
542 1606 736 1684 moriturus,
757 1607 990 1668 reconcilietur
1009 1628 1194 1689 perminus
1213 1606 1341 1688 imposi-

209 1694 351 1766 tionem,
374 1699 405 1751 et
424 1689 615 1748 infundatur
635 1688 681 1747 ori
707 1689 777 1750 eius
803 1687 1003 1754 eucharistia,
1046 1688 1080 1749 Si
1104 1689 1338 1771 supervixerit,

209 1781 452 1838 commoneatur
469 1773 487 1830 t
503 1769 693 1851 supradictis
711 1771 843 1830 testibus
861 1770 1027 1852 petitionis
1048 1792 1123 1832 suae
1148 1771 1339 1846 satisfactio,

211 1867 243 1920 et
262 1854 417 1916 subdatur
441 1861 592 1913 statutum
621 1851 838 1933 poenitentiae
862 1863 988 1935 tempus
1009 1853 1159 1935 quandiu
1184 1853 1341 1915 Sacerdos

207 1938 267 2021 qui
286 1935 521 2019 poenitentiam
541 1934 649 2012 dedit,
671 1935 862 2016 probaverit.

256 2043 300 2105 Ut
318 2040 513 2125 poenitentes
537 2060 601 2099 non
625 2059 657 2099 se
679 2038 810 2099 credant
829 2039 1006 2114 absolutos,
1023 2039 1093 2100 nisi
1109 2060 1171 2124 per
1190 2059 1301 2100 manus
1347 2071 1348 2076 1

654 2123 883 2202 impositionem

294 2202 409 2267 CXLI.
452 2202 658 2265 Poenitentes
675 2202 732 2284 qui
752 2203 784 2262 in
805 2203 987 2264 infirmitate
1009 2203 1165 2267 viaticum
1181 2204 1343 2269 eucharis·

211 2291 275 2351 tiae
295 2294 515 2382 'acceperunt,
546 2305 670 2348 nonae
698 2285 830 2345 credant
851 2286 1012 2349 absolutos
1047 2287 1117 2351 sine
1144 2307 1257 2350 manus
1285 2287 1343 2350 im·
1403 2287 1408 2294 “

209 2369 369 2457 positione
386 2391 413 2430 si
431 2365 678 2449 supervixerint.

212 2482 261 2541 Dc
276 2474 507 2563 poenitentibus
522 2471 576 2553 qui
597 2483 761 2554 antequam
780 2471 864 2552 leges
876 2473 1085 2554 poenitentiae
1106 2485 1339 2556 exsequantur,

357 2559 386 2617 si
409 2575 482 2616 casu
508 2556 541 2612 in
561 2555 673 2614 itinere
691 2554 746 2613 uel
761 2555 794 2613 in
815 2557 898 2613 mari
919 2557 1035 2615 mortui
1053 2555 1190 2636 suerint.

294 2661 429 2728 CXLII.
470 2658 678 2723 Poenitentes
691 2657 749 2739 qui
760 2667 932 2741 antequam
945 2661 1032 2742 leges
1046 2663 1264 2743 poenitentiae
1280 2659 1341 2724 exss

210 2757 408 2831 sequantur,
431 2743 456 2803 si
478 2737 556 2802 casii
571 2741 603 2799 in
618 2741 733 2801 itinere
749 2742 803 2801 vel
820 2743 852 2800 in
875 2743 953 2802 mari
974 2745 1092 2804 mortui
1110 2747 1250 2822 fuerint,
1281 2746 1339 2806 ubi

212 2834 258 2894 ets
281 2828 435 2890 Sacerdos
456 2824 627 2885 subvenire
645 2845 710 2883 non
728 2824 886 2904 potuerit,
909 2825 1063 2888 memoria
1085 2848 1197 2888 eorum
1217 2837 1251 2888 et
1267 2849 1342 2889 ora-
1442 2845 1443 2882 i

211 2912 354 2974 tionibus
372 2919 404 2971 et
421 2906 636 2969 oblationibus
655 2907 906 2966 commendetur.

315 3020 363 3077 De
385 3017 454 3076 loco
477 3013 740 3094 monasteriorum
761 3011 809 3072 vel
830 3010 988 3097 aedificiis
1015 3013 1237 3099 providendis.

295 3119 449 3186 CXLIII.
491 3118 633 3199 Dignum
651 3138 686 3177 ac
703 3118 918 3178 necessarium
939 3128 1038 3180 estut
1055 3119 1143 3180 Missi
1165 3124 1264 3184 nostri
1279 3147 1339 3209 per

210 3226 360 3291 quaeque
380 3203 451 3264 loca
471 3199 584 3262 directi
606 3199 699 3260 simul
718 3219 792 3259 cum
811 3201 977 3282 Episcopis
1007 3202 1261 3288 uniuscuiusque
1287 3209 1340 3269 di-

213 3284 543 3367 oecesisperspiciant
562 3284 634 3342 loca
660 3282 927 3342 monasteriorum
949 3285 1190 3354 canonicorum
1218 3290 1340 3369 pariter

213 3384 245 3435 ct
260 3367 509 3442 Monachorum,
533 3364 691 3445 simulque
717 3374 749 3425 et
764 3365 962 3446 puellarum,
979 3367 1005 3426 si
1026 3366 1059 3424 in
1081 3376 1155 3446 apto
1170 3379 1202 3429 et
1219 3371 1252 3429 in
1263 3394 1341 3432 con·

211 3476 294 3537 gruo
312 3453 383 3512 loco
400 3451 465 3510 sint
480 3449 600 3528 posita,
629 3445 685 3506 ubi
707 3447 909 3507 commodum
925 3448 1140 3509 necessarium
1165 3451 1265 3533 possit
1285 3455 1338 3514 ad-

213 3534 322 3618 quiri,
345 3533 433 3614 quod
457 3533 494 3590 ad
519 3529 691 3589 utilitatem
713 3529 856 3610 pertinet
877 3531 1162 3606 monasteriorum,
1191 3535 1275 3595 sicut
1304 3536 1338 3594 in

197 3617 322 3681 'saincte
336 3614 447 3695 regula
466 3613 601 3673 dicitur:
623 3611 852 3670 Monasterium
871 3625 972 3672 autern
989 3615 1035 3671 'ita
1059 3613 1153 3674 debet
1169 3618 1336 3688 constitui,

213 3715 249 3761 ut
272 3699 377 3760 orrruia
402 3696 576 3755 necessaria
596 3690 682 3771 infra
710 3696 931 3752 monasterium
959 3708 1186 3764 exerceantur,
1221 3711 1340 3758 utnon

215 3786 256 3842 sit
272 3780 436 3840 necessitas
452 3773 615 3836 Monachis
633 3773 687 3832 uel
703 3773 832 3833 Clericis
848 3775 988 3853 vagandi
997 3773 1105 3854 foras,
1125 3780 1199 3858 qin'a
1213 3782 1339 3840 oninino

216 3858 421 3943 nonexpedit
441 3857 599 3918 animabus
621 3876 736 3918 eornm.
779 3856 935 3916 Similiter
950 3879 1080 3938 quoque
1103 3859 1340 3922 aedificationes
1438 3926 1439 3943 ,

216 3943 480 4006 monasteriorum
496 3935 667 4016 supradicti
688 3937 792 4012 Missi,
816 3946 848 3996 et
866 3960 939 3998 cum
965 3939 1010 4000 eis
1028 3939 1196 4022 Episcopi,
1219 3963 1278 4023 per
1295 3944 1340 4004 di.

214 4049 305 4090 versa
323 4027 392 4084 loca
410 4019 632 4102 praevideant,
655 4019 679 4078 si
708 4029 799 4100 aptae
823 4019 887 4080 sint
910 4028 943 4080 et
966 4033 1183 4102 congruenter
1213 4035 1339 4086 sanctae

216 4104 407 4192 professioni
424 4101 633 4182 compositae,
655 4100 707 4160 vel
735 4101 761 4161 si
790 4099 964 4162 claustrum
993 4103 1117 4162 firmum
1141 4103 1282 4165 habeant
1307 4107 1339 4165 in

217 4213 282 4272 quo
298 4185 411 4248 salvari
428 4185 551 4266 possint
567 4182 690 4241 animae
706 4182 740 4242 in
756 4183 801 4244 eis
815 4185 1080 4244 commorantium
1097 4186 1156 4246 sub
1169 4187 1340 4270 disciplina

213 4271 374 4335 canonica
392 4268 443 4332 rel
464 4265 615 4350 regulari.
658 4265 720 4326 Ubi
734 4275 839 4328 autem
857 4267 950 4329 aliter
966 4267 1099 4333 inventa
1115 4269 1250 4351 fuerint,
1276 4269 1339 4332 aaa
1436 4295 1437 4300 ¹
