2926 4984
506 331 623 389 urar
659 310 844 402 orturus.
1099 308 1101 316 “
1163 309 1237 386 577

68 549 71 554 ¹
117 459 208 552 ipsam
220 469 416 554 provinciam
429 473 524 556 regit,
546 471 711 534 hominem
728 468 894 548 occiderit,
917 487 982 530 non
1003 464 1189 610 requiratur
1205 476 1236 538 ei

117 573 172 612 nec
188 559 351 636 propterea
370 556 509 617 faidosus
525 557 580 626 sit;
603 556 681 639 quia
699 555 800 616 leret
820 552 918 615 iussio
933 551 1041 612 domin
1058 571 1094 612 ca
1114 552 1237 616 occidit

116 655 201 711 eum,
223 645 255 696 et
274 637 341 717 ipse
357 659 422 698 non
437 639 543 720 potuit
561 638 792 701 contradicere.
839 635 994 716 Princeps
1013 654 1090 695 vero
1113 645 1145 696 et
1162 656 1237 697 suc-0

115 737 245 778 cessores
261 719 327 779 eins
352 720 527 781 defendant
546 743 620 783 eum
644 730 678 783 et
697 729 795 781 totam
809 714 999 801 progeniem
1026 715 1107 792 eins,
1127 739 1169 779 ne
1194 715 1237 778 ob

115 797 171 858 hoc
186 811 292 880 pereat
308 812 364 863 ant
383 804 502 862 malum
522 804 670 886 patiatur.
714 803 811 879 Quod
831 801 859 862 si
890 808 1062 883 propterea
1091 797 1158 882 ipse
1181 808 1238 860 aut

116 879 178 942 eius
194 883 361 964 progenies
380 884 504 969 aliquid
522 881 596 946 mali
616 881 699 972 passi
718 885 852 958 fuerint,
865 891 920 943 aut
935 879 1043 959 occisi,
1062 880 1238 966 dupliciter

116 975 349 1044 componantur.

114 1067 159 1127 De
176 1089 211 1130 eo
231 1071 287 1152 qui
314 1073 506 1157 scripturum
529 1075 719 1218 protulerat,
747 1085 784 1135 ut
810 1073 978 1136 ueritatem
1006 1069 1073 1136 eius
1103 1069 1237 1132 testibus

608 1179 670 1243 pro
694 1169 732 1216 et.

189 1253 434 1322 CCCLXVIlI.
480 1260 513 1322 Si
532 1263 604 1344 quis
623 1263 812 1344 scripturam
828 1259 962 1342 profert,
983 1256 1150 1320 veritatem
1167 1256 1239 1324 eius

113 1337 236 1400 testibus
259 1339 396 1421 probare
412 1343 517 1421 debet,
533 1345 609 1427 quia
623 1343 821 1406 inomnibus
840 1342 943 1404 causis
960 1337 1170 1403 constitutum
1190 1348 1239 1404 est

114 1429 146 1478 nt
166 1423 355 1504 scripturam
374 1427 517 1507 prolator
537 1425 691 1492 adfirmet.

44 1585 47 1589 .
135 1524 174 1586 Ut
195 1528 349 1612 quicquid
367 1533 616 1613 provincialibus
631 1530 737 1613 fuerit
751 1527 936 1592 'relaxatum
949 1549 1009 1614 per
1028 1525 1219 1615 beneficium

324 1612 498 1697 Principis,
519 1616 557 1676 ab
581 1626 729 1676 exactore
748 1636 811 1674 non
829 1614 1019 1695 requiratur.

181 1713 398 1778 'CCCLXlX.
442 1719 606 1802 Quicquid
618 1715 1238 1801 provincialibusperbeneficiumPrin·

113 1795 185 1878 cipis
201 1800 397 1860 tributorum
416 1801 515 1862 fuerit
530 1801 719 1876 relaxatum,
733 1803 771 1861 ali
789 1811 937 1862 exactore
958 1821 1023 1874 non
1045 1799 1236 1884 requiratur

135 1901 175 1963 Ut
186 1906 371 1983 Presbyteri
392 1909 554 1968 criminosi
574 1905 619 1966 ad
632 1907 786 1983 synodum
798 1907 960 1969 venientes
978 1907 1013 1968 in
1034 1905 1137 1971 medio
1154 1907 1219 1970 col·

593 1989 744 2049 locentur.

188 2066 382 2132 CCCLXX.
423 2072 630 2155 Presbyteros
652 2071 838 2132 criminosos
856 2069 1011 2131 canonice
1023 2069 1063 2132 ad
1075 2071 1237 2155 synodum

111 2149 275 2212 venientes
296 2153 453 2231 iubemus,
478 2157 566 2214 iuxta
587 2151 715 2213 decreta
733 2153 837 2234 Papae
862 2154 1071 2231 Innocentii,
1095 2156 1238 2239 capitulo

112 2250 220 2308 xxxin,
258 2234 292 2292 in
315 2236 422 2297 medio
444 2234 615 2306 collocari;
645 2235 861 2330 discussisque
890 2234 1130 2297 obiectionibus·
1152 2257 1235 2320 quae

112 2311 181 2391 ipsis
203 2317 403 2400 Presbyteris
423 2319 654 2401 impinguntur,
677 2317 703 2376 si
720 2316 868 2380 convinci
889 2317 1065 2397 potuerint,
1088 2321 1105 2379 d
1128 2341 1239 2380 sacer-

110 2392 201 2454 dotali
220 2409 453 2462 removeantur
465 2400 580 2475 officio,
603 2398 703 2480 (quia
725 2399 779 2480 qui
798 2399 902 2460 sancti
923 2415 988 2457 non
1009 2410 1101 2476 sunt,
1126 2409 1235 2462 saneta

107 2483 234 2540 tractare
251 2501 316 2541 non
331 2492 487 2563 possunt)
501 2491 597 2564 atque
612 2481 710 2540 alieni
722 2480 905 2542 efficiantur
922 2480 939 2539 a
953 2478 1132 2542 ministerio
1147 2482 1237 2563 quod

107 2558 238 2622 vivendo
260 2561 387 2625 inlicite
403 2566 601 2647 polluerunt.
643 2563 726 2624 Etsi
743 2563 893 2623 convinci
914 2559 978 2624 non
994 2562 1171 2643 potuerint,
1189 2585 1241 2624 ses

107 2638 243 2704 cundum
264 2646 407 2708 anterius
429 2647 605 2728 capitulum
619 2646 771 2706 consultu
797 2643 917 2706 Leonis
938 2644 1043 2738 Papae
1067 2653 1099 2704 et
1118 2645 1237 2711 multo-

106 2742 172 2781 rum
187 2726 422 2808 Episcoporum
441 2738 697 2804 statutum,cum
718 2726 789 2788 aliis
813 2726 1014 2808 Presbyterrs
1034 2734 1067 2790 et
1087 2726 1237 2789 fidelihus
1275 2751 1277 2756 ·
1325 2767 1329 2771 ,

107 2802 257 2946 iuptilsque
272 2809 458 2954 ἒοέιιίηίὺιιε
475 2809 671 2874 satisfaciant
693 2808 854 2893 Episcopo
882 2829 940 2870 suo
960 2815 992 2868 et
1012 2809 1144 2893 populo.
1180 2808 1237 2874 Ca·

104 2905 134 2968 pi
150 2909 167 2944 u
183 2939 190 2952 .
206 2912 234 2954 a.
293 2913 312 2953 ο
335 2941 343 2956 .

147 2992 189 3054 Ut
203 2999 414 3096 unusquisque
439 2997 607 3076 Presbyter
627 2995 757 3076 Missum
778 3018 847 3059 eum
873 2992 1027 3056 sandaliis
1049 2993 1193 3058 celebret.
1305 3053 1307 3060 Α

184 3098 397 3164 CCCLXXI.
439 3103 667 3186 Unusquisque
692 3103 866 3186 Presbyter
880 3103 1009 3162 Missam
1031 3101 1144 3170 ordine
1167 3105 1233 3169 Ro·
1320 3123 1328 3138 ³

107 3199 197 3243 mano
212 3207 288 3244 cum
310 3186 461 3246 sandaliis
483 3187 635 3248 celebret.
676 3186 718 3246 Et
731 3185 793 3246 hoc
814 3185 934 3267 populo
947 3183 1127 3262 nuntietur,
1145 3187 1235 3270 quod

106 3283 162 3341 per
176 3287 287 3326 omnes
311 3267 380 3328 dies
401 3268 577 3330 dominicos
596 3268 772 3329 oblationes
791 3270 861 3329 Deo
886 3265 1032 3345 offerant,
1055 3276 1086 3329 ct
1109 3278 1145 3329 ut
1165 3269 1233 3353 ipsa

108 3343 224 3408 oblatio
246 3349 324 3409 foris
340 3359 429 3432 septa
444 3351 552 3411 altaris
570 3351 753 3435 recipiatur.

148 3450 189 3512 Ut
208 3455 381 3532 Presbyter
399 3456 450 3514 die
471 3453 719 3518 dominicorum
745 3450 907 3515 benedicta
927 3473 1009 3536 uque
1027 3455 1192 3540 procedat.

184 3556 384 3628 CCCXXH.
426 3564 469 3623 Ut
492 3561 595 3622 omnis
614 3559 787 3642 Presbyter
806 3558 858 3620 die
878 3559 1040 3623 dominico
1062 3583 1134 3622 cum
1147 3565 1234 3644 psal·
1318 3609 1321 3612 ,

106 3637 205 3701 lentio
222 3642 396 3704 circumeat
408 3645 583 3705 Ecclesiam
596 3665 683 3704 snam
693 3664 757 3701 una
773 3664 846 3702 cum
859 3644 993 3724 populo,
1008 3654 1039 3704 et
1053 3666 1168 3726 aquarn
1180 3646 1235 3706 lte-

107 3723 265 3784 nedictam
281 3747 388 3786 secum
408 3729 498 3792 ferat.
559 3727 601 3787 Et
626 3735 662 3784 ut
679 3726 871 3790 scrutinium
887 3745 975 3784 more
995 3727 1137 3787 Romano
1158 3735 1236 3788 tem.

107 3825 184 3884 pore
204 3829 263 3867 suo
281 3808 425 3870 ordinate
444 3818 568 3891 agatur.

206 3913 255 3971 De
277 3913 354 3974 loeis
372 3915 632 3976 monasteriorum
655 3913 709 3973 nel
729 3911 886 3996 aedificiis
908 3909 1129 3994 providendis.

186 4014 434 4082 CCCLXXllI.
474 4020 617 4101 Dignum
635 4039 672 4078 ao
697 4017 912 4078 necessarium
937 4025 983 4077 est
1012 4024 1049 4075 at
1068 4016 1157 4078 Missi
1176 4040 1240 4102 perv

106 4113 251 4181 quaeque
261 4101 331 4161 loca
339 4101 451 4162 directi
462 4102 556 4162 simul
567 4099 809 4182 cumEpiscopis
820 4099 1071 4180 uniuscuiusque
1082 4101 1236 4164 dioecesis

105 4182 299 4262 perspiciant
317 4185 387 4245 loca
410 4185 678 4244 monasteriorum
700 4181 938 4243 canonicorum
962 4187 1083 4264 pariter
1110 4193 1141 4242 et
1163 4185 1233 4253 Mo-

107 4263 292 4344 nachorum‚
314 4265 529 4350 similiterque
545 4266 743 4350 puellarum,
762 4264 792 4325 si
807 4261 840 4322 in
865 4271 939 4345 apto
957 4273 989 4323 et
1002 4284 1146 4346 eetigruo
1162 4266 1234 4331 loco

844 4375 892 4448 37
