2926 4984
196 263 269 342 rso
637 276 924 336 cantutanruu

473 415 522 476 De·
544 415 739 478 Diaconisra
761 417 810 477 vel
831 417 899 476 Deo
920 415 1043 478 deuota.

279 495 536 568 CCCLXXXV.
578 500 612 559 Si
631 499 703 581 quis
720 500 863 581 rapuerit
878 499 930 560 vel
951 499 1173 562 sollicitaverit
1188 499 1241 562 rel
1253 516 1326 562 cor*

184 589 323 672 'ruperit
337 583 519 663 religiosam
537 581 699 656 feminam,
721 581 803 641 bona
827 577 989 642 amborum
1013 581 1158 646 Ecclesia
1177 583 1326 644 vindicet

198 675 232 734 in
249 693 313 752 qua
329 667 400 728 talis
422 662 541 724 mulier
554 660 717 724 habitarit.
741 663 805 745 lpsi
820 672 927 724 tamen
945 665 1074 746 capitali
1089 667 1236 748 periculo
1251 665 1327 728 sub·

199 756 348 818 iciantur.
389 746 530 826 Quodsi
549 745 628 807 baec
646 745 762 807 mulier
781 768 844 808 non
867 748 1047 824 consensit,
1077 772 1150 810 cum
1179 749 1245 809 suis
1268 771 1325 810 re-

197 840 258 902 bus
274 829 460 894 monasterii
481 826 624 888 cautioni
641 829 792 888 tradatur.
834 829 867 889 Si
882 851 959 890 vero
982 830 1101 893 liberos
1120 831 1226 906 habet,
1251 853 1327 910 pars

194 917 342 1004 legitima
359 915 406 976 eis
420 921 611 973 reservetur.
655 912 752 988 Quod
774 910 801 971 si
824 910 907 972 intra
928 933 1047 974 annum
1068 921 1140 996 post
1159 915 1327 996 cognitum

197 1005 262 1064 tale.
285 997 423 1060 scelusd
446 992 604 1074 religiosis
624 993 703 1054 locis
729 1015 793 1052 non
818 995 1010 1069 vindicetur,
1033 997 1149 1056 Comes
1170 997 1235 1057 loci
1261 993 1328 1056 illi·

200 1108 238 1147 us
258 1084 338 1142 baec
357 1087 464 1139 nostro
480 1076 556 1135 fisco
577 1076 712 1136 addicat.
755 1077 789 1137 Si
812 1098 888 1136 vero
906 1079 1020 1138 Comes
1042 1079 1229 1160 provinciae
1248 1079 1327 1139 vin-

198 1168 316 1230 dictam
341 1161 396 1224 tali
424 1157 553 1219 crimini
575 1158 740 1239 imponere
771 1159 968 1240 neglexerit,
990 1159 1115 1222 honore
1144 1159 1271 1240 careat,
1293 1171 1329 1222 et

199 1251 277 1312 duas
290 1247 387 1306 libras
403 1242 477 1302 ‘auri
495 1239 561 1300 fisci
583 1240 703 1300 viribus
727 1241 802 1302 dare
824 1241 1044 1323 compellatur.

511 1346 561 1405 De
587 1345 780 1405 restituendo
811 1349 1010 1407 monasterio.
1034 1349 1038 1360 '

160 1487 167 1508 ,
284 1427 558 1494 ccctxxxvl.
601 1427 729 1488 Nemini
754 1429 878 1510 Regum
905 1439 960 1490 aut
984 1428 1134 1512 cuiquam
1158 1429 1331 1496 bominum

198 1516 232 1578 in
249 1515 415 1598 proprium
434 1513 528 1572 liceat
549 1511 776 1570 monasterium
800 1511 946 1586 tradere,
979 1513 1029 1574 rel
1045 1527 1250 1593 commutare,
1273 1515 1330 1580 rel

198 1619 396 1678 quocunque
418 1587 599 1655 comme'nto
619 1592 769 1652 vendere.
811 1592 879 1653 Hoc
902 1594 996 1655 etiam
1019 1595 1129 1656 divina
1152 1608 1184 1659 et
1204 1607 1331 1679 aposto·

198 1680 261 1740 lica
284 1688 380 1760 atque
398 1675 553 1737 canonica
569 1673 628 1735 sub
654 1674 859 1734 anathematis
884 1698 989 1758 poena
1016 1681 1120 1740 sanxit
1145 1683 1329 1744 auctoritas.

199 1760 297 1838 Quod
322 1760 348 1820 si
369 1761 490 1824 factum
512 1755 620 1830 fuerit,
645 1777 709 1814 non
734 1757 875 1827 valebit;
898 1759 992 1819 sedis
1016 1761 1073 1838 qui
1096 1764 1230 1842 acecpit,
1251 1786 1330 1846 pre-

197 1843 280 1902 tium
295 1841 424 1906 amittat.
465 1842 508 1900 Et
526 1837 584 1921 qui
603 1837 767 1914 distraxit,
789 1840 929 1921 pretium
946 1842 1036 1923 quod
1059 1843 1183 1924 accepit
1202 1843 1236 1903 in
1258 1847 1330 1926 ipso

198 1923 392 1984 monasterio
414 1923 551 1996 amittat,
583 1930 615 1979 et
636 1943 701 1980 una
725 1943 798 1980 cum
824 1923 927 2002 pretio
953 1923 1182 1984 monasterium
1203 1929 1330 2008 perdat,

199 2015 233 2069 et
254 2006 362 2088 ipsum
384 2003 611 2064 monasterium
635 2003 668 2062 in
685 2002 856 2084 pristinum
875 2006 1070 2066 reformetur
1093 2015 1219 2070 statum.

625 2108 674 2167 De
690 2108 910 2186 litigatoribus.

285 2187 577 2254 CCCLXXXVH.
620 2187 657 2250 ln
680 2189 860 2250 civitatibus
875 2189 907 2248 in
925 2189 1042 2271 quibus
1059 2193 1226 2257 Praesides
1240 2220 1317 2276 prae

200 2284 287 2350 sunt,
307 2273 367 2355 ipsi
387 2271 517 2332 audiant
535 2293 655 2347 causas,
673 2293 732 2332 seu
750 2282 783 2332 et
794 2272 997 2338 Defensores.
1041 2275 1107 2352 Qui
1119 2285 1225 2336 autem
1237 2281 1330 2360 Epis·

199 2380 319 2442 copam
344 2356 395 2415 rel
421 2353 608 2415 Sacerdotes
632 2362 687 2412 aut
709 2353 851 2414 Clericus
881 2353 1025 2416 iudicare
1054 2356 1115 2416 sibi
1143 2357 1330 2441 maluerint,

199 2441 263 2504 hoc
285 2458 415 2522 quoque
444 2435 514 2496 fieri
546 2443 638 2511 (uon
653 2441 695 2507 e)
719 2435 944 2518 permittimus.

659 2539 707 2600 De
726 2541 867 2600 scenicis.

286 2621 597 2689 CCCLXXXVlll.
638 2621 760 2705 siquis
784 2643 824 2682 ex
844 2621 980 2684 scenicis
992 2621 1127 2687 svestem
1145 2627 1333 2692 sacerdota—

197 2712 280 2788 lem,
307 2717 362 2767 aut
383 2707 599 2781 monasticam,
620 2705 680 2788 rel⁶
702 2703 846 2764 mulieris
869 2705 1057 2786 religiosae,
1080 2709 1134 2770 vel
1155 2711 1333 2790 qualicun-

196 2815 261 2875 que
285 2789 499 2852 ecclesiastico
519 2797 601 2850 statu
616 2785 755 2848 similem
780 2784 913 2848 indutus
930 2784 1047 2867 luerit,
1069 2793 1228 2874 corporali
1248 2817 1333 2878 poe-

199 2897 259 2936 uae
277 2873 437 2948 subsistat,
460 2880 492 2932 et
514 2869 613 2932 exilio
639 2869 792 2933 tradatur.

386 2977 436 3038 De
456 2975 704 3060 praescriptione
728 2970 937 3056 quandraginta
964 2998 1126 3040 annorum.

285 3057 562 3122 CCCLXXXlX.
603 3058 650 3119 Ne
671 3056 782 3116 decem
798 3057 887 3133 anni,
910 3078 1015 3138 neque
1039 3061 1169 3138 viceni,
1191 3060 1245 3120 vel
1271 3059 1333 3120 tri·-

198 3143 287 3226 'ginta
310 3163 469 3202 annorum
484 3139 692 3222 praescriptio
712 3137 875 3218 religiosis
892 3139 1039 3202 domibus
1061 3155 1253 3224 opponatur,
1276 3145 1335 3204 sed

199 3227 266 3286 sola
285 3224 495 3304 quadraginta
512 3244 670 3282 annorum
691 3221 863 3281 curricula.
905 3221 947 3280 Et
968 3243 1033 3284 non
1054 3227 1159 3286 solum
1177 3226 1211 3285 in
1229 3235 1335 3286 caete·

201 3304 245 3368 ris
261 3305 368 3381 rebus,
391 3304 557 3365 sedetiam
577 3304 610 3362 in
633 3301 744 3385 legatis
761 3311 793 3362 et
807 3301 1047 3366 hereditatibus.

250 3410 291 3472 Ut
307 3431 395 3470 nemo
411 3408 526 3468 audeat
543 3407 734 3490 Episcopum
749 3421 802 3467 aut
819 3408 1032 3480 Sacerdotem,
1046 3412 1101 3470 vel
1121 3409 1289 3483 Clericam,

469 3489 557 3571 apud
577 3490 724 3584 publicos
748 3489 874 3549 Iudices
906 3509 1061 3586 accusare.

202 3570 1335 3742 salcfslbtitt‘tlttttttlttt'ttt'tttttlttt

201 3751 278 3820 mat,
299 3738 356 3800 scd
376 3736 462 3820 apud
478 3735 663 3816 Episcopus.
1130 3757 1137 3767 ·

503 3841 548 3903 De
568 3841 745 3902 absentibus
766 3861 828 3900 non
848 3840 1036 3908 iudicandis.

286 3945 459 4014 CCCXCI.
501 3949 677 4008 Decretum
696 3955 745 4006 est
763 3955 800 4004 ut
819 3945 969 4008 adversus
992 3949 1137 4012 absentes
1160 3974 1224 4013 non
1247 3952 1337 4016 iudi·

203 4045 285 4098 etur.
327 4033 423 4112 Quod
444 4031 471 4094 si
492 4031 613 4091 factum
636 4027 752 4104 fuerit,
775 4027 898 4110 prolata
917 4031 1076 4094 sententia
1095 4055 1159 4096 non
1179 4037 1314 4100 valebit.

207 4139 539 4160 mun-fi

202 4207 205 4212 ’
236 4191 268 4261 e)
286 4189 368 4245 Certe
379 4187 504 4242 tollenda
518 4193 560 4241 est
574 4181 644 4241 brea
662 4180 778 4251 negatio.
812 4179 953 4238 taturus.
1017 4263 1020 4268 ι
