2948 4990
556 333 668 386 arear
697 332 849 394 ιιιιιιιιι
1184 307 1255 400 aab

131 485 205 541 tur·
234 496 330 572 quarn
351 495 418 536 rem
441 472 467 534 si
490 471 617 533 differre
639 433 795 551 voluerit,
817 474 1007 536 sententiam
1029 479 1179 600 suscipiat
1204 463 1266 549 ιιι,

130 557 439 636 communicationis,

215 631 248 701 Si
268 661 349 735 quae
369 660 480 699 causae
500 636 553 697 vel
576 637 798 698 contentiones
822 638 908 698 inter
923 637 1073 703 Clericus
1079 651 1111 702 et
1132 641 1269 719 Laieos,¹
1353 657 1356 663 '

130 733 197 784 tam
220 723 348 783 maioris
372 721 493 782 ordinis
516 741 612 800 quam
639 719 734 778 etiam
747 720 938 810 inferioris,
965 725 1089 786 suerint
1114 734 1254 802 exortae,

129 805 254 885 placuit
273 813 310 864 ut
331 803 509 864 secundum
520 799 694 897 Synodum
714 798 886 863 Nicaenam
914 807 1129 889 congregratis
1155 806 1255 866 omni·

128 889 191 948 bus
213 888 357 948 eiusdem
373 883 567 980 provinciae
592 881 789 965 Episcopis
781 887 920 966 iurgium
944 891 1156 959 terminetur,
1193 910 1254 948 nec

130 971 186 1031 cui
207 969 314 1046 liceat,
335 967 425 1043 (sine
437 965 651 1064 praeiudicio
679 973 785 1026 tamea
810 968 962 1029 ecclesiae
992 972 1173 1046 Romanae,
1201 971 1256 1030 cui

130 1055 167 1114 in
188 1014 337 1112 omnibirs
360 1048 460 1112 causis
485 1049 620 1110 debetur
639 1049 822 1109 reverentia
850 1051 1025 1123 custodiri)
1061 1017 1181 1114 relictis
1203 1053 1255 1114 his

130 1134 358 1196 Sacerdotibus
377 1133 434 1213 qui
458 1130 491 1190 in
516 1130 628 1192 eadem
648 1129 816 1210 provincia
833 1132 894 1193 Dei
916 1135 1074 1196 Ecclesiae
1096 1145 1184 1194 motu
1203 1135 1255 1196 di-

131 1219 209 1279 vino
215 1216 437 1312 gubernant,
460 1213 500 1273 ad
523 1212 600 1272 alias
627 1213 796 1274 convolare
818 1215 1022 1296 provincias,
1046 1217 1097 1278 vel
1120 1217 1255 1276 aliarum

128 1299 372 1393 provinciarum
389 1295 620 1388 Episcoporum
637 1291 792 1354 iudicium
809 1298 918 1392 expeti
940 1298 992 1356 vel
1012 1299 1090 1380 pati,
1111 1299 1173 1360 nisi
1164 1300 1255 1358 fue-

129 1382 173 1440 rit
187 1389 402 1461 provocatum.
420 1376 580 1472 ‚Qd'
554 1398 593 1436 sr
591 1377 670 1458 quis
688 1381 944 1460 praesumpserit,
967 1389 999 1438 et
1011 1381 1048 1440 ab
1067 1381 1173 1442 olficio
1191 1383 1257 1442 cle·⁴

130 1464 160 1523 ri
183 1463 344 1548 depositus
366 1468 400 1520 et
418 1457 608 1518 iniuriarum
625 1477 700 1518 reus
719 1459 758 1517 ab
773 1461 918 1521 omnibus
941 1461 1110 1528 iudicetur

213 1544 247 1605 Si
269 1552 374 1602 autem
389 1542 524 1601 maiores
544 1562 655 1618 causae
679 1538 712 1598 in
740 1543 846 1602 medio
871 1543 997 1602 fuerint
1012 1544 1197 1620 devolutae,
1214 1545 1255 1605 ad

130 1627 247 1688 Sedem
267 1623 481 1720 apostolicam,
492 1616 528 1681 ut
548 1613 814 1702 sanctasynodus
833 1625 953 1685 statuit
961 1634 993 1685 et
1007 1626 1080 1686 beat
1068 1637 1099 1686 ta
1114 1647 1253 1688 consue-

128 1710 209 1770 tudo
227 1708 343 1789 exigit,
365 1727 423 1787 per
442 1705 598 1766 iudicium
617 1705 795 1787 episcopale
810 1709 978 1767 referatur.

206 1752 464 1852 Prudentissime
482 1787 717 1868 iustissimeque
736 1788 862 1850 decreta
877 1779 1270 1884 NicaeniConcilii,s1re

128 1872 291 1949 Africani,
322 1871 536 1931 decreverunt
554 1888 766 1965 quaecunque
789 1871 917 1967 negotia
943 1871 977 1931 in
1000 1871 1064 1931 suis
1091 1873 1170 1934 locis
1193 1873 1252 1933 ubi

130 1963 200 2014 orta
220 1963 311 2029 sunt,
334 1952 496 2023 finienda;
513 1953 663 2012 maxime
687 1949 763 2030 quia
782 1954 964 2047 unicuique
983 1973 1168 2018 concessum
1186 1965 1251 2035 est,

129 2059 156 2097 ιι
147 2036 296 2096 iudicio
311 2033 448 2096 offensus
464 1996 562 2093 fierit
583 2033 795 2117 cognitorum,
811 2036 851 2096 ad
863 2034 1010 2100 Consilia
1032 2057 1106 2098 suae
1122 2000 1255 2120 provini

130 2118 198 2179 ciac
222 2117 387 2179 ueletiam
405 2116 585 2178 universale
607 2136 790 2199 provocare.

211 2201 342 2262 Servata
355 2219 436 2278 quae
452 2197 568 2280 scripta
590 2208 637 2258 est
652 2199 692 2259 de
710 2198 992 2279 gubernationibus
1009 2203 1131 2296 regula,
1153 2203 1253 2262 mani-

128 2283 248 2342 festum
263 2291 311 2347 est
331 2281 418 2362 quod
437 2281 493 2341 illa
508 2301 589 2360 quae
605 2289 679 2341 sunt
694 2300 752 2362 per
767 2301 1023 2378 unamquamque
1040 2285 1251 2365 provinciam,

130 2363 229 2446 ipsius
246 2363 432 2446 provinciae
456 2363 597 2444 synodus
616 2363 787 2446 dispensat,
805 2364 890 2427 sicut
904 2366 1045 2428 Nicaeno
1062 2375 1184 2427 constat
1198 2367 1254 2426 de-

129 2456 254 2508 cretum
277 2466 343 2506 esse
364 2445 522 2510 Concilio

140 2559 143 2564 ·
210 2529 243 2589 Si
260 2528 331 2610 quis
351 2527 528 2622 Episcopus
548 2545 645 2621 super
673 2526 767 2588 certis
796 2538 961 2622 accusatur
983 2527 1190 2612 criminibus,
1213 2527 1252 2586 ab

128 2611 277 2672 omnihus
289 2609 440 2670 audiatur
456 2609 510 2670 vel
520 2608 681 2668 iudicetur
697 2609 753 2688 qui
767 2609 886 2669 suntin
901 2633 940 2692 pr
941 2631 1066 2670 ovrncra
1076 2609 1251 2703 Episcopis.

211 2695 432 2771 Quaecunque
450 2701 525 2752 sunt
543 2690 584 2750 ad
604 2689 771 2770 religionis
789 2693 1024 2752 observantiam
1043 2691 1251 2775 pertinentia,

126 2775 207 2837 locis
225 2775 290 2836 suis
312 2783 344 2834 et
365 2795 382 2832 a
400 2795 475 2834 suae
496 2773 676 2834 dioeceseos
698 2772 827 2854 synodis
846 2774 1027 2840 audiantur

209 2859 428 2951 Unaquaeqpe
444 2854 611 2950 provipcia
633 2874 689 2915 suo
707 2855 954 2954 Metropolitano
969 2866 1000 2916 et
1020 2857 1084 2918 suis
1102 2877 1250 2940 compro-

95 2989 98 2994 .
126 2938 321 3003 vincialibus
340 2937 506 3033 Episcopis
523 2937 564 2998 sit
584 2944 742 3000 contenta

209 3020 398 3080 Maledictus
420 3020 522 3080 omnis
539 3018 593 3100 qui
616 3020 766 3078 transfert
789 3017 941 3081 terminos
961 3020 1098 3102 proximi
1118 3021 1176 3081 sui.
1199 3021 1254 3087 Et

126 3103 215 3164 dicet
241 3103 343 3162 omnis
361 3102 515 3184 populus:
545 3101 653 3165 Amen.
693 3101 735 3160 Et
758 3103 893 3182 reliqua
1170 3119 1171 3124 ¹

210 3184 276 3261 Qui
300 3194 376 3244 sunt
400 3205 495 3264 supra
513 3183 685 3243 dioecesim
703 3181 872 3265 Episcopi,
895 3205 1126 3278 nequaquam
1120 3184 1158 3244 ad
1185 3187 1250 3254 Ec·
1255 3213 1256 3216 ¹

126 3267 239 3328 clesias
263 3287 345 3347 quae
371 3274 448 3326 sunt
467 3274 556 3324 extra
577 3265 732 3346 praefixos
757 3266 817 3326 sibi
837 3267 989 3328 terminos
1004 3271 1167 3345 accedant,
1190 3290 1251 3329 nec

126 3372 180 3411 eas
201 3348 309 3429 aliqua
332 3347 591 3430 praesumptione
613 3347 824 3408 confundant.

206 3431 278 3490 Non
301 3439 427 3512 oportet
447 3429 612 3489 transferri
628 3427 811 3489 terminos
801 3453 818 3490 a
837 3428 983 3492 Patribus
1005 3433 1202 3507 constitutos,
1216 3420 1253 3492 ut
1343 3497 1345 3500 ,

126 3514 211 3573 alter
240 3511 371 3572 alterius
399 3510 582 3593 parochiam
603 3511 752 3588 invadat,
773 3522 867 3606 atque
888 3512 956 3572 illic
980 3515 1141 3596 celebrare
1168 3515 1251 3574 divi

127 3619 169 3656 ιιιι
192 3593 351 3678 mysterii,
368 3593 553 3655 inconsulto
564 3593 722 3696 Episcopo
738 3591 790 3653 cui
805 3595 969 3698 commissa
981 3605 1037 3673 est,
1058 3605 1247 3700 praesumat

147 3729 197 3804 Ειι
222 3722 378 3804 Capitulis
401 3720 518 3818 Domni
543 3719 656 3782 Karoli
681 3721 777 3803 Regis
801 3743 884 3781 anno
904 3723 997 3804 regni
1020 3725 1088 3783 eius
1111 3747 1152 3784 ιι.
1176 3744 1230 3782 ac-

170 3810 220 3872 tis.
259 3807 309 3866 'De
328 3807 377 3864 ln‘s
401 3824 456 3886 que
450 3801 562 3883 infra
586 3824 712 3882 regnum
731 3805 797 3863 sine
818 3805 953 3878 iussione
974 3805 1130 3890 dorninzcu
1149 3827 1208 3888 per

477 3889 543 3946 aim
571 3884 695 3968 aliquid
713 3882 882 3967 rapuerint.

214 4001 472 4066 CCCLXXXII.
514 4001 548 4060 Si
570 3999 651 4095 quis
648 3999 694 4059 in
720 4000 884 4078 exercitu,
905 4002 988 4062 infra
1014 4022 1158 4082 regnum,
1180 4001 1249 4065 sine

111 4087 270 4148 iussione
289 4085 459 4161 dominica,
480 4104 539 4164 per
557 4083 634 4144 rim
653 4081 803 4145 hostilem
829 4047 953 4164 aliiquid
968 4083 1116 4164 praedari
1136 4086 1250 4146 volue-

127 4171 182 4246 rit,
213 4177 268 4230 aut
291 4170 423 4228 foenum
447 4166 575 4242 tollere,
598 4173 652 4224 aut
676 4185 820 4246 granum,
842 4166 910 4226 sive
924 4187 1041 4246 pecora
1060 4165 1188 4242 maiora
1199 4169 1251 4227 rel

128 4251 440 4333 minoru,domusque
455 4249 638 4330 infrangere
657 4248 709 4310 vel
725 4247 911 4352 incendere,
936 4247 1066 4310 haecne
1082 4243 1169 4310 fiam
1188 4272 1251 4312 om-
1274 4269 1276 4276 ’
