2948 4990
203 315 278 394 614
613 339 902 400 canrocsaron

408 505 457 566 De
470 505 589 566 iniuria
607 503 759 589 Episcopi
779 517 810 568 et
830 505 948 568 letania
963 487 1128 568 'subversa

285 607 434 676 CXXIX.
478 609 599 694 Siquis
618 611 779 697 Episcopo
801 612 853 674 vel
878 610 950 675 aliis
970 609 1127 673 Ministris
1155 609 1241 671 intra
1266 610 1333 672 Ec-

203 691 335 756 clesiam
351 691 503 754 iniuriam
520 695 655 774 fecerit,
684 695 830 757 iubemus
857 716 931 757 eum
955 693 1123 756 tormentis
1150 693 1333 755 subiectum

203 773 237 836 in
256 775 356 836 exilio
372 775 462 841 mori.
507 775 572 839 Sed
594 787 626 838 et
643 778 670 840 si
686 777 754 860 ipsa
774 787 881 840 sancta
899 779 1037 840 oratoria
1056 777 1110 839 vel
1137 775 1249 836 divina
1271 777 1332 835 mi-

202 857 335 920 nisteria
348 857 601 937 conturbaverit,
622 861 675 923 vel
697 863 851 924 letaniam
871 862 1035 936 everterit,
1058 857 1187 941 capitali
1204 861 1332 940 pericu·

202 941 236 1002 lo
253 939 425 1003 subiaceat.
447 939 505 1002 sin
526 953 634 1005 autem
654 946 883 1006 contumeliam
900 954 1024 1007 tautum
1042 941 1167 1020 fecerit,
1186 949 1331 1002 tormen-

202 1023 244 1086 tis
267 1033 298 1086 et
317 1025 417 1086 exilio
436 1023 589 1094 tradatur.

201 1125 378 1212 Nefidelcs
395 1149 438 1192 eo:
447 1132 582 1228 proprio
601 1133 868 1216 consanguinitate
891 1153 1010 1196 uxores
1034 1131 1150 1193 ducant
1157 1155 1170 1201 ,·
1201 1151 1258 1191 nec
1282 1129 1333 1190 illi

200 1211 257 1297 qui
283 1208 403 1272 dudum
432 1213 558 1274 ιηὶιιιηισ
592 1227 782 1300 nupserant,
817 1218 884 1276 sine
906 1214 1119 1278 benedictione
1146 1212 1332 1276 Sacerdotis

590 1299 706 1361 nubere
727 1309 940 1382 praesumant.

283 1401 412 1466 CXXX.
453 1402 628 1468 Christiani
646 1428 687 1470 ex
709 1407 824 1490 propin
850 1405 949 1468 nitate
971 1405 1022 1468 sui
1038 1403 1203 1488 sanguinis
1229 1424 1331 1487 usque

201 1480 242 1542 ad
263 1484 433 1565 septimum
452 1489 553 1569 gradu
572 1489 735 1552 connubia
752 1511 818 1551 uon
828 1427 966 1560 duonum
997 1510 1103 1571 neque
1133 1487 1202 1548 siue
1227 1485 1333 1550 bene·

200 1564 345 1658 (fictione
363 1569 555 1650 Sacerdotis,
576 1572 634 1655 qui
652 1584 726 1634 aute
743 1573 873 1654 innupti
890 1582 982 1634 erant
1000 1573 1123 1632 nubere
1140 1569 1290 1630 audeant

392 1675 440 1734 De
460 1698 524 1737 non
544 1679 734 1762 recipiendis
757 1679 867 1752 alicnis
887 1678 1127 1764 poenitentibus.

281 1752 437 1822 CXXXI.
479 1761 544 1836 Qui
563 1783 621 1843 pro
639 1761 758 1825 delicto
772 1783 829 1825 sno
846 1784 865 1821 a
886 1761 1113 1824 communione
1132 1767 1333 1839 separantur,

197 1833 323 1977 placuit
341 1846 376 1898 ut
402 1839 435 1897 in
455 1843 706 1928 quibuscunque
723 1845 803 1908 locis
833 1847 964 1906 fueraut
982 1840 1128 1920 exclusi,
1150 1841 1185 1904 in
1211 1839 1334 1904 eisdem

213 1920 279 1982 ocis
294 1922 555 1984 communionem
571 1937 818 2010 consequantur.

206 2023 249 2087 Ut
273 2046 337 2086 non
369 2025 462 2087 liceat
487 2027 642 2091 clericum
662 2034 717 2094 vel
733 2034 923 2094 Monachum
945 2034 1011 2094 sine
1028 2031 1160 2119 epistola
1179 2029 1335 2116 Episcopi

643 2117 692 2175 sui
703 2115 879 2202 proficisci.

284 2213 450 2280 CXXXII.
493 2217 629 2280 Clericis
646 2219 872 2286 velMonacbis
885 2222 956 2285 siue
974 2217 1245 2284 commendatitiis
1267 2217 1335 2302 epi·

201 2295 291 2360 stolis
312 2300 463 2385 Episcopi
481 2302 531 2362 sui
549 2301 684 2361 licentia
700 2323 765 2362 non
781 2314 889 2386 pateat
902 2305 1069 2387 evagandi.

488 2407 537 2467 De
562 2405 688 2467 dotibus
707 2421 739 2468 ct
749 2410 893 2550 publicis
921 2412 1047 2493 nscptiis.

286 2486 475 2551 CXXXIII.
517 2488 651 2548 Nullum
666 2489 735 2550 sine
772 2503 822 2551 ote
834 2492 887 2554 fiat
903 2492 1092 2576 coniugium
1099 2513 1182 2565 ;·nec
1195 2491 1266 2554 siue
1276 2513 1324 2574 pn

201 2571 298 2636 blicis
316 2571 437 2651 nuptiis
458 2569 768 2656 quisquamnubere
785 2584 974 2654 praesumat.

285 2679 334 2736 De
353 2676 443 2736 rebus
463 2675 624 2737 Ecclesiae
645 2679 757 2739 oblatis
774 2677 1016 2756 asstfroudctis,
1042 2681 1091 2742 vel
1110 2683 1250 2744 retentis.

287 2756 471 2825 CXXXIV.
513 2758 547 2819 Si
575 2759 648 2841 quis
675 2761 896 2841 cuiuscunque
929 2765 1121 2825 munuscula
1147 2762 1333 2838 Ecclesiae,

205 2841 323 2903 sanctis
344 2841 574 2922 scripturarum
594 2843 699 2904 titulis
712 2844 856 2920 conlata,
880 2843 1002 2903 nefaria
1024 2846 1199 2906 calliditate
1222 2846 1333 2906 abstu-

205 2924 292 3002 lerit,
309 2923 517 3002 fraudaverit,
536 2925 700 3004 invaserit,
720 2926 939 3003 retentaverit,
962 2935 1057 3006 atque
1070 2928 1278 3007 subrepserit,
1301 2935 1333 2984 et

205 3027 270 3065 non
287 3007 393 3068 statim
407 3029 424 3064 a
447 3007 617 3070 Sacerdote
639 3009 850 3070 commonitus
877 3011 947 3070 Deo
976 3010 1102 3069 conlata
1133 3007 1332 3080 reddiderit,

207 3089 245 3147 ab
259 3088 425 3148 Ecclesiae
449 3091 626 3154 catholicae
652 3093 878 3154 communione
903 3091 1054 3177 pellatur.
1098 3091 1235 3184 Capital-
1267 3087 1330 3151 Hs·

203 3170 422 3250 amic&
1210 3187 1240 3256 χ

212 3279 263 3342 Ut
278 3300 367 3340 nemo
389 3293 439 3339 res
464 3277 644 3352 Ecclesiae,
666 3282 730 3342 nisi
742 3282 796 3340 cui
807 3281 874 3340 iure
890 3280 1061 3354 delectam,
1086 3282 1123 3342 in
1143 3276 1331 3367 quibuslibet

306 3361 484 3440 regionibns
502 3364 696 3424 coniocentes
715 3375 889 3446 competere
907 3362 1022 3424 audeat
1044 3365 1100 3424 vel
1120 3379 1235 3429 tenere.

289 3465 453 3532 CXXXV.
495 3471 537 3527 Ut
554 3468 663 3530 nullus
676 3469 924 3552 Episcoporum,
946 3477 1001 3528 aut
1018 3469 1191 3532 cuiuslibet
1210 3374 1407 3646 aa&

208 3553 374 3628 Clericus,
405 3551 458 3610 vel
477 3550 539 3609 alia
569 3573 782 3633 quaecunque
807 3573 960 3634 persona,
992 3551 1191 3634 quibuslibet
1218 3563 1350 3623 condi-

208 3636 364 3710 tionibus,
385 3656 442 3694 seu
459 3633 491 3690 in
514 3655 580 3693 uno
598 3656 698 3716 regno
714 3655 771 3693 seu
790 3633 823 3694 in
847 3633 911 3694 alio
926 3634 1054 3716 positas,
1077 3635 1208 3699 alterius
1229 3643 1352 3706 cuius„

209 3739 338 3800 cunque
356 3716 521 3778 Ecclesiae
540 3738 590 3776 res
605 3729 658 3776 aut
678 3725 764 3798 petat
779 3726 832 3777 aut
845 3727 1025 3798 praesumat
1039 3717 1194 3799 accipere.
1237 3723 1352 3800 Quod
1414 3789 1421 3808 .

203 3803 236 3864 ,si
250 3799 385 3876 fecerit,
407 3799 528 3859 tamdiu
548 3797 704 3860 habeatur
724 3821 741 3856 a
765 3799 990 3860 communione
1006 3799 1189 3878 Ecclesiae,
1220 3807 1273 3866 vel
1295 3809 1349 3872 ah
1418 3810 1432 3862 t

208 3886 352 3947 omnium
370 3885 502 3943 fratrum
516 3903 552 3941 ac
568 3881 709 3942 filiorum
729 3883 860 3943 caritate
876 3903 1058 3962 suspensus,
1080 3883 1183 3945 donec
1202 3887 1353 3967 ipseEe.
1439 3911 1440 3914 ¹

210 3967 326 4032 etesiae
340 3967 432 4028 cuius
452 3966 574 4034 directo
588 3965 701 4029 ordine
722 3965 801 4028 iuris
826 3975 874 4028 est
900 3964 1003 4031 ablata
1025 3965 1150 4047 legibus
1179 3969 1350 4039 restituat.
1424 3947 1460 4059 N

210 4050 293 4114 Ilici.
307 4071 333 4115 c.
346 4073 374 4132 7.

210 4160 266 4223 De
283 4158 330 4216 lis
344 4158 400 4240 qai
406 4155 578 4238 facultates
597 4153 755 4216 Ecclesiae
766 4154 924 4236 delegatas
939 4152 1088 4234 auserunt
1100 4157 1154 4216 vel
1170 4172 1345 4228 retentant.
1456 4171 1460 4202 a

294 4261 482 4330 CXXXVI.
524 4264 571 4327 lle
591 4263 644 4326 cni
662 4262 762 4344 liceat
772 4281 823 4325 res
842 4262 894 4327 vel
911 4261 1075 4326 facultates
1085 4263 1248 4344 Ecclesiis,
1277 4280 1346 4337 sut

1372 4637 1460 4860 χι
