2926 4984
534 293 854 364 urnmcmurus.
1173 283 1245 358 eto

116 434 237 502 seclusi
252 435 402 516 fuerant,
423 453 483 519 per
499 454 612 498 manus
629 437 865 520 impositionem
883 437 1082 522 recipiantur
1101 441 1141 502 ad
1158 464 1248 505 com.

115 521 317 582 munionem.
357 519 424 582 Nec
441 539 474 579 se
496 520 666 600 quisquam
688 521 705 580 l
725 521 865 603 peccatIs
894 520 1073 583 absolutum
1099 523 1168 586 sinc
1193 548 1248 586 rc-

116 600 341 664 conciliatoria
360 621 471 664 manus
489 601 692 682 impositione
712 603 835 672 credat;
857 603 914 663 scd
937 625 997 686 per
1015 627 1127 666 manus
1150 608 1249 690 impo-

116 684 270 745 sitionem
290 683 439 824 precibus
465 683 671 744 sacerdotum
697 683 947 762 reconcilietur,
968 687 1052 748 sicut
1078 690 1247 754 auctoritas

116 766 216 827 habet
236 785 291 825 ecc
308 765 460 826 esiastica.

120 861 170 932 Ne
185 873 218 930 in
232 869 372 1014 copfnio
385 871 495 930 mortis
506 871 699 953 poenitencia
713 871 967 934 reconciliatione
983 874 1101 936 diutius
1118 899 1248 959 suspen·

119 953 225 1012 datur.
298 965 311 1011 t
330 965 362 1010 ut
378 954 495 1013 oblatio
515 954 581 1011 eius
598 954 652 1035 qui
668 956 847 1036 poenitens,
869 955 999 1016 necdum
1017 961 1248 1034 reconciliatur,

285 1032 325 1092 de
349 1035 405 1094 hac
431 1036 500 1093 vita
521 1035 654 1110 exierit,
677 1035 715 1094 ab
738 1035 883 1097 Ecclesia
902 1036 1081 1121 recipiatur.

204 1111 341 1180 CXXX.
384 1115 449 1192 Qui
462 1116 695 1197 poenitentiam
711 1115 742 1174 in
760 1119 869 1179 mortis
898 1119 961 1201 agit
987 1121 1152 1203 periculo,
1182 1145 1251 1188 nou-

120 1195 283 1258 diutiued
304 1197 577 1258 reconciliationis
594 1199 694 1278 gratia
708 1198 903 1262 differendus
928 1210 983 1262 est.
1033 1205 1097 1266 Sed
1122 1206 1148 1266 si
1171 1227 1249 1289 pro·

119 1281 206 1340 fecto
227 1281 337 1340 mortis
354 1288 448 1362 urget
467 1279 667 1359 periculum,
689 1281 888 1362 poenitentia
904 1305 963 1364 per
981 1305 1094 1347 manus
1118 1288 1251 1369 imposi-

118 1363 245 1422 tionem
265 1371 411 1444 accepta,
434 1361 539 1420 statim
554 1371 586 1421 ct
601 1362 821 1423 reconciliatio
840 1364 1021 1425 adhibenda
1039 1378 1105 1447 est,
1128 1392 1168 1431 ne
1186 1371 1252 1453 pri·

119 1465 158 1504 us
183 1445 221 1503 ab
242 1439 391 1503 humanis
412 1443 508 1503 rebus
530 1465 625 1526 aeger.
646 1442 814 1522 abscedat,
838 1467 934 1527 quam
960 1447 1081 1511 donum
1106 1451 1252 1514 reconci-

118 1525 265 1586 liationis
284 1526 439 1607 accipiat,
460 1523 572 1605 sicque
588 1525 814 1607 superstitibus
829 1530 1017 1610 2)'quodam
1044 1533 1139 1594 modo
1157 1535 1253 1595 dolo-a

119 1607 165 1668 ris
185 1608 315 1669 ridetur
334 1629 400 1669 esse
418 1616 626 1690 perpetuum,
647 1606 674 1668 si
692 1611 869 1688 praecisum
897 1611 935 1670 ab
960 1611 1123 1678 Ecclesiae
1149 1635 1255 1678 memet
1333 1610 1337 1617 ’

120 1689 188 1751 bris
205 1711 279 1749 eum
297 1690 353 1772 qui
370 1690 483 1770 utique
499 1689 774 1751 reconciliationis
792 1712 856 1751 uon
877 1691 995 1753 meruit
1009 1697 1159 1777 gratiam,
1182 1720 1254 1781 rap·

121 1772 180 1832 tim
202 1771 392 1853 inpraesenti
416 1772 481 1832 vita
499 1771 609 1832 mortis
634 1780 747 1831 natura
769 1773 966 1840 subduxerit.
1017 1779 1131 1856 Unde,
1161 1779 1252 1842 iuxta

120 1855 226 1934 Papae
243 1854 361 1914 Leonis
376 1853 537 1934 edictum,
559 1852 610 1914 his
634 1853 691 1935 qui
713 1853 910 1937 intempore
940 1861 1135 1921 necessitatis
1160 1873 1192 1922 et
1216 1863 1257 1922 im¹
1314 1936 1317 1940 Ι

120 1934 262 2017 periculi
283 1935 427 2017 urgentis
442 1935 593 1995 instantia
610 1933 806 2017 praesidium
829 1936 1045 2018 poenitentiae
1063 1953 1094 2004 et
1109 1965 1184 2004 mox
1197 1966 1256 2006 re··

120 2017 360 2079 conciliationis
378 2017 557 2077 remedium
573 2017 765 2098 implorant,
789 2039 848 2079 nec
869 2020 1039 2085 satisfactio
1057 2025 1253 2087 interdicen-

122 2100 164 2159 da
186 2107 252 2176 est,
276 2121 336 2161 nec
361 2099 582 2160 reconciliatio
604 2101 807 2180 deneganda;
830 2101 904 2182 quia
933 2101 1170 2169 misericordiae
1192 2109 1254 2172 Det

122 2202 184 2242 nec
209 2201 372 2242 mensuras
392 2203 557 2264 possumus
583 2203 721 2264 ponere,
737 2192 809 2242 'neo
831 2193 973 2266 tempora
1003 2189 1148 2256 definire.
1202 2193 1253 2253 De

120 2263 173 2323 his
190 2273 297 2322 autem
312 2265 369 2345 qui
387 2261 729 2345 acceptapocnitentia
748 2273 920 2346 antequam
934 2273 1197 2349 reconcilientur,
1214 2273 1255 2338 ab

120 2345 183 2404 hac
205 2344 269 2404 vita
294 2347 507 2421 recesserint,
530 2366 722 2426 quamquam
749 2345 913 2408 diversitas
937 2364 1180 2434 praeceptorum
1213 2355 1252 2416 de

119 2427 185 2487 hoc
202 2427 343 2508 capitulo
364 2428 535 2505 habeatur,
559 2427 690 2487 illorum
709 2435 813 2487 tamen
837 2430 928 2491 nohis
949 2436 1109 2494 sententia
1130 2436 1256 2516 placuit

120 2503 198 2590 qui,
221 2509 415 2590 multiplices
446 2531 599 2586 numero,
630 2509 669 2568 de
695 2506 878 2570 huiusmodi
905 2511 1075 2576 humanius
1098 2517 1253 2578 ‹tuerere-

119 2600 223 2669 runt,
246 2601 281 2650 nt
300 2601 331 2650 et
349 2591 500 2652 memoria
522 2591 635 2650 talium
651 2591 684 2649 in
694 2589 850 2652 Ecclesiis
866 2598 1128 2674 commendetur,
1151 2609 1184 2659 et
1200 2597 1259 2658 obs

120 2673 201 2734 latio
224 2695 284 2756 pro
305 2695 415 2734 eorum
432 2674 577 2734 dedicata
592 2672 756 2754 spiritibus
773 2675 957 2758 accipiatur.

184 2779 233 2839 De
250 2779 443 2855 Presbyteris
465 2778 520 2836 ocl
543 2778 736 2838 Diaconibus
754 2780 897 2857 graviori
921 2803 1008 2844 noxa
1028 2787 1190 2846 convictis.

207 2859 363 2922 CXXXl.
399 2861 486 2936 ¹Item
511 2859 733 2921 confirmatum
750 2871 797 2926 cst
817 2870 852 2919 ut
868 2862 893 2924 si
917 2865 1047 2943 quando
1069 2865 1254 2950 Presbyteri

120 2943 176 3006 vel
204 2942 341 3002 Diaconi
358 2943 391 3002 in
408 2943 516 3023 aliqua
533 2943 678 3024 graviore
697 2943 791 3024 culpa
812 2945 953 3005 convicti
968 2947 1102 3025 luerint,
1121 2972 1184 3030 qua
1200 2973 1255 3015 eos

120 3029 140 3087 a
154 3023 335 3085 ministerio
354 3045 483 3086 necesse
501 3024 542 3085 sit
555 3025 727 3101 removeri,
742 3045 806 3085 non
825 3025 869 3085 eis
880 3049 1002 3105 manus,
1016 3037 1168 3112 tanquam
1179 3055 1259 3114 poe·

121 3108 301 3170 nitentibus
321 3107 373 3170 vel
391 3115 541 3188 tanquam
558 3105 707 3166 fidelihus
720 3105 822 3180 laicis,
836 3105 1026 3189 imponatur.
1048 3115 1161 3193 Neque
1179 3110 1256 3196 per-u

78 3225 80 3228 ·
121 3191 317 3251 mittendum
335 3198 370 3249 ut
381 3187 573 3270 rebaptizati
590 3188 629 3249 ad
651 3187 821 3248 clericatus
840 3190 972 3270 gradum
995 3207 1255 3278 promoveantur,

141 3297 192 3356 De
213 3297 444 3380 poenitentibus
461 3295 515 3376 qui
528 3315 570 3356 coc
589 3293 1037 3380 grauioribus‘levioribusque
1058 3305 1230 3366 commissis

505 3375 729 3459 poenitentiam
747 3389 866 3455 gerunt.

205 3456 380 3520 CXXXII.
402 3459 450 3517 De
470 3455 711 3540 poenitentibus
725 3456 782 3536 qui
803 3458 870 3518 sive
892 3480 931 3520 ex
954 3463 1151 3544 gratioribus
1164 3491 1254 3532 com.

120 3540 224 3601 missis
244 3542 310 3602 siue
329 3540 561 3601 celerioribus
578 3538 958 3622 poenitentiamgerunt,
981 3545 1008 3605 si
1030 3548 1124 3607 nulla
1153 3551 1256 3613 inter.

120 3623 231 3684 veniat
247 3623 434 3704 aegritudo,
456 3623 568 3704 quinta
590 3619 671 3680 feria
702 3629 775 3680 ante
806 3621 926 3684 Pascha
951 3626 997 3688 eis
1024 3630 1255 3698 remittendum

119 3705 454 3766 RomanaeEcclesiae
470 3702 669 3764 consuetudo
686 3703 888 3765 demonstrat.
900 3707 1070 3772 Caeterum
1083 3712 1123 3773 de
1133 3716 1256 3794 ponde.

119 3808 154 3846 re
172 3788 368 3847 aestimando
380 3787 571 3847 delictorum
588 3784 766 3845 Sacerdotis
777 3786 987 3868 estiudioare,
1003 3801 1039 3852 ut
1051 3793 1205 3856 adtendat
1215 3799 1258 3864 ad

120 3869 360 3930 consessionem
371 3867 569 3952 poenitentis
584 3876 617 3926 et
633 3865 672 3926 ad
690 3865 784 3926 fletus
803 3877 899 3949 atque
918 3870 1072 3956 lacrymas
1088 3878 1258 3958 corrigen-

119 3951 161 4014 tis
179 3972 216 4010 ac
231 3962 300 4011 tum
316 3951 427 4011 iubere
444 3948 562 4011 dimitti
578 3969 652 4008 eum
667 3947 784 4007 viderit
801 3971 975 4032 congruam
994 3954 1254 4024 satisfactionem

118 4036 204 4095 Sane
219 4034 324 4116 siquis
343 4033 576 4115 aegritudinem
588 4030 749 4107 inciderit,
764 4039 860 4112 atque
878 4053 979 4117 usque
995 4037 1258 4122 desperationem

151 4223 184 4295 a)
204 4220 238 4276 al·
264 4238 322 4277 mss.
339 4221 523 4298 ,supprestibus
533 4239 544 4290 ,-
561 4221 767 4293 submonitum
788 4223 934 4296 prostitui.

999 4327 1052 4404 34
