2926 4984
212 299 286 374 520
637 329 923 392 carrrucarrun

230 463 296 526 Dc.
307 465 540 550 conspiratione
558 467 750 536 clericorum
762 470 818 532 cel
824 469 1053 533 Monacbornm
1068 487 1122 529 sen
1136 466 1313 533 Moerum.

292 565 407 634 LXXI.
449 575 530 635 Item
545 574 577 635 iu
594 559 706 638 eodem
725 577 884 654 Concilio,
907 586 942 636 nt
960 597 1021 637 nec
1037 573 1168 652 Clerici,
1187 595 1248 634 nec
1262 575 1334 634 Mo-

212 649 320 727 nacbi,
343 675 402 716 uec
419 654 507 718 Laici
531 659 797 741 conspirationem
814 658 865 721 vel
885 657 1016 721 insidias
1036 666 1147 718 contra
1169 657 1334 718 Pastorem

209 751 305 794 ouum
324 736 452 798 faciant.
493 738 578 801 Ihid.
596 757 622 802 c.
640 763 687 823 29.

410 845 463 906 Dc
479 842 555 926 fide
583 859 705 906 sanctae
729 847 894 908 Trinitatis
912 843 1140 932 praedicanda.

292 949 419 1010 LXXII.
463 949 667 1012 InConcilio
689 950 941 1035 Carthaginensi.
983 951 1091 1015 Primo
1111 951 1255 1012 omnium
1271 973 1332 1012 ne-

212 1051 299 1092 cesse
323 1039 425 1091 estut
448 1032 526 1093 fides
549 1043 674 1094 sanctae
696 1035 872 1112 Trinitatis,
897 1044 929 1095 et
946 1033 1175 1096 incarnationis
1198 1033 1330 1112 Christi,

210 1111 383 1194 passionis,
410 1114 654 1177 resurrectionis
677 1126 709 1177 et
731 1115 926 1180 ascensionis
954 1117 988 1177 in
1010 1115 1138 1194 coelos,
1159 1115 1333 1200 diligenter

211 1193 358 1256 omnibus
378 1198 591 1279 praedicetur.
635 1197 717 1259 ibid.
739 1220 766 1265 c.
786 1201 836 1260 52.

456 1303 505 1362 Dc
523 1305 571 1362 bis
589 1306 645 1388 qni
657 1325 689 1363 se
702 1318 888 1366 convertunt
909 1305 954 1366 ad
971 1305 1079 1372 Deum.

292 1409 437 1472 LXXIII.
479 1410 560 1470 Item
580 1410 614 1470 in
639 1412 763 1491 eodem,
787 1411 825 1473 de
839 1411 890 1472 his
911 1411 968 1492 qni
989 1411 1020 1470 in
1040 1410 1187 1493 periculo
1211 1411 1332 1473 consti·

209 1494 272 1554 tuti
293 1501 380 1568 sunt,
400 1502 430 1552 et
447 1500 640 1554 convertunt
660 1515 693 1554 sc
712 1493 752 1554 ad
772 1495 887 1570 Deum,
909 1503 945 1552 ut
960 1492 1114 1554 canonice
1128 1493 1335 1574 inquirantur

210 1574 250 1637 de
275 1573 551 1653 reconciliatione,
571 1584 602 1636 et
617 1574 770 1637 canonice
791 1576 1054 1640 reconcilientur.
1104 1575 1188 1638 Ibid.
1208 1597 1236 1636 c.
1255 1577 1305 1654 54.

401 1681 450 1740 Dc
466 1683 513 1740 bis
531 1683 586 1764 qni
598 1703 661 1743 non
682 1695 754 1742 sunt
774 1681 871 1744 bonae
885 1683 1143 1746 conversationis.

291 1784 445 1848 LXXIV.
489 1789 569 1848 Item
586 1787 619 1847 in
637 1786 760 1866 codem,
775 1795 812 1846 nt
828 1786 876 1850 illi
895 1786 952 1868 qni
974 1807 1039 1847 non
1053 1796 1128 1848 sunt
1142 1788 1246 1850 bonae
1259 1811 1337 1851 con-

211 1867 412 1945 versationis,
435 1878 597 1932 eteorum
612 1869 678 1932 rita
697 1881 745 1933 est
759 1868 964 1947 accusabilis,
987 1889 1053 1929 non
1077 1869 1215 1933 audeant
1236 1870 1334 1957 Epis-

212 1972 307 2034 copos
324 1949 376 2010 rel
395 1951 530 2013 maiores
548 1961 626 2012 natu
643 1973 802 2013 accusare.
845 1949 928 2016 Jttd.
952 1972 977 2011 c.
1000 1951 1049 2014 55.

321 2058 376 2118 De
396 2059 443 2116 bis
468 2060 606 2138 quicum
629 2059 896 2136 excommunicato
914 2058 1222 2123 communicaverunt.

294 2159 430 2222 LXXV.
472 2161 552 2222 Item
566 2162 599 2221 in
611 2162 733 2238 eodem,
746 2172 781 2221 ut
792 2160 847 2244 qni
864 2160 1139 2224 excommunicato
1152 2183 1335 2244 praesump-

210 2243 293 2306 tiras
307 2243 380 2326 quis
396 2245 689 2320 communicaverit,
710 2243 1006 2308 excommunicetur
1023 2243 1144 2326 etipse.
1187 2245 1332 2308 [baffi

487 2352 541 2410 De
565 2349 753 2410 subiectione
776 2350 1043 2426 Presbyterornm.

296 2452 449 2520 LXXVI.
490 2455 570 2516 Item
593 2455 626 2517 in
647 2456 760 2518 eodem
775 2454 924 2516 Concilio
944 2455 1026 2516 infra
1045 2454 1109 2519 dau
1126 2457 1274 2540 capitula,
1297 2468 1336 2520 nt

214 2539 325 2600 nullus
353 2537 523 2622 Presbyter
545 2547 655 2600 contra
679 2537 872 2622 Episcopum
899 2559 992 2600 suum
1019 2539 1184 2622 superbire
1210 2541 1335 2602 audeat.

214 2620 300 2685 Itid.
322 2643 348 2682 c.
371 2622 420 2701 37.

488 2729 542 2788 Dc
565 2726 686 2788 clericis
708 2727 912 2788 ecclesiastici
929 2725 1075 2787 ordinis·
1195 2781 1198 2785 .

298 2807 470 2872 LXXVII.
513 2811 593 2870 Item
613 2809 645 2869 in
668 2810 798 2884 codem,
819 2819 855 2869 ut
874 2809 993 2872 Clerici
1016 2809 1222 2872 ecclesiastici
1245 2812 1336 2874 ordi-

215 2893 278 2968 nis,
300 2891 327 2952 si
344 2893 472 2972 culpam
493 2891 700 2969 incurrerint,
718 2892 802 2972 apud
820 2891 1059 2953 Ecclesiasticos
1084 2894 1280 2973 iudicentur,
1304 2905 1337 2958 cl

216 2996 282 3037 non
304 2975 388 3057 apud
405 2974 581 3035 Seculares.
622 2973 705 3034 thid.
718 2995 743 3034 e.
754 2975 803 3036 58.

478 3083 538 3142 Dc
555 3077 653 3160 scrisis
678 3079 853 3140 nominibus
874 3078 1067 3144 Sanctorum.

297 3182 486 3245 LXXVIII.
528 3185 609 3245 Item
626 3184 659 3242 in
675 3183 798 3260 eodem,
819 3191 854 3243 ut
875 3183 953 3244 falsa
971 3183 1100 3242 nomina
1112 3185 1288 3265 Martyrum
1304 3193 1338 3248 et

216 3265 361 3327 incertae
385 3268 573 3328 Sanctorum
586 3266 755 3326 memoriae
772 3287 836 3326 non
855 3274 1059 3326 venerentur.
1111 3265 1196 3333 Ibid.
1217 3287 1242 3326 c.
1255 3267 1308 3344 41.

550 3373 606 3433 Dc
621 3391 721 3431 uxore
739 3371 758 3429 b
779 3371 845 3430 niro
862 3368 1000 3429 dimisso.

298 3450 452 3514 LXXIX.
493 3455 574 3514 Item
588 3452 621 3512 in
642 3452 763 3526 eodem,
779 3461 815 3511 nt
830 3471 890 3511 nec
910 3471 992 3511 uxor
1012 3451 1030 3510 d
1051 3449 1123 3510 riso
1137 3449 1265 3511 dimissa
1281 3450 1339 3514 eti-

217 3556 272 3596 um
289 3534 422 3616 accipiat
444 3535 548 3595 viram
563 3580 574 3610 ,
588 3535 716 3596 vivente
732 3533 802 3594 viro
824 3555 896 3604 suo;
928 3553 988 3594 nec
1008 3532 1059 3594 air
1076 3531 1171 3592 aliam
1189 3531 1337 3614 accipiat,

216 3617 347 3680 virente
368 3636 467 3695 uxore
484 3616 601 3698 priore.
643 3614 725 3678 Ibid.
738 3636 763 3680 c.
781 3617 832 3691 dn.

581 3722 637 3780 Dc
662 3719 773 3780 oblatis
788 3739 970 3802 pauperum.

300 3799 436 3864 LXXX.
477 3800 515 3864 In
535 3799 684 3862 Concilio
703 3800 892 3882 Gangrensi,
917 3811 952 3860 ut
976 3799 1060 3860 nulli
1085 3799 1182 3860 liceat
1198 3797 1338 3859 oblatio-

216 3909 275 3950 nes
288 3907 371 3971 quae
384 3883 423 3944 ad
435 3904 592 3967 pauperes
604 3881 779 3965 pertinent,
791 3902 902 3962 rapere
919 3883 970 3942 vel
981 3882 1139 3947 fraudare
1160 3881 1207 3946 [b.
1223 3903 1249 3946 c.
1264 3881 1316 3957 46.

434 3991 488 4051 De
502 3989 626 4048 ieiuniis
649 3988 669 4045 ic
684 3985 907 4046 Sacerdotibus
928 3988 1113 4051 constitutis.

300 4069 455 4135 LXXXI.
492 4072 573 4132 Item
592 4069 625 4128 in
639 4068 762 4144 eodem,
783 4076 819 4128 ut
838 4067 1053 4130 ecclesiastica
1072 4069 1089 4127 al
1113 4067 1339 4130 Sacerdotibus

172 4212 173 4218 ,
217 4156 340 4222 ieiunio
355 4153 525 4218 constituta
549 4153 622 4218 siue¹
643 4151 829 4225 necessitate
853 4149 1036 4214 callouabili
1065 4171 1130 4212 non
1161 4150 1340 4216 solvantur.

218 4237 302 4312 laid,
323 4259 349 4299 c.
367 4239 417 4322 47.
