2926 4984
185 279 260 355 604
312 344 314 348 ,

194 435 280 515 335.
305 439 346 506 Ut
359 451 538 536 ornnes-qui
553 448 665 534 infide
681 471 731 513 ca·

289 528 406 590 tltolica
430 537 567 617 suspecti
590 547 674 605 sunt,
695 537 730 594 in

288 612 465 674 testimonio
483 619 618 677 leumano
639 615 731 678 dubii

189 733 191 738 ,
286 693 466 763 lta-beantur,

206 771 277 837 556.
304 773 345 835 Ut
358 778 386 834 si
403 782 471 860 quis
487 783 653 842 Ministros
669 781 729 842 Ec·

115 877 118 885 ⁴
288 860 399 918 etesiae
431 863 645 934 iniuriaverit,
669 867 727 925 lzoc

287 941 456 1016 tripliciter
474 960 647 1028 componat.

168 1067 170 1078 .
205 1016 276 1102 557.
302 1021 343 1085 Ut
363 1027 391 1083 si
409 1029 479 1106 quis
493 1043 662 1089 contumax
675 1050 728 1088 ro·

288 1109 457 1168 carentiam
515 1109 729 1172 Ecclesiarum

287 1209 350 1250 non
393 1191 503 1264 halet,
521 1219 524 1224 ·
545 1195 728 1272 quingentos

288 1289 454 1354 componat
469 1275 598 1336 solidos.

206 1347 276 1416 558.
304 1351 344 1414 Ut
358 1371 469 1418 cuncta
482 1380 559 1441 qseac
573 1361 659 1419 circa
670 1357 729 1418 Ec·

289 1437 399 1498 ctesias
422 1462 588 1523 cariemque
610 1443 728 1502 Minis·

289 1533 356 1579 tros
370 1525 540 1600 antiquitas
551 1537 658 1584 sancta
668 1537 729 1583 sta

289 1603 361 1674 tuit,
384 1607 532 1666 inviolata
548 1610 727 1684 persistant.

205 1683 276 1764 559.
300 1686 347 1742 De
364 1687 505 1767 praediis
519 1689 586 1748 Deo
604 1688 726 1750 dicatis.

205 1763 278 1842 54ο.
299 1769 348 1826 De
371 1790 406 1829 eo
427 1771 547 1853 quidie
569 1771 726 1832 dominico

289 1871 307 1909 o
332 1872 386 1910 era
402 1849 666 1927 serviliafecerit.

207 1929 277 2008 541.
299 1872 347 1993 Be
362 1955 397 1994 eo
418 1937 473 2016 qui
489 1936 576 2016 insru
598 1959 727 2016 regnum

284 2037 344 2100 per
364 2019 423 2074 vim
439 2017 562 2094 aliquid
574 2023 724 2100 rapuerit.

206 2094 275 2174 542.
297 2100 346 2159 De
354 2120 390 2158 eo
401 2101 596 2180 quialienum
606 2123 726 2162 servum

230 2179 232 2182 ’
289 2181 335 2240 ad
339 2179 465 2259 furtum
481 2185 623 2242 suaserit.
722 2221 725 2228 .

206 2261 277 2338 545.
301 2263 346 2324 De
355 2261 433 2342 fure
446 2275 597 2324 nocturno
611 2279 727 2351 tempo·

288 2367 321 2406 re
335 2360 435 2432 capto.

204 2427 275 2505 544.
297 2431 346 2491 De
364 2431 472 2509 coqui
497 2427 537 2488 de
554 2428 633 2509 sure
653 2454 723 2492 nes·

288 2517 372 2574 ciens
403 2511 528 2594 aliquid
560 2535 724 2598 compara-

287 2597 380 2662 verit,

161 2743 163 2748 ,
204 2673 275 2752 545.
297 2682 351 2740 De
367 2699 402 2739 eo
413 2676 468 2756 qui
475 2675 593 2737 occulte
604 2682 637 2740 in
649 2700 725 2746 noc-

289 2773 318 2820 te
330 2759 383 2820 uel
394 2762 426 2817 in
443 2758 494 2818 die
512 2757 640 2822 alterius
650 2763 724 2820 nni·

286 2844 351 2903 mal
365 2841 525 2902 occiderit.

203 2921 274 3000 546.
297 2929 345 2986 De
361 2946 397 2985 eo
413 2927 467 3007 qui
485 2929 637 2991 occiderit
651 2929 724 2987 alie·

286 3031 360 3069 num
379 3010 514 3088 animal,
538 3025 568 3072 et
590 3033 653 3072 non
673 3031 725 3070 ne·
788 3031 792 3037 ’

283 3092 416 3172 gaverit.

203 3172 273 3255 547.
295 3175 343 3234 De
360 3194 395 3232 eo
416 3175 637 3258 qecificrtioam
657 3197 723 3235 rem

286 3259 420 3316 scienter
444 3261 562 3318 emerit.

203 3336 272 3413 548.
297 3340 344 3396 De
361 3361 397 3398 eo
409 3342 464 3420 occi
477 3339 516 3398 cle.
527 3341 647 3399 latrone
649 3337 722 3418 fur·

285 3423 380 3480 tinam
391 3424 595 3500 remscienter
608 3420 652 3480 ad
658 3442 724 3481 cus·

285 3501 465 3562 todieudnm
477 3505 640 3586 occeperit.

201 3584 272 3666 549.
295 3585 344 3644 De
379 3587 578 3644 sacramentis
606 3583 722 3645 leviter

283 3689 346 3726 non
365 3666 516 3726 iurandis.

200 3748 272 3810 550.
293 3750 342 3809 De
360 3770 395 3808 eo
418 3749 472 3829 qul
496 3760 607 3809 contra
625 3764 719 3831 captat

282 3832 412 3892 alterius
420 3829 511 3907 salsa
523 3834 716 3909 suggesserit.

200 3913 271 3978 351.
292 3913 340 3972 De
360 3935 395 3973 eo
417 3914 471 3994 atsi
490 3935 550 3994 per
572 3912 721 3973 invidiam

282 3995 336 4054 nel
348 3995 455 4054 dolum
469 3995 564 4054 liberi
574 3998 627 4055 nel
639 3998 722 4056 servi

150 4135 154 4147 ,
281 4077 407 4136 donucm
429 4077 613 4138 incenderit.

201 4163 271 4226 352.
298 4159 339 4221 Ut
353 4161 381 4218 si
397 4161 469 4242 quis
483 4180 608 4226 seruum
620 4161 720 4220 inius-

279 4251 309 4304 tc
336 4243 532 4304 accusaverit
561 4243 717 4317 alienum,

603 253 908 370 csiiwesuon

880 452 1322 553 dominosimile-mancipittm

876 557 937 620 pro
957 544 1016 602 lsoc
1023 545 1116 626 sacto
1134 552 1259 619 reddat.

799 615 869 680 555.
892 621 939 680 De
953 627 1007 685 oia
1017 630 1154 710 publica.
1316 699 1319 706 .

798 700 868 774 554.
892 703 939 762 De
957 710 1011 768 nia
1029 718 1225 780 convicinali.
1306 719 1312 728 ¹

796 781 866 861 555.
888 785 937 882 De
961 811 997 851 eo
1016 795 1206 876 qscisontem
1229 803 1319 863 coin·

880 878 1065 948 qutnaverit.

759 982 761 986 -
797 945 866 1008 556.
890 949 938 1011 De
954 976 990 1015 eo
1009 961 1186 1024 cui'aurnm
1200 965 1255 1024 ael
1270 989 1320 1026 ar·

877 1049 1001 1110 gentum
1023 1057 1078 1102 aut
1105 1061 1320 1110 ornamentum

878 1122 1095 1185 commendata
1104 1128 1239 1208 suerint.

799 1193 869 1276 557.
896 1197 936 1259 Ut
961 1224 1025 1264 ren
1055 1211 1088 1268 in
1121 1214 1320 1274 contentione

877 1285 1014 1423 Zositam
1036 1311 1098 1352 non
1117 1294 1211 1354 liceat
1239 1316 1319 1355 ven·

903 1386 964 1425 ere.

799 1441 869 1506 558.
891 1445 939 1504 De
957 1469 993 1508 eo
1014 1455 1071 1534 assi
1086 1476 1211 1516 sernum
1230 1479 1320 1518 snum

880 1529 1065 1600 vendiderit,

797 1603 868 1688 559.
890 1610 938 1669 De
955 1636 991 1675 eo
1011 1636 1104 1678 servo
1124 1623 1179 1702 qui
1193 1622 1318 1704 peculio

880 1713 935 1753 sno
946 1696 1052 1776 suerit
1068 1703 1256 1787 redemptus.

796 1767 867 1832 560.
889 1775 937 1836 De
961 1801 997 1839 eo
1012 1785 1071 1861 'qut'
1091 1807 1215 1845 causam
1238 1787 1320 1847 alte·

811 1911 812 1919 ,
879 1860 945 1918 rius
962 1864 1069 1924 tulerit
1086 1867 1125 1926 de
1142 1870 1211 1928 loco
1228 1888 1297 1930 suo.

796 1933 866 2002 361.
889 1941 937 2000 De
952 1965 988 2004 eo
1007 1950 1063 2026 qui
1077 1950 1210 2010 alicuius
1231 1973 1317 2013 ntor·-

878 2035 962 2084 tuum
982 2034 1143 2105 repererit.

796 2099 866 2162 562.
880 2105 929 2163 De
937 2110 1173 2176 venditionibus
1182 2115 1243 2174 nili
1248 2111 1324 2194 pre-¹

878 2189 922 2247 tio
943 2190 1092 2254 detractis
1110 2198 1164 2255 uel
1182 2201 1316 2258 uitiosis.

795 2263 865 2326 565.
891 2269 931 2332 Ut
945 2276 1001 2354 qui
1012 2298 1101 2337 arras
1117 2278 1243 2340 dederit
1255 2302 1315 2362 pro

877 2372 1059 2438 quacunque
1101 2383 1145 2431 re,
1178 2365 1316 2446 pretium

875 2435 1009 2497 reddere
1030 2444 1245 2522 compellatur.

793 2511 862 2590 564.
890 2515 931 2577 Ut
946 2526 1131 2602 peregrinos
1156 2539 1317 2587 transeun-

876 2610 921 2656 tes
944 2623 1034 2664 nemo
1054 2609 1223 2686 inquietet„
1291 2647 1293 2650 ·

794 2677 868 2743 565.
888 2683 933 2742 De
943 2707 979 2744 eo
993 2689 1049 2765 qtsi
1059 2710 1109 2747 res
1118 2691 1237 2750 alienas
1247 2713 1317 2753 vcn-

877 2761 1005 2834 diderit.

794 2842 864 2909 566.
886 2847 984 2908 [leco
1003 2855 1057 2933 qui
1075 2854 1207 2914 alicuius
1233 2879 1314 2940 quw

838 2993 840 2997 ,
875 2927 1013 3014 drupedi
1021 2957 1114 2996 unum
1126 2939 1249 2998 oculum
1258 2962 1315 3002 ex·

877 3028 1016 3076 cussern.
1274 3069 1276 3074 s

793 3087 862 3170 567.
885 3095 934 3152 De
952 3118 987 3156 eo
1000 3099 1054 3179 qeci
1070 3103 1153 3163 iusso
1170 3105 1251 3183 regis
1265 3105 1315 3165 vel

873 3175 972 3237 Ducis
994 3182 1130 3264 aliquem
1150 3187 1312 3249 occiderit.

793 3251 863 3320 568.
878 3261 925 3319 De
938 3281 973 3320 eo
982 3266 1037 3345 qui
1046 3269 1233 3349 scripturam
1238 3287 1314 3354 pro·

874 3343 992 3416 tulerit,
1015 3358 1048 3404 ut
1066 3351 1231 3410 veritatem
1246 3354 1313 3412 eius

876 3425 1003 3485 testibus
1014 3430 1135 3510 probet.

792 3499 862 3587 569.
890 3505 931 3566 Ut
953 3510 1105 3592 qzcicquid
1131 3517 1314 3594 provincia·
1385 3581 1389 3588 .

873 3588 956 3667 libus
958 3589 1057 3666 fuerit
1071 3593 1244 3654 relaxatum
1252 3618 1313 3680 per

873 3671 1057 3756 beneficium
1077 3676 1250 3761 Principis,
1272 3681 1311 3742 ab

873 3770 1022 3816 exactore
1041 3779 1103 3817 non
1123 3763 1311 3840 requiratur.

791 3829 860 3913 570.
887 3834 927 3895 Ut
946 3840 1128 3916 Presbyteri
1150 3845 1313 3902 crinu'nos'i
1339 3848 1344 3858 ’

872 3917 916 3976 ad
929 3921 1084 3994 synodum
1104 3923 1312 3992 venientesin

816 4031 818 4038 v
872 4000 973 4061 medio
992 4003 1193 4065 collocentur.

703 4107 705 4115 ⁴
790 4077 860 4160 57ι.
885 4081 927 4141 Ut
943 4087 1152 4167 unusquisque
1176 4089 1311 4167 Presby-

868 4175 917 4223 ter
930 4167 1060 4225 Missam
1074 4187 1144 4228 cum
1156 4170 1313 4237 sandaliis.

803 4275 808 4326 ζ
869 4245 1044 4308 ultime&-
1123 4284 1127 4294 ·
1220 4269 1224 4280 '
