2910 4984
471 273 476 291 .
523 321 693 382 sommo.
714 317 860 398 tenus.

183 529 186 536 .
240 467 681 555 oleobenedictoperunguen·

138 564 143 570 “
239 553 277 612 di
295 555 368 614 sint.

130 635 208 719 -·69.
237 636 419 720 Desponsa
440 635 488 696 vel
510 655 626 720 sponsa
646 629 681 692 in

138 727 145 733 '
240 723 429 781 monasterio
449 721 597 798 ingressa.
643 761 646 767 ,

158 823 209 884 70.
238 802 287 862 De
297 800 375 862 locis
393 803 547 886 inquibus
561 801 679 861 Missae

240 884 445 946 celebrandae
470 895 551 944 sunt.

158 986 208 1048 71.
235 967 284 1026 De
313 970 362 1026 nis
385 988 463 1052 quae
483 963 529 1026 ad
555 964 678 1026 aurium

239 1063 270 1108 et
282 1050 443 1110 oculorum
459 1049 615 1133 pertinent
627 1045 679 1106 ob·

144 1137 149 1162 ¹
240 1129 679 1212 laetamentum,quaeqneSa·

170 1251 174 1258 ,
239 1211 381 1274 cerdotes
404 1217 507 1274 citare
534 1209 657 1272 debent.

155 1316 209 1378 ⁴72·
235 1297 285 1355 De
307 1295 451 1358 Ecclesia
468 1293 678 1379 aedificanda.

158 1405 209 1486 73.
238 1401 281 1464 Ut
291 1401 509 1464 Sacerdotesla
525 1399 609 1460 ludis
625 1419 676 1459 se·

145 1551 147 1556 ,
238 1487 395 1548 cularibus
412 1507 444 1546 se
462 1495 603 1548 caveant,

157 1567 206 1652 74.
235 1570 285 1630 De
298 1565 495 1647 Presbyteris
514 1578 544 1626 et
556 1565 676 1625 Diaco-
727 1609 732 1616 -

141 1697 143 1704 ι
237 1653 347 1724 nibus,
379 1665 413 1712 ut
447 1649 675 1731 Episcoporum

238 1755 364 1794 suornm
379 1737 411 1796 in
427 1732 516 1795 bonis
530 1731 677 1815 operibus

239 1819 375 1896 vestigia
391 1827 553 1877 sectentur.

158 1896 208 1978 75.
236 1899 285 1958 De
306 1921 342 1960 co
367 1897 421 1981 qni
442 1901 475 1957 in
499 1893 593 1957 domo
619 1914 677 1952 sua

240 1985 411 2042 oratorium
426 1980 553 2062 feccrit.

160 2061 209 2143 76.
239 2065 393 2148 Quantam
413 2083 520 2126 curam
542 2059 676 2145 Episco-

235 2148 272 2231 pi
291 2148 375 2207 circa
395 2146 518 2224 indigos
534 2144 676 2208 babeant.

159 2246 208 2310 77.
233 2229 283 2288 De
294 2232 472 2308 erogatione
483 2228 634 2311 Episcopi
643 2227 678 2284 in

238 2315 430 2397 pauperibus
447 2324 477 2372 et
479 2310 610 2394 familia
617 2307 676 2370 Ec·

239 2396 361 2455 clasiae.

160 2475 209 2558 78.
232 2477 279 2538 De
298 2477 495 2539 Diaconissa.

159 2605 208 2668 79.
235 2585 284 2645 De
308 2586 497 2662 Presbytero
511 2605 573 2646 non
592 2580 678 2644 ordi·

240 2669 346 2728 nando
392 2679 462 2729 ante
507 2669 678 2748 legitimum

239 2764 367 2828 tempus.

156 2835 207 2898 80.
235 2831 677 2917 DeEpiscopis,qaaliterpa-

240 2918 364 2976 roclcias
401 2936 473 2974 suas
511 2915 678 2994 diligenter

234 3005 480 3080 perscrutentur.
512 2993 515 2999 ’

157 3081 208 3143 61.
234 3081 283 3138 De
304 3080 453 3158 religiosa
472 3076 602 3138 muliere
619 3077 679 3139 de·

239 3174 337 3241 cepta.

158 3245 208 3308 82.
241 3244 283 3304 Ut
298 3244 437 3304 decimae
458 3263 580 3326 semper
600 3263 670 3304 con·

239 3329 320 3388 salto
350 3325 579 3411 Episcoporum
608 3325 677 3385 dis·

236 3413 417 3494 perseniam
703 3439 704 3444 κ

156 3489 207 3556 85.
234 3493 281 3552 Ne
321 3493 429 3553 scilibet
449 3490 619 3567 Presbyter
636 3487 676 3551 de

147 3601 153 3612 ·
237 3514 328 3635 titnio
340 3576 460 3635 minore
472 3572 516 3634 ad
522 3575 677 3634 maiorem

239 3670 386 3721 transeat.

155 3742 207 3816 84.
235 3741 284 3800 De
305 3738 547 3822 blasphemiam
564 3738 676 3800 Deum.

155 3846 206 3909 85.
234 3849 283 3906 De
301 3846 410 3906 viduis
429 3846 610 3918 iuvenibus,
636 3867 676 3906 ne

236 3932 297 3990 cito
312 3930 467 3993 velentur.

153 4009 204 4072 86.
237 4011 279 4071 Ut
294 4012 428 4072 Comites
442 4023 474 4070 et
486 4008 610 4071 ludices
635 4011 677 4072 E·

210 4115 213 4122 *
234 4096 373 4179 piscopis
390 4095 454 4152 suis
466 4096 674 4164 consentiant,

237 4178 359 4259 ipsique
375 4197 429 4238 eos
439 4178 553 4239 leonori·
579 4197 613 4238 ce
628 4198 676 4238 re·

236 4259 363 4343 cipiunt.

1191 309 1264 407 zor

749 464 800 546 87.
827 463 876 526 Da
898 464 1012 530 herede
1023 479 1037 546 ,’
1055 470 1084 530 a·
1103 473 1266 558 quippiam

831 545 1038 632 dispositione
1058 574 1123 616 non
1147 555 1267 638 implet.

748 629 799 693 88.
830 629 872 692 Ut
885 631 1018 693 Comites
1035 647 1065 694 et
1081 637 1208 698 Iudices
1219 638 1266 696 vi·-

831 714 876 774 les
890 735 1041 794 personas
1063 740 1126 779 non
1154 720 1266 780 admit-

830 809 895 855 tant
917 794 961 855 ad
977 800 1195 869 testimonium,
1255 875 1257 880 Ι

746 875 798 959 89.
829 879 871 939 Ut
879 879 983 938 nullus
996 879 1265 946 Cleristianusntu-

827 981 904 1020 nera
920 963 1027 1043 eacigat
1041 987 1102 1049 pro
1125 967 1266 1052 quolibet

824 1045 953 1126 placito.

745 1143 795 1210 90.
822 1120 872 1186 De
899 1128 991 1188 rebus
1019 1147 1099 1209 quae
1125 1125 1265 1212 Paganis

826 1230 889 1268 non
908 1210 1129 1272 conceduntur.

744 1307 794 1374 91.
821 1291 871 1350 De
902 1292 1030 1374 placitis
1058 1295 1265 1370 secularibus,

825 1395 863 1432 ne
879 1374 912 1433 in
933 1373 1075 1436 Ecclesia
1083 1371 1183 1458 filant.

744 1473 796 1538 92.
822 1454 1264 1542 Deincestuosis,parricidis,

826 1551 917 1618 atque
936 1533 1112 1605 homicidis.

744 1615 795 1704 93.
823 1621 872 1680 De
888 1621 1017 1700 magicis
1029 1623 1150 1692 artibus
1167 1636 1197 1685 et
1218 1626 1265 1686 in·

826 1703 1064 1769 cantationibus.

743 1779 795 1870 94.
821 1785 869 1845 Ne
888 1807 1000 1846 nomen
1022 1787 1086 1846 Dei
1099 1789 1134 1849 in
1147 1811 1265 1854 vanum

825 1863 960 1928 iurando
979 1883 1165 1932 assumatur.

743 1947 795 2036 95.
821 1947 871 2010 De
892 1949 1019 2022 Laicis,
1041 1972 1079 2011 ne
1099 1953 1265 2016 muneralt

823 2032 1019 2110 Presbyteris
1034 2034 1173 2114 erigant.

743 2111 795 2200 96.
820 2112 870 2174 De
887 2137 966 2198 pace
983 2127 1014 2175 ct
1026 2117 1207 2178 concordia.
1283 2151 1287 2157 -

744 2213 795 2282 97.
822 2197 872 2258 De
896 2197 1068 2259 Comitibus
1094 2212 1124 2260 et
1144 2200 1254 2261 Iudici

825 2279 892 2354 bus,
902 2291 935 2338 ut
948 2277 1126 2342 obedientes
1134 2283 1198 2342 sint
1207 2303 1264 2344 suo

826 2359 994 2441 Episcopo.

695 2453 699 2462 ‘
745 2443 797 2531 98·
828 2443 869 2506 Ut
886 2442 1039 2529 Episcopi
1056 2446 1154 2507 semel
1166 2447 1200 2507 in
1212 2469 1267 2506 an·

827 2547 868 2588 no
874 2527 1043 2610 parochias
1053 2548 1125 2590 suas
1136 2530 1267 2590 circnm-

827 2621 908 2690 eant.

744 2712 796 2776 99.
819 2690 869 2752 De
882 2689 1079 2752 clarismateia
1098 2693 1265 2770 Presbyte-

827 2776 872 2836 ris
888 2771 1109 2838 ¹custodiendo
1136 2775 1193 2837 sub
1220 2777 1267 2836 si-

827 2856 885 2935 gili
906 2901 914 2917 .

730 2960 797 3002 100.
823 2938 995 3023 Deliisaui
1009 2939 1194 3024 beneficium
1207 2942 1267 3002 ba-

824 3023 897 3096 bent
914 3022 954 3082 de
983 3023 1074 3084 rebus
1094 3021 1267 3090 Ecclesiae.

729 3125 797 3169 101.
824 3105 874 3163 Dc
895 3125 932 3166 eo
950 3105 1006 3187 qui
1031 3103 1160 3187 infamis
1169 3104 1266 3188 furto

828 3183 980 3268 efficitur.

730 3289 797 3332 102.
824 3269 875 3328 De
895 3291 931 3330 eo
952 3269 1008 3352 ani
1034 3269 1145 3346 absens
1161 3269 1269 3354 suerit

830 3352 955 3434 minime
974 3351 1165 3415 damnando.

731 3431 798 3496 103.
827 3431 876 3494 De
900 3433 1042 3496 omnibns
1056 3439 1269 3519 possessioni-

828 3517 884 3578 bus
899 3517 918 3575 la
934 3530 1137 3659 praeceptore
1145 3520 1270 3604 posses&

829 3601 897 3658 sori
911 3599 1030 3660 redden
1056 3601 1092 3660 is.

729 3679 797 3758 tob.
824 3683 873 3741 De
883 3682 1022 3753 incestis,
1033 3679 1193 3766 quodnon
1204 3685 1270 3746 sint

827 3764 959 3842 legitimi
978 3763 1118 3830 ltercdes.

731 3843 796 3910 105.
830 3845 870 3906 Ut
888 3846 981 3906 liceat
1000 3845 1155 3926 litigatori
1170 3847 1270 3907 nitia-

829 3942 892 3989 tam
907 3930 1031 3988 causam
1048 3927 1270 4011 appellationis

829 4009 967 4073 remcclio
989 4010 1159 4078 sublevare,

731 4095 797 4158 ¹06.
825 4097 874 4156 Da
900 4094 1043 4153 oratione
1063 4091 1248 4162 obedientis.

730 4199 795 4262 ¹⁰7·
829 4177 870 4238 Ut
886 4195 1087 4258 tanaquaeqne
1101 4177 1271 4259 provincia

815 4256 1269 4343 aludicibpropmiudicetur.
