2910 4984
89 301 92 310 ’
186 277 261 364 tea
571 365 575 372 ,
603 301 887 359 enarraremus

186 439 300 510 Missos
313 435 487 499 vestrosob
498 437 577 502 vitia
594 441 831 524 comprimenda
846 463 905 525 per
917 437 1091 522 Imperium
1106 447 1244 502 vestrum
1258 437 1318 497 aia.

135 575 136 580 ,
185 521 325 597 rexistis,
337 519 437 578 multa
449 520 661 584 demonstrata
674 537 748 586 sunt
765 546 847 606 quae
862 527 879 583 b
892 522 1313 598 PastoribusEcclesinrum,

186 612 220 666 et
242 605 260 664 b
286 601 492 684 Principibus
514 613 546 666 et
566 607 584 666 ia
602 607 730 690 reliquo
750 609 891 690 populo,
914 605 1068 666 hactenns
1089 603 1234 684 neglecta
1259 624 1317 662 ex·

185 685 335 763 titerunt,
348 695 379 746 et
395 685 489 746 aliter
507 709 603 768 quam
623 689 729 750 divina
747 690 914 750 arroteritae
936 710 968 750 se
992 687 1120 762 habeat,
1140 687 1173 744 in
1195 685 1247 745 his
1259 706 1315 745 eos

142 829 146 836 ,
186 769 288 852 egisse
312 777 345 828 et
368 788 461 852 agere
481 771 636 833 novimus.
678 773 742 834 Sed
763 773 789 836 si
812 765 891 832 haec
912 779 1018 831 nostra
1036 767 1242 830 sacerdotalis
1260 767 1317 826 ad-

185 848 322 912 monitio
348 849 514 930 effcctum,
534 855 605 914 Deo
630 866 802 934 operante,
824 859 883 936 pei·
906 862 1048 914 vestrum
1066 851 1188 912 bonum
1210 849 1316 910 studi*-

186 956 243 1004 um
265 931 384 993 abhinc
408 933 601 1014 obtinuerit,
636 935 795 1000 credimus
818 935 907 1018 quod
930 935 1028 994 multa
1054 953 1135 1015 quae
1164 933 1182 992 b
1205 930 1316 992 multis
1392 985 1395 991 .

186 1017 281 1080 aliter
305 1037 401 1096 quam
426 1015 536 1078 divina
555 1019 725 1081 auctoritas
747 1040 779 1082 se
800 1018 924 1095 babeat,
952 1017 1080 1078 dimissa
1109 1024 1204 1091 sunt,
1231 1034 1314 1094 quae

186 1120 254 1160 non
270 1097 434 1174 tenebant,
457 1099 669 1182 corrigentur.
709 1103 788 1162 Nam
810 1109 841 1160 et
863 1099 947 1160 illud
962 1099 1049 1180 qnod
1064 1098 1097 1158 in
1118 1097 1316 1158 eisdemsCa·

183 1180 298 1266 pitulis
318 1181 515 1259 continetur,
535 1193 572 1243 ut
599 1183 802 1244 manifestum
822 1183 914 1242 lieret
935 1203 1018 1263 quae
1042 1201 1155 1244 causac
1182 1179 1215 1239 id
1234 1177 1314 1239 clic-

185 1263 293 1326 cerint
313 1271 350 1324 ut
367 1264 555 1326 Sacerdotes
578 1276 611 1326 et
633 1266 800 1348 Principes
824 1265 951 1325 inrecto
973 1264 1097 1323 tramite
1119 1261 1313 1336 deviassent,

185 1346 329 1427 exceptis
347 1345 525 1428 praemissis
548 1346 703 1428 Capitulis
726 1347 906 1430 inquibus,
931 1345 1015 1406 sicut
1037 1344 1192 1420 diximus,
1214 1341 1314 1402 malta

184 1427 443 1512 negligebantur,
471 1428 652 1510 specialiter
678 1439 782 1492 minen
808 1451 909 1490 uuum
931 1428 1132 1490 obstaculum
1150 1449 1189 1486 ex
1212 1425 1314 1484 multo

183 1521 329 1592 tempore
345 1509 409 1570 iarn
435 1510 606 1574 inolevisse
626 1513 855 1594 cognovimns;
891 1511 1013 1587 idest,
1039 1511 1114 1592 quia
1140 1518 1172 1569 et
1196 1506 1316 1590 princi·

182 1593 266 1679 palis
286 1599 443 1676 potestus,
470 1593 604 1654 diversis
630 1587 849 1656 occasionibus
876 1592 1188 1667 intervenientibus,
1223 1610 1332 1651 secus,

184 1673 283 1758 quam
306 1674 476 1736 auctoritas
493 1675 602 1738 divina
618 1699 651 1738 se
670 1673 796 1755 habeat,
815 1677 848 1737 in
870 1697 980 1738 causas
999 1673 1227 1741 ecclesiasticas
1242 1693 1316 1755 pro·

184 1756 312 1826 silisrit,
338 1766 370 1818 st
394 1757 582 1818 Sacerdotes
607 1760 722 1841 partim
748 1757 957 1843 negligentia,
982 1757 1098 1839 partim
1120 1755 1315 1838 ignorantia,
1348 1827 1351 1834 Δ
1443 1839 1444 1846 ἵ

184 1841 220 1903 in
238 1839 425 1922 cupiditate,
451 1840 485 1922 iu,
509 1839 857 1924 secularibnsnegotiis
872 1849 904 1902 ct
929 1839 1206 1920 sollicitudinibus
1229 1836 1322 1896 ultra¹

184 1942 283 2005 quam
312 1921 490 1982 debuerant
519 1944 553 1984 se
578 1923 828 2007 occupaverint,
863 1931 896 1984 et
928 1921 988 1982 hac
1019 1921 1186 1982 occasione
1220 1919 1317 1978 aliter

184 2025 282 2084 quam
303 2002 414 2064 divina
439 2005 610 2066 auctoritas
635 2006 764 2086 doceat,
793 2007 827 2068 in
847 2015 982 2086 utraque
1007 2013 1098 2086 parte
1123 2012 1229 2064 actam
1256 2022 1315 2059 ex-

182 2086 284 2150 titisse
304 2084 438 2144 dublum
461 2108 525 2147 non
548 2097 604 2153 est.
648 2090 713 2150 Sed
735 2089 811 2170 quia
831 2091 901 2150 Deo
922 2087 1104 2164 miserante,
1124 2086 1141 2146 d
1160 2082 1316 2168 progeni·

184 2167 308 2232 toribus
330 2176 362 2228 et
393 2168 537 2249 genitore
564 2179 669 2231 vestro
695 2183 727 2233 et
750 2173 769 2232 a
798 2171 889 2234 vobis
910 2169 1011 2229 multa
1041 2178 1183 2229 correcta
1204 2174 1315 2248 gratu-

183 2250 300 2328 lamur,
313 2247 340 2310 si
358 2271 395 2312 ea
411 2273 493 2333 quae
517 2250 724 2314 admonemus
737 2274 926 2336 prosperum
936 2273 1116 2314 successum
1130 2246 1316 2322 habuerint,

184 2331 346 2396 credimus
362 2334 449 2429 quod
469 2333 509 2394 ad
532 2335 742 2416 perfectionis
767 2346 884 2400 statum
905 2345 1011 2397 restra
1026 2333 1168 2395 'intentio
1187 2338 1340 2410 nostra-¹,

184 2437 249 2500 que
277 2415 426 2493 devotio,
452 2418 522 2478 Deo
548 2428 760 2501 cooperante,
799 2417 969 2502 pervenire
999 2416 1106 2499 possit.
1148 2415 1335 2476 vascuta-³

182 2519 258 2562 men
277 2496 354 2580 quia
379 2499 523 2560 novimus
542 2509 657 2561 statum
672 2499 769 2562 huius
792 2500 885 2583 regni
908 2498 1045 2561 subtuli
1067 2496 1251 2560 conditione
1281 2501 1319 2570 et

183 2591 296 2644 tenore
319 2581 458 2643 crevisse
481 2593 577 2664 atque
599 2583 766 2644 dilatatum
780 2605 860 2659 esse,
873 2593 904 2644 et
923 2584 940 2642 ia
956 2578 1210 2661 prudentissimis
1223 2596 1316 2636 sanc·

184 2663 291 2745 tisque
318 2663 618 2744 praedecessoribus
648 2667 785 2743 vestris,
814 2665 881 2727 sive
913 2665 1038 2726 scilicet
1063 2663 1102 2722 ab
1134 2656 1315 2742 Episcopis,

183 2749 253 2809 sive
279 2745 296 2804 ia
320 2745 537 2828 Principibus,
564 2747 646 2808 hanc
669 2770 795 2809 causam
811 2769 850 2808 ex
870 2757 938 2808 toto
957 2756 1133 2809 correctam
1156 2764 1220 2804 non
1237 2737 1317 2799 l'uis·

182 2851 217 2891 se
246 2829 379 2911 propter
399 2828 478 2889 haec
503 2825 585 2910 quae
613 2852 671 2892 suo
695 2839 840 2912 tempore
866 2830 930 2892 dici
951 2838 1104 2912 possunt,
1133 2835 1166 2888 et
1188 2823 1315 2908 pondus

182 2919 289 2972 tautae
315 2910 581 2972 considerationis
603 2912 766 2992 parvitatis
792 2921 918 2973 nostrae
940 2913 1024 2973 vires
1052 2908 1209 2984 excessit,
1231 2925 1314 2985 quo-

183 2993 271 3056 niam
287 3014 347 3052 nec
363 2993 464 3052 otium
484 3015 544 3055 nec
558 2994 694 3076 spatium
708 2994 870 3076 temporis,
894 3016 952 3055 nec
972 2993 1210 3075 plenitudinem
1230 2991 1316 3048 Con·

182 3075 385 3138 sacerdotnm
410 3086 602 3152 nostrorum,
624 3077 790 3158 sicutipse
819 3077 991 3138 necessitas
1016 3075 1224 3157 exposcebat,
1253 3068 1317 3128 ba-

183 3159 324 3233 buimus,
347 3156 421 3218 idco
444 3158 522 3220 haec
543 3159 783 3240 congruentiori
805 3169 835 3220 ct
855 3160 970 3240 aptiori
992 3159 1141 3239 tempori,
1165 3155 1227 3215 vita
1255 3172 1316 3209 co-

182 3241 272 3316 mite,
294 3239 320 3298 si
341 3241 428 3302 Deus
452 3241 496 3300 ita
517 3241 686 3316 annuerit,
708 3243 896 3302 tranctanda
924 3263 959 3303 ac
987 3237 1217 3302 consideranda
1246 3233 1316 3296 dis-

182 3323 327 3398 tulimus,
349 3323 501 3402 quoniam
524 3333 630 3383 tantae
653 3319 918 3386 considerationis
947 3323 1103 3406 perfectio
1126 3313 1252 3400 indiget
1268 3337 1319 3374 as·

182 3426 280 3468 sensu
299 3413 331 3464 et
349 3405 508 3466 adiutorio
530 3405 737 3488 Principum,
760 3417 792 3467 et
812 3407 1020 3467 multitudine
1050 3415 1145 3487 atque
1167 3399 1317 3462 devotio-

183 3510 225 3550 ne
251 3507 378 3548 necnon
408 3497 441 3548 et
463 3489 570 3550 studio
590 3489 816 3565 Sacerdotem,
839 3499 871 3549 et
895 3488 1078 3550 obedientia
1098 3485 1150 3547 vel
1176 3501 1316 3545 concor-

183 3571 236 3633 dia
262 3569 387 3653 populi,
410 3579 443 3630 et
464 3571 676 3653 congruentia
702 3570 766 3631 loci
794 3573 1012 3653 temporisque
1040 3568 1151 3652 spatio,
1210 3565 1315 3626 Porro

183 3655 224 3716 de
246 3652 419 3732 episcopali
439 3653 595 3729 libertate,
618 3675 714 3734 quam
731 3656 802 3715 Deo
827 3663 990 3714 annuente
1013 3661 1184 3729 vestroque
1210 3647 1316 3706 admi-

183 3737 296 3798 niculo
324 3735 514 3816 sulliagante
537 3735 669 3816 adipisci
697 3735 737 3796 ad
761 3735 823 3797 Dei
842 3736 1010 3798 servitium
1023 3731 1242 3817 peragendum
1259 3750 1317 3789 cu-

182 3820 305 3902 pimus,
335 3840 392 3901 suq
420 3819 455 3902 ln
484 3827 627 3900 tempore
652 3819 741 3880 vobis
765 3819 901 3880 dicenda
925 3828 1020 3899 atque
1045 3816 1211 3878 vobiscum
1238 3832 1316 3871 con·

182 3900 318 3962 ferenda
341 3901 585 3975 reservavimus,
608 3910 766 3981 quatenus
789 3903 831 3962 ita
850 3903 890 3962 sit
916 3911 951 3961 ut
972 3910 1003 3962 et
1022 3897 1228 3976 nosmetipsos
1248 3893 1317 3952 sal-

182 4005 270 4059 vare,
293 3983 478 4064 populoque
505 3983 596 4044 nobis
616 3983 760 4046 subiecto
785 3984 913 4044 utiliter
936 3983 1105 4066 prodesse,
1135 3989 1229 4056 atque
1253 3994 1315 4056 pro

181 4066 274 4126 vobis
296 4075 327 4125 et
351 4065 520 4125 stabilitate
543 4066 668 4150 imperii
690 4067 788 4128 vestri
819 4066 954 4142 liberius
978 4066 1137 4138 valeamus
1156 4063 1318 4133 exorare,

183 4159 216 4210 et
237 4149 275 4209 de
304 4148 414 4208 vestris
444 4148 606 4230 obsequiis
629 4161 662 4211 et
684 4149 778 4232 regni
803 4149 962 4210 adiutorio
992 4147 1142 4209 solatium
1166 4139 1316 4201 debitum

183 4230 315 4292 minime
338 4230 563 4311 subtrabatur,
591 4233 660 4312 sed,
678 4232 704 4294 si
722 4232 873 4317 possibile
888 4231 998 4310 faerit,
1018 4229 1126 4314 potius
1149 4233 1315 4306 augeatur.

1413 4589 1447 4941 ι
