2926 4984
184 317 258 394 492
589 351 593 362 ·
613 347 903 412 csrrruranrun

181 479 309 565 proavi,
330 501 368 577 ac
390 483 566 576 genitoris,
596 492 775 554 secundum
798 495 929 561 Domini
954 496 1078 562 scilicet
1098 501 1316 580 voluntatem,

138 575 139 580 ’
182 564 274 658 sicul·
291 572 323 625 el
348 564 398 623 1111
433 565 605 652 fecerunt,
625 575 748 636 clerum
774 587 806 638 et
829 580 986 661 populum
1005 583 1065 642 sibi
1089 585 1308 662 commissum,

181 648 327 706 Domino·
337 667 430 742 opem
450 649 594 731 ferente,
615 677 728 738 regere
755 672 965 728 mererentur.
1007 667 1091 727 Haec
1114 688 1190 727 vero
1219 667 1317 749 capi-„

181 729 271 823 tula,
296 749 377 824 quae
400 732 717 826 lnsubsequentibus
742 741 842 804 tribus
870 743 1004 808 Libellis
1028 749 1206 810 coadunare
1238 759 1317 809 stu-.

182 811 384 907 durmus,1.n
414 813 548 908 dr'versis
572 819 651 882 locis
679 833 713 884 et*
733 823 766 882 in
800 826 934 888 diversis
964 829 1142 907 schedulis,
1165 831 1248 891 sicut
1272 831 1311 892 in<

181 893 316 990 drversps
341 897 470 976 synodis
495 921 531 960 ac
551 903 676 982 placitis
704 909 908 988 generalibus
929 911 1015 970 edita
1037 923 1147 990 erant,
1175 913 1307 994 sparsim

180 997 381 1072 invenimus,
403 987 434 1039 et
462 984 596 1044 maxime
619 987 650 1046 in
674 999 799 1051 sanctae
824 993 1091 1073 Mogontiacensis
1119 995 1306 1078 metropolis

178 1057 478 1128 Ecclesraescrlnio
503 1066 667 1130 alRiculfo
692 1071 833 1132 eiusdem
850 1086 975 1150 sanctae
1004 1077 1087 1138 sedis
1116 1076 1307 1159 Metropoli-

179 1149 255 1201 tano
269 1143 453 1222 recondita,
477 1157 509 1207 et
521 1148 647 1213 demum
672 1151 710 1212 ab
732 1153 883 1216 Autcario
903 1157 1044 1219 secundo
1063 1159 1131 1220 eius
1149 1180 1308 1220 successo.-

178 1245 214 1284 re
236 1232 335 1305 atque
346 1231 585 1312 consanguineo
606 1233 739 1297 iuventa
750 1239 947 1320 reperimus,
969 1262 1051 1324 quae
1072 1241 1106 1300 in
1124 1241 1185 1302 hoc
1203 1243 1314 1323 Opus„

179 1306 254 1367 culo
271 1315 383 1370 tenore
401 1315 615 1397 suprascripto
640 1318 781 1380 inserere
807 1323 987 1389 maluimus.
1040 1323 1207 1384 Monemus
1229 1344 1318 1404 ergo.

179 1388 331 1483 Lectores
354 1401 389 1451 ut
409 1393 435 1453 si
455 1397 566 1456 eadem
591 1402 730 1482 capitula
752 1394 914 1485 duplicata
934 1406 985 1467 vel
1003 1407 1162 1489 triplicata
1179 1425 1314 1488 repere-.

179 1480 269 1565 rrnt,
292 1494 358 1567 nou
376 1474 445 1542 hoc
461 1490 585 1540 nostrae
602 1482 778 1564 imperitiae
798 1496 975 1570 reputent,
990 1490 1076 1570 quia,
1099 1498 1134 1548 ut
1154 1487 1312 1561 diximum,

181 1553 366 1617 drversrsea
390 1558 427 1617 iu·
450 1561 612 1625 schedulis
638 1567 839 1640 invenimus,
864 1580 895 1630 et
926 1572 971 1631 ob·
987 1570 1021 1631 id
1051 1582 1114 1632 tam
1140 1567 1203 1630 cito
1223 1568 1304 1628 haec

181 1637 350 1700 emendare
369 1644 592 1722 nequivimus,
616 1648 672 1708 sed
689 1651 812 1710 cunctis
834 1652 986 1714 scientiae
1012 1653 1143 1735 repletis
1162 1648 1306 1712 Lectori-

180 1716 238 1777 bus
255 1717 335 1814 haec
358 1725 546 1805 corrigenda
560 1729 746 1792 dimisimus.
793 1733 979 1797 luveuimus
998 1737 1132 1818 insuper
1148 1732 1306 1816 quaedam

181 1820 221 1859 ex
244 1801 292 1861 lns
307 1804 394 1882 paria
416 1805 508 1867 initia
528 1811 679 1872 habentia
699 1824 730 1873 et
748 1815 900 1898 imparem
915 1818 1027 1888 linem;
1051 1817 1208 1900 quaedam
1227 1835 1315 1874 vero

179 1903 271 1962 pares
291 1885 388 1961 lines,
411 1890 551 1951 sednon
571 1895 659 1974 paria
680 1895 788 1978 initia·;
810 1899 843 1957 iu
863 1901 1054 1978 quibusdam
1068 1909 1174 1960 autem
1188 1897 1305 1972 minus,

182 1973 214 2060 pt
237 1965 271 2026 iu
288 1968 478 2050 quibusdam
499 1974 597 2054 plusr·
613 1988 835 2061 ettpropterea
861 1981 917 2042 illa
948 1985 993 2044 si'c
1020 1982 1197 2043 dimisimus
1225 1979 1310 2040 sicut

181 2050 375 2144 llrvenimus.
437 2056 609 2118 Precamur
625 2061 719 2120 etiam
741 2084 850 2124 omnes
867 2075 903 2124 ut
923 2067 955 2128 si·
971 2067 1122 2146 deinceps
1147 2062 1240 2145 plura
1265 2082 1305 2120 ex

109 2214 111 2220 Ι
180 2127 231 2190 his
250 2136 454 2208 invenerint,
477 2161 558 2219 quae
573 2154 763 2205 memoratus
780 2145 952 2228 Ansegisus
969 2171 1034 2208 non
1061 2145 1214 2220 inseruit,
1244 2165 1312 2208 neo-

177 2232 240 2272 ‘nos
257 2217 418 2294 potuimus
445 2217 599 2286 hactenus
623 2225 789 2302 invenire,
813 2239 849 2288 ut
865 2251 901 2290 ea
917 2230 981 2291 illis
1007 2230 1039 2288 in
1059 2238 1174 2310 quarto
1194 2234 1249 2285 aut
1269 2226 1309 2284 iu

181 2296 295 2374 quinto
313 2299 425 2362 libello
449 2301 756 2370 distinetainserere
782 2331 846 2370 non
865 2313 981 2396 pigeat3
1004 2311 1154 2393 quatinus
1176 2308 1235 2388 ipsi
1263 2305 1303 2368 ex

181 2377 244 2439 hoc
262 2381 393 2462 gratiam
410 2385 470 2445 Dei
493 2385 651 2467 habeant,
676 2401 706 2451 et
723 2393 827 2453 clerus
847 2416 882 2454 ac
899 2396 1037 2475 populus
1054 2410 1165 2453 eorum
1184 2389 1304 2450 utilita-

180 2460 267 2522 tibus
288 2486 352 2524 non
372 2477 493 2544 careat,
516 2473 669 2550 quoniam
685 2474 776 2534 valde
796 2485 870 2534 sunt
887 2478 979 2536 utilia
994 2477 1074 2536 haec
1092 2473 1248 2554 capitula,
1272 2481 1313 2540 et„

182 2545 264 2605 scire
285 2549 467 2611 volentibus
490 2553 807 2635 oppidoprofutura,
831 2580 912 2638 quae
931 2561 1080 2639 prolege
1107 2567 1169 2616 tam
1198 2553 1284 2612 eccle

181 2625 306 2689 siastica
326 2653 422 2712 quarn
440 2643 471 2693 et
486 2637 621 2696 seculari
638 2637 705 2697 iure
725 2639 902 2700 firmissimo
924 2651 999 2701 sunt
1013 2639 1161 2699 tenenda.
1195 2635 1303 2696 Primo

181 2707 281 2801 igitur
296 2711 333 2771 in
347 2713 418 2775 loco
430 2715 592 2796 posuimus
612 2722 784 2782 nonnullos
802 2723 976 2784 versiculos
993 2724 1024 2782 in
1055 2721 1188 2780 laudem
1210 2739 1303 2798 prae-

182 2792 341 2855 dictorum
357 2797 696 2873 Principummetrice
729 2805 928 2884 compositos.
974 2804 1100 2865 Deinde
1126 2810 1304 2882 sequuntur

181 2876 321 2956 capitula
338 2880 432 2960 primi
449 2882 568 2954 libelli,
591 2883 740 2946 subiectis
762 2887 901 2948 numeris
918 2887 1001 2963 suis,
1024 2896 1060 2945 ut
1073 2883 1200 2945 facilius
1214 2883 1305 2942 inve-

181 2958 246 3018 niri
277 2961 377 3042 possit
397 2961 554 3024 sententia
574 2987 654 3046 quae
672 2969 852 3047 quaeritur.
893 2970 949 3030 His
968 2969 1015 3027 ita¹
1028 2965 1182 3047 peractis,
1206 2965 1310 3024 estin.

181 3042 288 3103 fronte
306 3045 400 3124 primi
424 3046 526 3112 libelli
545 3048 644 3127 posita
669 3043 838 3110 Zachariae
861 3053 966 3132 Papae
991 3050 1123 3129 epistola
1148 3046 1305 3106 omnibus

180 3123 350 3206 Episcopis
365 3149 400 3187 ac
421 3123 555 3210 reliquis
571 3131 777 3192 ecclesiastici
798 3133 920 3193 ordinis
938 3133 1103 3215 gradibus,
1126 3139 1158 3189 et
1178 3128 1302 3188 cunctis

181 3208 326 3268 Ducibus
342 3219 435 3289 atque
452 3211 649 3290 Comitibus,
673 3215 882 3296 omnibusque
902 3217 1005 3274 Deum
1027 3213 1213 3275 timentibus
1246 3231 1305 3292 per

183 3289 304 3350 Gallias
319 3299 352 3349 et
366 3295 564 3353 Francorum
589 3296 769 3375 provincias
787 3297 985 3374 constitutis,
1009 3298 1146 3367 directa,
1169 3295 1250 3356 sicut
1269 3293 1302 3350 in

183 3393 220 3431 ea
242 3372 437 3440 continetur,
500 3378 606 3454 Quam
632 3389 813 3460 sequuntur
836 3379 900 3438 duo
927 3379 1094 3460 synodales
1126 3385 1304 3435 conventus

182 3473 263 3532 quos
276 3465 401 3515 sanctae
414 3458 573 3518 Romanae
588 3469 620 3518 et
635 3462 824 3539 apostolicae
854 3461 1015 3520 Ecca-siae
1044 3461 1179 3538 Legatos
1204 3457 1303 3517 Boni-

182 3535 304 3614 facius,
326 3549 515 3600 memoratae
544 3543 817 3622 Mogontiaceusis.
835 3543 997 3603 Ecclesiae
1022 3539 1300 3620 Archiepiscopus,

182 3617 256 3680 vice
273 3621 445 3698 supradicti
462 3621 630 3683 Zachariae
645 3626 748 3707 Papae
770 3648 836 3686 una
856 3647 929 3685 cum
957 3623 1174 3684 Karlcmanno
1198 3623 1304 3681 Fran-

183 3723 295 3764 corum
311 3701 462 3786 Principe
489 3705 643 3766 canouice
669 3707 789 3779 tenuit;
819 3717 855 3766 ut
886 3715 1060 3788 agnoscant
1087 3723 1196 3764 omnes
1224 3701 1304 3761 haec

181 3785 419 3868 praedictorum
443 3785 631 3867 Principum
654 3789 791 3870 capitula
816 3790 950 3848 maxime
972 3787 1143 3868 apostolica
1164 3783 1306 3847 auctori-

182 3877 245 3928 tate
263 3870 331 3928 fore
352 3867 482 3928 firmata.
522 3872 598 3930 Post
617 3872 674 3932 ista
692 3867 824 3952 ¹qnoque
850 3893 932 3952 quae
963 3879 1160 3950 sequ-untur,
1194 3867 1304 3927 eadem

183 3951 392 4028 auctoritate,
415 3950 570 4028 maxima,
583 3963 630 4012 ut
646 3954 795 4030 diximus,
818 3976 858 4014 ex
878 3961 979 4034 parte,
1002 3962 1033 4012 et
1053 3951 1196 4011 omnium
1206 3951 1305 4009 Fran-

182 4055 294 4095 corum
309 4033 475 4115 utriusque
495 4034 616 4096 ordinis
639 4035 780 4096 virorum
797 4057 926 4096 assensu
947 4035 1101 4104 roborata.
1155 4030 1304 4092 Secundo

182 4139 260 4177 vero
275 4116 307 4174 in
325 4115 457 4192 libello,
479 4126 550 4195 post
566 4117 779 4198 capitulorum
795 4138 974 4192 numerum,
997 4116 1099 4197 prima
1119 4115 1225 4173 fronte
1245 4133 1305 4193 po-

183 4199 242 4274 sita
260 4207 334 4259 sunt
354 4199 510 4281 (quaedam
530 4200 655 4280 exlege
677 4200 785 4259 divina
808 4207 957 4279 excerpta
983 4197 1143 4280 capitula,
1167 4195 1249 4256 sicut
1268 4215 1305 4253 ea

183 4281 313 4366 sparsim
336 4281 368 4342 in
387 4302 496 4354 corum
514 4280 610 4345 mxu
634 4283 781 4366 capitulis
803 4281 1001 4366 reperimus,
1022 4287 1058 4340 ut
1084 4298 1193 4341 omnes
1224 4273 1304 4335 haec
