2910 4986
188 316 263 394 450
614 329 906 390 cornminus

270 473 429 540 menn
449 468 593 536 rursu
613 443 1053 535 rrsstocmruncom
1073 470 1246 536 innon.

187 589 362 680 Superius
387 585 426 654 in
453 585 592 653 duobus
605 581 757 650 Libellis
768 581 936 673 capitula
958 581 1195 652 ecclesiastica
1212 605 1325 680 prae-·¹

185 683 346 756 fatorum
363 683 575 776 Principum
590 680 722 748 Domni
738 678 867 748 Karoli
881 680 1128 772 Imperatoris,
1148 695 1184 752 et
1200 683 1319 755 Dom-

186 787 226 856 ni
242 809 283 854 ao
295 781 544 876 gloriosissimi
561 779 786 850 Hludouvioi
806 779 971 872 Augusti,
996 781 1180 874 descripsi.
1209 782 1320 854 Nune

186 895 307 953 sutem
330 883 455 952 illaad
476 881 678 952 mundanae
694 893 924 968 augmentum
943 880 1051 968 Legis
1075 885 1319 972 pertinentia,

187 1007 281 1079 quae
306 981 473 1052 Domnus
508 978 667 1052 Karolus
694 977 897 1069 Imperator
923 980 1059 1069 edidit,
1085 980 1125 1050 in
1148 983 1219 1053 hoc
1240 995 1322 1052 ter·

551 1079 603 1147 tio
629 1077 783 1148 adunari
806 1077 964 1149 Libello.

486 1188 1063 1278 lnostsrrrnnos'uu„

210 1368 237 1410 ¹·
312 1386 422 1452 epace
437 1361 606 1427 servanda.
779 1364 829 1429 25.
849 1364 898 1423 De
919 1367 1099 1430 homicidiis
1115 1368 1320 1435 clericorum.

208 1471 236 1511 2.
258 1450 307 1508 Dc
328 1449 456 1510 iustitiis
479 1443 687 1530 generalibus.
780 1446 828 1511 26.
850 1447 898 1508 De
913 1452 1125 1524 immunitate,
1148 1455 1177 1511 si
1189 1450 1324 1533 aliquod
1344 1503 1346 1510 ,

207 1533 236 1594 3.
261 1533 309 1591 Dc
321 1531 449 1592 iustitiis
466 1526 632 1607 regalibus.

205 1613 236 1692 4.
258 1615 307 1674 De
328 1617 424 1674 armis
447 1635 511 1674 non
531 1605 708 1690 portandis.

209 1695 238 1770 5.
259 1698 308 1757 De
323 1708 483 1757 armatura
507 1698 541 1754 in
564 1692 651 1750 bosts
673 1690 729 1748 bs·
778 1719 783 1738 .

269 1777 382 1842 banda.

206 1861 237 1924 6.
258 1863 307 1922 De
344 1857 587 1946 negotiatoribus
613 1873 729 1938 quous·

269 1965 328 2024 que
348 1944 531 2026 procedant.

208 2048 236 2108 7.
257 2027 307 2085 De
322 2027 541 2088 clamatoribus
558 2017 612 2079 oet
624 2018 728 2082 causi·

270 2106 359 2168 dicis.

206 2190 238 2252 8.
260 2191 308 2248 De
322 2191 495 2250 iuramento
510 2187 687 2268 infantium.

207 2293 236 2353 9.
258 2271 306 2329 Dc
323 2271 616 2350 conspirationibus.

104 2375 107 2381 ’
191 2376 237 2414 ιο.
258 2354 307 2412 De
325 2354 508 2439 periuriis„

191 2457 237 2498 ιι.
258 2437 307 2496 Dc
329 2435 516 2511 Advocatis‚
544 2433 728 2499 Vicedomi·

267 2521 331 2591 nis,
342 2517 384 2579 Vi
386 2520 480 2579 curiis
490 2517 725 2586 etCentenariis,

192 2622 237 2668 ιι.
258 2604 307 2662 De
328 2601 468 2666 teloneis.

193 2688 239 2751 ιδ.
260 2687 309 2745 De
323 2683 575 2764 falsismonctis.

190 2769 237 2845 tlt.
262 2771 307 2842 De
328 2766 508 2830 heribanno,

191 2853 237 2913 15.
260 2853 307 2911 De
325 2869 418 2910 censu
437 2847 546 2927 regali.

192 2931 238 2997 16.
259 2935 307 2992 Dc
329 2931 435 2992 liboris
457 2927 632 2990 bominibus
651 2949 731 2988 saxo·

268 3035 318 3074 res
326 3012 497 3096 fiscalinas
515 3009 707 3071 habentibus.

192 3116 236 3176 ¹7·
258 3096 308 3156 De
327 3115 404 3157 cura
425 3095 598 3154 Missorum
624 3090 729 3152 domi-

269 3181 420 3239 nicarum.

192 3259 237 3324 18.
258 3257 306 3320 De
327 3262 480 3339 aequitate
504 3259 523 3317 ia
540 3255 647 3317 Missis
668 3255 729 3318 do·

270 3340 563 3422 minicissacienda.

192 3445 238 3506 19.
259 3425 307 3483 De
316 3428 364 3485 bis
375 3421 590 3507 qraibcneficia
605 3423 727 3488 habau,

188 3528 237 3568 ιο.
258 3508 307 3566 De
325 3510 374 3568 bis
395 3509 451 3589 qrai
468 3502 621 3581 fraudem
638 3503 728 3581 faci-

268 3604 323 3651 unt
337 3594 370 3651 in
390 3587 544 3667 regalibus
556 3584 728 3669 beneficiis.

187 3673 307 3737 21.De
336 3676 384 3733 lais
414 3671 469 3753 qsai
494 3680 627 3749 propter
648 3667 727 3752 pro-

264 3758 369 3838 priam
400 3751 552 3814 iustitiam
586 3749 727 3810 dilatan-

269 3836 342 3897 dam
349 3837 517 3918 fugantur.

186 3938 237 3981 ιι.
257 3919 306 3980 De
326 3919 423 3980 armis
441 3913 486 3975 ad
493 3914 647 3999 placitum
665 3937 728 3977 non

294 4000 448 4063 ortandis.

163 4088 236 4162 ub.
291 4081 532 4145 elatronibus.'

185 4171 234 4246 24
257 4167 306 4228 De
322 4161 508 4228 animab'bus
521 4161 575 4222 uel
590 4162 662 4222 aliis
679 4183 727 4224 re·

263 4249 335 4326 bus,
357 4245 379 4308 is
400 4243 514 4332 quibus
531 4257 682 4312 ertantur.

860 1529 1007 1592 damnum
1016 1535 1061 1596 ibi
1075 1533 1319 1613 sactumfuerit.

779 1631 827 1693 ²7·
848 1613 898 1674 De
914 1637 949 1676 eo
968 1618 1023 1700 qui
1036 1617 1132 1676 alium
1151 1621 1183 1676 in
1200 1615 1321 1678 iudicio

859 1697 974 1757 iniuste
1008 1713 1118 1760 contra
1148 1701 1245 1760 alium
1272 1699 1322 1759 al·

859 1790 1029 1840 remantem
1055 1781 1208 1841 adiuvare
1231 1803 1325 1864 prae·

857 1865 1032 1944 sumpserit.

778 1939 827 2003 28.
849 1943 897 2003 De
926 1945 1048 2006 bomine
1076 1949 1131 2029 qui
1150 1966 1210 2030 per
1233 1951 1341 2010 ubam>

860 2037 924 2085 tam
957 2028 1132 2090 bbertatem
1168 2052 1321 2092 consecu-

858 2119 907 2166 tus
929 2123 984 2170 est.

776 2206 826 2269 ²9.
848 2189 897 2249 De
924 2193 1047 2252 bomine
1078 2194 1178 2257 libero
1204 2196 1320 2277 quise

856 2271 926 2333 loco
949 2273 1051 2335 wadii
1072 2277 1218 2337 tradidit.

775 2351 825 2414 50.
848 2355 897 2415 De
917 2355 1032 2418 debitis
1047 2360 1216 2439 regalibus,
1238 2380 1318 2442 qua·

856 2437 931 2497 liter
949 2440 1028 2500 solvi
1051 2441 1194 2502 debeant.

775 2516 825 2576 δι.
846 2518 895 2579 De
916 2525 1022 2605 ecqui
1043 2545 1168 2583 cansam
1192 2523 1318 2586 iudica·
1409 2562 1421 2572 -

859 2613 922 2660 tam
937 2618 1076 2687 repetere
1088 2609 1272 2688 praesumit.

777 2679 828 2742 32.
850 2682 899 2743 De
923 2705 959 2745 co
976 2689 1030 2769 qui
1055 2688 1089 2746 in
1107 2689 1321 2748 testimonium

861 2771 1038 2846 assumitur,
1059 2769 1162 2850 qualis
1179 2791 1245 2829 esse
1267 2770 1322 2830 de·

860 2847 938 2909 beat.

779 2927 828 2994 35.
849 2928 898 2990 De
920 2929 1099 3004 Scabineis‚
1126 2934 1318 3008 Advocatis,

859 3012 1034 3074 Notariisb
1056 3016 1164 3075 Missis
1179 3015 1319 3078 domini-

861 3095 905 3153 cis
920 3096 1082 3174 eligendis,

778 3175 830 3252 54.
851 3174 899 3236 Dc
921 3179 986 3238 illis
1006 3179 1061 3261 qui
1077 3180 1176 3260 legem
1190 3203 1320 3245 servare

859 3273 1068 3320 contemnunt.

777 3338 827 3402 35.
848 3337 896 3399 De
905 3343 1154 3404 heribannatoris
1169 3349 1320 3414 coniecto.

776 3421 825 3486 56.
849 3422 896 3481 De
919 3427 1038 3486 colonis
1062 3438 1092 3485 et
1104 3426 1278 3507 fiscalinis.

776 3505 826 3584 57.
846 3504 895 3564 De
931 3508 1054 3566 bomine
1099 3510 1132 3566 in
1168 3509 1320 3572 iudicium

858 3609 921 3647 non
946 3588 1098 3650 mittendo
1121 3591 1188 3650 sine
1214 3615 1319 3654 cansa.

777 3668 826 3734 58.
846 3669 896 3729 De
916 3692 1010 3730 causa
1026 3672 1108 3731 ebrii
1125 3673 1273 3753 bominis,
1290 3688 1320 3736 et

858 3749 898 3812 da
915 3755 979 3812 cius
996 3755 1176 3815 testimonio
1186 3801 1195 3833 ,
1228 3770 1259 3817 et
1280 3757 1320 3818 ds

857 3834 974 3910 placito
992 3834 1131 3895 Comitis.

776 3916 825 3997 39.
847 3915 896 3976 De
920 3915 1028 3976 Missis
1064 3916 1231 3978 dominicis
1267 3921 1324 3981 vel

858 4001 989 4060 caeteris
1004 4000 1180 4061 bominibus
1190 4001 1321 4082 ‚discur-

857 4081 1006 4145 reatibus.

774 4163 825 4244 do.
847 4162 897 4224 De
926 4161 992 4221 illis
1021 4163 1078 4243 qni
1100 4159 1146 4224 ad
1166 4162 1321 4247 placidam

856 4243 983 4311 banniri
1003 4243 1145 4314 debeant,
