2910 4986
548 331 662 390 uiues
698 331 850 390 suiuus.
1187 307 1261 380 ⁴09

610 479 659 537 Do
681 477 793 536 assuris,

211 585 250 644 V.
294 581 376 643 Item
393 582 425 644 in
444 582 557 644 eodem
567 581 727 658 Concilio,
742 602 800 641 seu
814 580 847 639 in
867 577 1004 644 decretis
1014 579 1118 662 Papae
1133 580 1262 656 Leonis,

133 687 258 727 necnon
279 676 311 726 et
330 665 362 724 in
379 666 563 726 Canoniltus
580 665 636 746 qui
657 665 813 725 dicuntur
824 659 1069 745 Apostolorum,
1085 663 1167 724 sicut
1182 671 1214 722 et
1229 663 1263 721 in
1339 735 1343 744 .

132 749 217 830 Lege
241 749 311 830 ipse
341 747 499 807 Dominus
521 747 707 830 praecepit,
734 745 866 805 omnino
889 745 1036 807 omnibus
1056 745 1265 806 interdictum

133 830 232 891 estad
254 851 383 890 usuram
397 829 522 912 aliquid
545 830 630 891 dare.
673 828 756 890 Ibid.
780 851 807 888 c.
831 827 858 891 5.

158 937 208 996 De
222 937 420 1014 Presbyteris
435 937 551 998 Missus
573 937 768 999 constantibus
790 949 821 997 et
841 957 905 996 non
926 935 1231 997 communicantibus.

211 1044 270 1103 vt.
310 1043 465 1102 Auditum
489 1052 538 1105 est
560 1042 686 1124 aliquos
706 1042 913 1126 Presbyteros
933 1042 1060 1102 Missam
1087 1039 1264 1118 celebrare,

133 1133 163 1186 et
184 1147 250 1186 non
275 1125 523 1186 communicare.
565 1126 662 1203 Quod
678 1124 809 1186 omnino
834 1125 868 1184 in
891 1124 1076 1184 Canonibns
1093 1123 1265 1203 Apostolo-

130 1229 201 1267 rum
232 1206 443 1268 interdictum
474 1229 540 1270 esse
571 1208 701 1290 legitur.
745 1207 809 1268 Vel
846 1206 1008 1293 quomodo
1036 1207 1143 1268 dicere
1177 1205 1264 1264 rectis

130 1298 234 1372 potest
242 1334 258 1415 ,ρ
274 1289 299 1350 si
320 1311 388 1432 peplo
410 1289 719 1432 cognmunicaverit:
742 1290 956 1376 Sumpsimus,
980 1289 1133 1361 Domine,
1161 1308 1265 1346 sucro-

131 1385 249 1431 menta.
299 1374 427 1432 Ii.c.
463 1418 470 1432 .

180 1479 229 1538 De
251 1480 300 1538 his
322 1481 376 1563 qui
397 1479 416 1538 ὰ
437 1479 569 1557 Synodo
592 1480 646 1541 oei
665 1481 684 1540 ὰ
705 1501 761 1540 suo
784 1477 942 1565 Episcopo
965 1477 1108 1537 destinati
1130 1490 1209 1538 sunt.

180 1577 184 1586 ’
209 1583 287 1646 Vll.
329 1587 416 1648 Haec
438 1608 514 1648 vero
538 1608 596 1670 per
620 1584 748 1669 singula
770 1584 910 1669 capitula
930 1583 963 1644 in
988 1585 1113 1646 statutis
1129 1585 1264 1646 Nicaeni

131 1665 271 1728 Concilii
285 1667 393 1750 legere
407 1669 557 1752 potestis,
577 1690 634 1730 seu
649 1669 681 1728 in
699 1669 771 1731 aliis
784 1679 967 1730 sanctorum
980 1668 1113 1730 Petrum
1131 1668 1265 1752 synoda·

131 1748 213 1812 libus
238 1749 354 1811 edictis
382 1759 415 1811 et
437 1751 470 1810 in
491 1750 699 1813 Antiocheno
723 1751 892 1828 Concilio,
914 1749 1002 1831 quod
1023 1750 1072 1812 his
1091 1752 1148 1831 qui
1173 1751 1263 1811 dam-

131 1832 196 1891 nati
215 1841 292 1894 sunt
314 1834 332 1892 a
354 1833 476 1914 synodo
496 1835 549 1895 vel
576 1834 674 1894 dsuo
693 1833 874 1915 Episcopo,
897 1841 930 1892 et
951 1833 1060 1915 posted
1082 1833 1263 1893 ministrare

127 1923 354 1996 praesumunt,
377 1915 576 1998 praecipitur
598 1924 634 1976 ut
662 1915 773 1977 nullus
798 1917 913 1976 audeat
937 1916 1184 1976 communicare.
1229 1914 1263 1974 Si

128 1997 199 2078 quis
216 2017 294 2059 vero
317 1997 364 2058 eis
387 1997 691 2075 communicaverit,
713 1997 812 2058 simili
836 1997 1015 2058 sententiae
1038 2009 1081 2072 e)
1102 1999 1264 2059 subiaceat

127 2079 209 2139 sicut
223 2087 254 2140 et
268 2079 445 2140 damnatus.
487 2080 572 2141 Ibid.
590 2102 616 2141 c.
636 2081 667 2140 6.
688 2103 716 2160 7.

456 2188 504 2248 Dc
526 2186 736 2270 siffrcgoneis
755 2187 932 2273 Episcopis.

210 2292 298 2352 Vlll.
341 2292 422 2352 Item
450 2293 485 2351 iu
513 2292 626 2353 eodem
651 2293 822 2370 Concilio,
856 2304 892 2353 ut
911 2295 951 2354 ad
978 2297 1264 2378 metropolitanum

127 2373 323 2456 Episcopum
339 2373 531 2456 suffraganei
545 2374 719 2456 respiciant
729 2421 738 2452 ,
755 2386 786 2436 et
801 2376 884 2436 nihil
903 2378 979 2441 novi
997 2380 1137 2440 audeant
1155 2381 1263 2440 fucere

128 2452 161 2513 in
180 2456 245 2516 suis
261 2455 421 2538 parochiis
443 2457 513 2522 sine
537 2457 735 2518 conscientie
752 2458 1007 2542 (et‘consiliof)
1030 2463 1079 2524 sui
1097 2463 1263 2542 Metropo-

125 2537 241 2616 litani,
261 2559 321 2600 nec
336 2539 604 2621 Metropolitanus
620 2539 690 2601 sine
705 2561 817 2602 eorum
832 2542 978 2604 consilio.
1020 2544 1103 2606 Ibid.
1125 2566 1151 2604 o.
1172 2543 1201 2604 8.

534 2648 582 2708 De
604 2649 855 2734 Cborepiscopis.

207 2753 261 2813 lX.
304 2756 386 2816 Item
406 2755 439 2815 in
459 2756 573 2817 eodem
595 2755 763 2833 Concilio,
788 2754 884 2816 simul
908 2763 939 2815 et
959 2754 992 2813 in
1014 2753 1262 2837 Ancyronensi,

127 2843 162 2893 ut
190 2834 422 2920 chorepiscopi
448 2846 642 2920 cognoscant
668 2839 799 2907 modum
825 2859 939 2914 suum,
975 2845 1008 2896 et
1034 2836 1116 2897 nihil
1144 2837 1264 2898 faciant

127 2916 245 2998 absque
262 2918 394 2980 licentia
412 2919 564 3003 Episcopi
585 2922 619 2980 in
639 2921 730 2982 ouius
748 2920 902 3002 parochia
915 2918 1070 2979 habitant.
1093 2919 1177 2981 Ibid.
1192 2940 1217 2981 c.
1233 2941 1263 3005 9,

338 3027 386 3085 De
408 3025 575 3111 Episcopis
596 3027 651 3086 uel
670 3026 859 3108 quibuslibet
879 3046 923 3086 eac
945 3025 1047 3086 Clero.

207 3133 245 3190 X.
288 3132 370 3192 Item
388 3133 419 3191 in
436 3133 550 3194 eodem
564 3133 734 3208 Concilio,
759 3143 795 3194 ut
809 3132 987 3216 Episcopus
995 3134 1051 3194 'vel
1067 3133 1206 3216 quilibet
1223 3157 1263 3196 ex

127 3212 214 3271 clero
234 3212 305 3274 sine
327 3215 463 3276 consilio
486 3217 539 3276 vel
562 3215 680 3277 litteris
697 3216 932 3299 Episcoporum
953 3215 1006 3278 vel
1020 3217 1263 3302 Metropolitani

128 3314 191 3353 non
209 3295 350 3356 audeant
371 3298 512 3378 regalem
535 3298 726 3379 dignitatem
742 3321 802 3381 pro
821 3298 885 3360 suis
907 3299 1010 3360 causis
1027 3301 1184 3377 clamasse,
1208 3301 1263 3361 sed

128 3375 159 3434 in
175 3378 580 3462 communiEpisooporum
590 3380 739 3442 Concilio
748 3403 842 3442 causa
853 3380 1064 3444 examinetur.
1078 3381 1201 3450 Ibide.
1217 3404 1262 3444 1o.

210 3489 212 3497 “
311 3485 359 3545 De
381 3487 634 3550 ordinationibus
654 3490 708 3549 uel
726 3488 918 3572 qssibuslibet
937 3488 1079 3567 negotiis.

207 3589 262 3648 Xl.
304 3591 385 3652 Item
412 3591 444 3650 in
477 3593 592 3654 eodem
617 3594 785 3671 Concilio,
816 3593 912 3654 simul
942 3601 974 3654 ct
1000 3593 1033 3653 in
1059 3593 1264 3671 sardicensi,

129 3690 254 3731 necnon
276 3682 309 3732 et
327 3673 361 3732 in
380 3674 517 3735 decretis
540 3677 723 3738 Innocentii
743 3677 869 3759 Papae,
892 3685 929 3735 ut
951 3674 1064 3736 nullus
1084 3677 1264 3760 Episcopus

130 3751 161 3810 in
181 3753 315 3816 alterius
344 3755 497 3837 parochia
519 3758 739 3820 ordinationes
767 3761 891 3842 aliquas
918 3757 1034 3818 audeat
1058 3759 1185 3836 facere,
1211 3759 1264 3822 vel

131 3836 254 3917 negotia
269 3858 423 3921 peragere
438 3860 521 3922 quac
542 3840 581 3900 ad
599 3863 671 3902 eum
692 3863 756 3902 non
782 3841 958 3927 pertinent.
1000 3839 1084 3902 Ibid.
1100 3861 1126 3902 c.
1151 3862 1196 3903 11.

487 3947 534 4008 De
556 3969 631 4010 curu
653 3948 890 4031 Episcoporum.

207 4025 281 4088 ΧΠ.
324 4030 405 4090 Item
419 4029 451 4088 in
468 4030 582 4093 eodem
595 4031 763 4107 Concilio,
779 4038 814 4089 ut
822 4029 1001 4110 Episcopus
1014 4027 1084 4090 eius
1097 4029 1263 4093 Ecclesiae

133 4127 236 4168 curam
254 4109 370 4172 habeat
389 4113 429 4172 ad
447 4133 542 4194 quarn
560 4113 725 4176 ordinatus
745 4121 801 4174 cst.
843 4111 927 4175 Ibid.
945 4132 970 4172 c.
997 4132 1042 4172 12.

140 4216 402 4236 -—-.-

165 4279 197 4336 ο)
214 4275 247 4326 al.
267 4290 325 4330 mss.
345 4282 504 4332 sententia*
702 4283 746 4354 f)
764 4282 869 4333 Desunt
888 4280 916 4332 in
934 4281 967 4344 al.
991 4295 1050 4333 mss.
