2948 4990
230 299 302 376 ⁵96
642 293 937 374 'cnrtsu'uttuun

228 463 301 543 420.
316 463 417 528 ineo
435 464 506 528 Ioco
524 457 713 526 manendum
731 481 769 519 u·
921 457 1016 520 etiam
1047 459 1087 524 ab
1117 461 1191 522 aliis
1218 459 1364 523 conlatas

330 547 770 631 nicuiqueubicunqueootum
921 541 1034 601 iniuste
1053 543 1226 626 possident.

330 633 463 693 voverit.
818 621 890 704 429.
918 623 967 682 De
987 625 1079 686 rebus
1098 624 1259 687 Ecclesiae
1280 643 1363 706 quae

227 711 301 790 422.
331 711 428 796 Quod
433 714 604 774 marimum
609 719 771 793 peccatum
921 706 984 766 sibi
1000 709 1069 768 iure
1082 707 1246 780 debentur,
1269 728 1308 768 ne
1326 708 1364 767 in

333 797 375 853 sit
402 795 554 880 spiritalis
589 790 768 853 commatris
921 788 1013 849 aliud
1022 789 1261 870 transferantur.

333 879 520 941 coniunctio.
819 867 891 944 450.
920 871 1016 955 Quod
1024 873 1198 934 homicidae
1208 886 1278 933 ante
1292 874 1362 932 De-

229 957 301 1034 422.
332 958 380 1016 De
401 953 437 1019 io
455 953 770 1042 qui-paganasobscr-
923 975 975 1012 um
984 953 1363 1042 deputenturquiresEc-

333 1040 613 1118 vationessecerit.
922 1033 1035 1099 clesioe
1055 1049 1183 1098 vastant.

229 1120 301 1200 425.
329 1121 515 1204 Praeceptio
543 1136 577 1183 ut
617 1117 773 1202 mancipia
819 1115 891 1194 452.
925 1116 967 1178 Ut
978 1121 1107 1204 capitali
1117 1121 1364 1202 poenamulten-

335 1201 514 1265 Christiana
551 1204 688 1286 Paganis
718 1197 774 1261 vel
920 1211 973 1260 tur
993 1204 1046 1284 qui
1063 1204 1242 1282 sacrilegia,
1266 1203 1363 1264 adul-

335 1284 462 1348 Iudaeis
484 1309 547 1348 non
570 1284 745 1348 tradantur.
924 1284 1017 1356 teria,
1038 1284 1279 1368 praedationes,
1308 1299 1363 1347 aut

231 1365 303 1446 424.
338 1367 380 1428 Ut
389 1391 494 1430 omnes
508 1371 656 1430 noverint
670 1383 772 1445 quan·
922 1365 1153 1429 devastationes
1162 1372 1365 1429 exercuerint

336 1465 401 1511 tum
424 1453 539 1513 malum
557 1453 599 1510 sit
625 1449 693 1510 Deo
719 1468 772 1505 sa·
820 1445 892 1523 452.
916 1447 966 1507 De
983 1451 1081 1519 uiris,
1105 1449 1192 1532 quod
1209 1453 1243 1510 in
1267 1453 1362 1511 casti-

337 1545 440 1593 cratas
459 1537 621 1598 incestare.
922 1543 984 1592 tate
1002 1552 1119 1592 uxores
1126 1553 1197 1591 suas
1213 1533 1361 1611 diligere,

232 1611 304 1690 425.
339 1613 381 1676 Ut
397 1618 472 1699 quia
485 1616 650 1679 necessitas
672 1615 773 1676 bello·
923 1615 1042 1695 eisque,
1064 1627 1098 1673 ut
1118 1616 1182 1673 vasi
1200 1613 1363 1698 infirmio-

339 1719 408 1761 rum
421 1700 516 1776 cogit,
536 1721 611 1784 pars
621 1697 772 1782 pecuniae
925 1697 967 1768 ri,
987 1695 1161 1756 custodiam
1170 1709 1200 1756 et
1208 1699 1362 1776 reliquam

335 1802 414 1865 qnae
438 1779 597 1842 Ecclesiae
622 1782 772 1848 debetur,
922 1781 1136 1838 necessitatem
1154 1778 1290 1841 debeant
1305 1781 1361 1838 im-

336 1865 497 1943 aliquanto
537 1877 673 1948 tempore
719 1859 775 1920 sub
921 1858 1070 1942 pendere.

360 1947 481 2005 recario
503 1949 685 2007 retineatur.
822 1939 894 2018 455.
920 1941 968 2000 De
992 1939 1205 2002 conservanda
1219 1941 1295 2027 fide
1311 1945 1363 2005 in·

234 2025 305 2106 426.
361 2026 773 2111 tEcclesiarumpriuilegia,
925 2037 973 2084 ter
986 2026 1085 2084 virum
1099 2038 1129 2085 et
1146 2046 1289 2088 uxorem.

338 2107 595 2189 uelsucultatem‚
617 2111 777 2190 siuequic·
824 2105 896 2183 454.
921 2107 968 2167 Ne
986 2107 1101 2168 Clerici
1122 2109 1286 2170 cuiuslibet
1307 2129 1362 2170 or-

342 2191 423 2275 quid
441 2191 486 2252 ad
505 2191 628 2252 easdem
641 2193 778 2276 pertinet
928 2188 1012 2248 dinis
1026 2191 1044 2247 ἰι
1060 2191 1247 2271 quibuslibet
1256 2192 1361 2254 Laicis

340 2275 444 2334 nullus
471 2272 623 2334 inuadere
642 2295 777 2357 praesu·
930 2271 1131 2344 iniurientur,
1161 2275 1209 2332 vel
1228 2275 1360 2354 apudc-

340 2370 413 2417 mat.
927 2355 986 2415 lios
1005 2375 1096 2436 quam
1120 2354 1207 2438 opud
1227 2355 1362 2440 Episco-

235 2439 307 2520 427.
340 2435 382 2499 Ut
395 2458 491 2520 neque
503 2439 776 2518 Rexnequesecu-
926 2458 984 2518 pos
1005 2449 1195 2496 accusentur.

340 2523 453 2582 larium
468 2522 630 2601 quisquam
643 2539 703 2603 per
716 2520 775 2576 vim
823 2515 894 2594 455.
923 2519 971 2578 De
987 2519 1034 2576 tis
1053 2518 1108 2599 qui
1123 2532 1303 2581 innocentes
1324 2545 1361 2582 n-

336 2601 471 2686 praedia
489 2601 700 2661 Ecclesiarum
721 2620 775 2659 ra-
923 2598 993 2684 pred
1009 2599 1189 2682 Principem
1210 2602 1259 2661 uel
1277 2603 1364 2688 apud

335 2687 416 2770 piat,
439 2705 516 2765 quae
531 2683 693 2766 Episcopi,
716 2679 777 2742 Ab·
926 2683 1004 2742 alios
1023 2684 1243 2743 accusaverint.

338 2767 436 2838 butes,
459 2765 512 2824 uel
528 2765 776 2826 Abbatissaere-
824 2763 894 2841 456.
928 2763 969 2824 Ut
992 2763 1107 2825 Clerici
1121 2763 1160 2823 de
1187 2767 1236 2824 his
1255 2768 1359 2827 causis

338 2869 410 2930 gere
433 2847 592 2907 uidentur.
926 2867 1003 2928 quas
1017 2846 1113 2907 seculi
1123 2847 1205 2926 leges
1221 2869 1286 2908 non
1301 2848 1360 2908 ad-

236 2930 307 3010 428ζ
336 2932 384 2989 De
401 2930 517 3014 hisqui
533 2950 596 2989 non
622 2931 722 2989 solum
736 2929 776 2990 de
920 2929 1070 3001 mittunt,
1099 2929 1224 2989 minime
1253 2931 1353 3015 impe·
1454 2947 1455 2950 ’

337 3013 430 3074 rebus
444 3015 508 3071 suis
527 3012 650 3090 aliquid
664 3012 777 3073 Eccle-
927 3023 1040 3072 tantur.

340 3097 404 3156 siae
426 3116 488 3155 non
508 3094 693 3175 conferunt,
722 3093 780 3153 sed

297 3208 564 3274 SEXTUS
606 3205 889 3270 INCIPIT
937 3207 1298 3276 LIBELLUS.

389 3316 550 3377 Inoni-tint·
571 3334 730 3375 nonnosus
751 3315 909 3376 enum
930 3313 1027 3376 Lucis
1048 3335 1185 3376 nivium.

555 3461 560 3470 -
602 3422 651 3480 De
672 3419 823 3499 effusione
849 3421 1017 3498 sanguinis.

322 3503 349 3571 Ι,
366 3572 372 3577 ,
391 3502 585 3584 Quicunque
601 3502 749 3564 effuderit
767 3502 943 3563 humanum
972 3506 1159 3587 sanguinem
1170 3549 1181 3580 ,
1205 3507 1360 3570 fundetur

241 3587 370 3672 sanguis
391 3585 490 3649 illius.

243 3671 338 3758 Quod
367 3667 400 3730 tt
427 3668 482 3749 qui
504 3687 616 3728 nomen
637 3666 768 3728 Domini
786 3667 820 3724 in
839 3688 955 3728 uanum
977 3666 1228 3754 adsumpserint,
1249 3673 1359 3752 graui·

682 3763 729 3808 ter
748 3747 919 3828 feriantur.

322 3836 365 3899 11.
407 3834 477 3895 Non
499 3830 645 3890 adsumes
661 3852 776 3890 nomen
792 3831 922 3900 Domini
942 3830 1004 3891 Dei
1014 3825 1067 3894 ‘tui
1085 3832 1118 3894 in
1140 3857 1275 3910 vanum
1301 3857 1358 3898 nec

241 3920 372 3982 habehit
391 3919 549 3977 insontem
562 3913 718 3976 Dominus
733 3934 807 3975 eum
824 3913 881 3997 qui
894 3913 1104 3998 adsumpserit
1118 3937 1234 3980 nomen
1248 3920 1355 3981 Domi-

243 4003 278 4063 ni
291 4003 352 4064 Dei
370 4000 419 4064 sui
433 3999 561 4058 frustra.

509 4081 558 4139 De
586 4078 770 4140 honorando
795 4090 885 4160 patre
918 4090 949 4138 et
976 4092 1084 4140 matre.

321 4163 384 4230 111.
424 4164 554 4222 Honora
570 4171 694 4243 patrem
714 4171 809 4225 tuum
827 4169 858 4222 et
878 4170 1010 4225 matrem
1025 4171 1134 4243 tuum,
1167 4173 1204 4228 ut
1225 4163 1272 4228 sis
1292 4166 1360 4230 lon·

241 4269 359 4331 gaesus
376 4266 474 4330 super
492 4254 618 4308 terram.
