2948 4990
577 333 691 390 cusa
728 329 886 390 sextus.
1194 310 1266 382 599

165 467 214 526 De
238 487 274 528 eo
288 470 342 549 qui
355 470 458 550 ignem
474 470 671 533 succenderit
688 473 720 530 in
743 474 826 550 agris
835 516 847 544 ,
870 482 903 532 ut
933 467 1079 530 damnum
1093 468 1246 534 restituat.

226 570 317 634 XXI.
358 575 393 635 si
416 595 559 658 egressus
584 575 666 658 ignis
687 575 849 637 invenerit
867 575 986 658 spicas,
1008 572 1270 653 et-comprehem

142 651 230 715 derit
248 676 379 718 acervos
393 658 523 740 frugum
537 659 604 720 sive
616 667 733 720 stantes
748 668 870 740 segetes
887 659 919 718 in
938 656 1031 740 agris,
1053 656 1168 718 reddat
1182 653 1266 716 dam-

140 737 298 818 numqui
320 737 427 820 ignem
447 741 660 802 succenderit.

240 867 245 873 ’
323 846 372 906 De
388 868 423 908 eo
439 851 494 929 qui
512 847 777 909 commendaverit
798 847 899 908 amieo
917 845 1090 930 pecuniam.

223 949 329 1011 XXII.
375 950 498 1034 Siquis
523 950 793 1016 commendaverit
810 952 912 1012 amico
932 948 1102 1034 pecuniam
1126 953 1180 1008 aut
1212 968 1266 1010 aas

140 1031 177 1090 in
191 1033 386 1109 custodiam,
409 1042 441 1094 et
459 1036 497 1094 ab
515 1055 552 1097 eo
571 1036 626 1118 qui
641 1035 837 1115 susceperit,
859 1036 947 1096 furto
979 1033 1118 1092 ablatum
1145 1031 1244 1091 fuerit
1255 1049 1281 1108 ,'

140 1113 169 1174 si
193 1113 361 1174 invenitur
374 1115 448 1192 fur,
469 1117 603 1198 duplum
619 1117 742 1180 reddat.
784 1118 818 1176 Si
845 1115 941 1194 latet,
973 1113 1122 1175 dominus
1153 1113 1264 1172 domus

141 1195 359 1276 applicabitur
376 1197 416 1257 ad
438 1199 531 1276 deos,
554 1209 586 1260 et
604 1199 720 1260 iurabit
738 1190 827 1279 quod
851 1220 914 1260 non
932 1195 1114 1259 extenderit
1135 1216 1266 1254 mannum

141 1277 178 1336 in
198 1299 266 1338 rem
288 1280 427 1360 proximi
449 1281 498 1342 sui
524 1283 564 1342 ad
589 1280 832 1364 perpetrandam
848 1281 993 1341 fraudem
1013 1281 1046 1338 in
1068 1276 1184 1337 bovem
1210 1277 1264 1338 nei

141 1358 286 1437 asinum,
309 1370 341 1420 et
355 1383 446 1423 ovem
460 1385 497 1423 ac
518 1365 753 1426 vestimentum.
798 1366 838 1426 Et
858 1363 1015 1445 quicquid
1038 1361 1187 1420 damnum
1211 1381 1269 1419 tn-

138 1441 228 1502 ferre
247 1451 369 1524 potest,
392 1444 430 1503 ab
450 1465 488 1505 eo
508 1447 675 1527 utriusque
690 1467 783 1508 causa
801 1446 975 1528 perveniat.
1016 1445 1059 1504 Et
1085 1441 1111 1502 si
1134 1441 1184 1502 iili
1210 1461 1262 1500 ar·

139 1521 242 1584 bitres
262 1525 499 1604 iudicaverint,
522 1528 657 1610 duplum
680 1529 826 1590 restituat
839 1528 985 1610 proximo
1003 1547 1069 1587 suo.

161 1629 212 1688 De
233 1630 331 1706 asino,
359 1631 451 1702 boae,
469 1634 612 1716 omnique
632 1634 768 1695 iumento
791 1633 836 1695 od
854 1631 1091 1694 custodiendum
1112 1629 1239 1695 tradite.

225 1733 348 1798 XXIII.
395 1735 430 1796 si
449 1735 522 1818 quis
537 1738 809 1799 commendaverit
833 1738 934 1798 amico
957 1737 1103 1820 asinum,
1125 1737 1258 1810 bovem,

139 1838 252 1894 ovem,
275 1825 308 1877 et
326 1839 419 1878 omne
439 1818 619 1879 iumentum
639 1821 678 1880 ad
696 1820 887 1897 custodiam,
914 1829 946 1879 et
967 1827 1127 1878 mortuum
1141 1816 1258 1892 fuerit,

140 1908 197 1959 aut
211 1898 429 1976 debilitatum,
451 1900 509 1961 vel·
524 1911 651 1982 captum
666 1903 704 1962 ab
727 1902 888 1978 hostibus,
911 1903 1083 1982 nullusque
1113 1900 1176 1960 hoc
1209 1897 1260 1960 vi·

139 1981 241 2059 derit,
274 1981 494 2042 iusiurandum
514 1982 575 2042 erit
591 1984 620 2042 in
645 1985 785 2044 medium
806 1986 894 2064 quod
910 2005 974 2043 non
997 1981 1177 2042 extenderit
1197 2002 1262 2039 ma·

141 2085 223 2123 num
254 2063 287 2122 in
320 2085 388 2124 rem
415 2064 552 2144 proximi
580 2065 655 2136 sni;
688 2066 902 2148 suscipiatque
927 2065 1074 2125 dominus
1098 2063 1260 2124 iuramen-

140 2156 230 2220 tum,
267 2153 299 2206 et
323 2147 378 2206 ille
396 2146 531 2205 reddere
547 2169 611 2206 non
632 2158 777 2229 cogetur.
828 2151 860 2209 Si
878 2151 963 2208 furto
979 2147 1136 2207 sublatum
1150 2144 1259 2220 fuerit,

140 2227 291 2289 restituat
311 2229 462 2290 damnum
476 2228 606 2289 domino
626 2251 693 2291 suo.
735 2231 769 2290 si
784 2239 957 2290 comestum
973 2231 989 2288 a
1004 2229 1116 2304 bestia,
1138 2227 1261 2286 deferat

142 2309 186 2369 ad
205 2329 279 2369 eum
294 2311 381 2390 quod
394 2308 534 2370 occisum
548 2321 611 2388 est,
631 2321 663 2373 et
678 2335 741 2374 non
758 2321 962 2373 restauretur.
1006 2310 1071 2385 Qui
1088 2308 1261 2392 aproximo

142 2412 203 2453 suo
216 2391 509 2474 quicquamhorum
526 2405 636 2454 mutuo
652 2395 832 2476 postularit,
854 2405 886 2455 et
899 2392 1098 2455 debilitatum
1114 2400 1169 2450 aut
1181 2409 1263 2448 mor·

142 2484 237 2533 tuum
256 2475 372 2551 fuerat,
405 2475 534 2536 domino
567 2497 632 2538 non
659 2487 844 2557 praesente,
882 2476 1017 2538 reddere
1041 2472 1262 2551 compellatur.

143 2555 241 2632 Quod
265 2555 292 2616 si
322 2555 355 2614 in
380 2558 643 2638 praesentiarium
665 2559 813 2619 dominus
841 2557 952 2633 fuerit,
978 2577 1042 2615 non
1058 2554 1261 2627 restituatur,

143 2638 281 2698 maxime
300 2637 327 2699 si
346 2639 525 2701 conductus
542 2639 667 2702 venerit
680 2663 739 2724 pro
754 2641 901 2702 mercede
922 2638 1026 2720 operis
1039 2636 1097 2698 sui.

186 2745 235 2804 De
252 2764 288 2804 eo
307 2747 363 2828 qui
375 2745 537 2808 seduxerit
550 2748 703 2826 virginem
729 2746 964 2830 desponsatam,
986 2743 1039 2802 oei
1060 2739 1224 2802 dormierit
1312 2767 1321 2777 -·

228 2905 354 2976 XXIV.
395 2909 429 2970 si
446 2909 611 2971 seduxerit
631 2849 704 2992 {iiii
724 2851 885 2992 Virginem
899 2908 1129 2990 desponsatam,
1151 2914 1183 2964 et
1197 2903 1267 2964 dor·

145 2989 256 3050 mierit
270 3011 342 3051 cum
358 3012 405 3067 ea,
428 2992 550 3052 dotabit
566 3014 646 3069 eam,
669 3003 701 3054 et
718 2991 848 3053 habebit
866 3010 1007 3051 uxorem.

166 3096 217 3156 De
232 3113 323 3180 patre
340 3097 477 3182 puellae,
495 3099 603 3174 sicam
620 3098 697 3175 dore
720 3100 868 3168 noluerit,
894 3110 928 3156 ut
957 3094 1070 3156 reddat
1086 3095 1249 3179 pecuniam

523 3182 615 3240 iuxta
647 3201 764 3240 morem
794 3180 886 3244 dotis,
1215 3236 1218 3246 Ι

229 3259 337 3326 XXV.
379 3257 413 3321 Si
429 3271 520 3343 pater
534 3261 677 3322 noluerit
695 3261 953 3344 virginemdare,
974 3259 1088 3320 reddat
1103 3258 1272 3340 pecuniam

147 3345 240 3406 iuxta
258 3365 378 3405 morem
403 3344 485 3406 dotis
503 3365 599 3427 quam
617 3343 758 3425 virgines
778 3343 923 3428 accipere
941 3350 1189 3405 consueverunt.

604 3449 652 3509 De
666 3448 827 3532 maleficis.

232 3553 359 3618 XXVI.
401 3555 562 3618 Malefieos
581 3576 645 3615 non
665 3554 795 3637 patiaris
813 3554 932 3616 vivere.

411 3664 461 3726 De
480 3665 528 3724 tis
548 3665 603 3746 qui
621 3684 690 3722 cum
711 3665 846 3723 iumento
869 3665 1011 3724 coierint.
1097 3661 1100 3666 ’

233 3745 373 3811 XXVII.
413 3745 478 3824 Qui
493 3744 616 3807 coierit
641 3767 713 3806 cum
734 3745 888 3822 iumento,
911 3754 1012 3805 morte
1034 3744 1197 3805 moriatur.

304 3853 353 3912 De
369 3851 417 3910 tis
430 3851 485 3934 qui
492 3853 563 3911 Diis
579 3851 742 3910 immolant
757 3849 805 3908 vel
828 3850 967 3909 advenas
982 3839 1135 3930 affligunt.

234 3955 397 4022 XXVIII.
440 3953 504 4034 Qui
527 3954 668 4013 immolat
687 3951 778 4031 Diis,
808 3951 981 4014 occidatur.
1025 3953 1192 4014 Advenam
1216 3973 1279 4013 non

153 4039 366 4118 contristabis,
388 4059 496 4120 neque
518 4034 642 4117 affliges
665 4057 748 4096 eum.

327 4143 375 4205 De
399 4137 529 4204 decimis
553 4141 753 4222 etprimitias
776 4141 915 4202 Domino
935 4139 1120 4223 offerendis.

236 4246 363 4317 XXIX.
403 4247 552 4314 Decimae
571 4257 660 4326 tuas,
682 4228 717 4309 et
736 4245 891 4331 primitias
919 4268 984 4310 non
1011 4240 1148 4312 tardabis
1171 4245 1284 4311 offerre
