2910 4984
1192 251 1266 336 8115

245 430 333 484 regna
358 415 512 476 collocare,
541 423 570 468 ct
587 412 672 468 lrabe-
829 430 878 486 pro
887 413 963 468 solid.
976 414 998 470 1.
1009 417 1125 487 scapilos
1133 415 1194 472 XL.
1210 417 1263 470 do-

241 495 290 538 snt
305 486 394 556 ipsum
440 486 498 538 ussi
521 495 670 541 mortuum.
830 485 1264 559 nantetdesigsleXX.Ssptem·

154 554 212 608 XI,
243 554 320 618 lllud
336 505 488 608 notandum
510 565 568 620 est,
595 555 672 630 quod
833 556 963 608 trionales
973 564 1006 618 ‚et
1015 557 1133 610 solidum
1147 574 1193 612 scs
1213 559 1265 612 ilos

239 626 332 678 trioles
369 626 474 679 debent
499 625 580 678 solidi
614 643 671 680 esse
829 627 908 678 XXX.
934 625 970 678 de
1000 643 1087 680 avena
1118 636 1148 681 et
1180 629 1264 696 sigale
1313 661 1317 668 ·

233 697 392 760 lSrrxonnm,
408 697 438 748 id
458 702 499 748 est
516 695 614 749 bovem
624 715 671 750 sn·
833 697 893 753 XV.
927 695 984 748 Mel
999 713 1063 749 vero
1089 715 1137 768 pro
1156 699 1263 764 solido,

240 765 352 820 neolum
369 766 515 836 utriusque
525 783 606 822 sexus
617 785 671 826 su·
733 795 737 802 ·
831 776 861 820 et
877 762 968 820 medio
986 766 1091 819 donant
1100 768 1265 839 septemtri-

235 836 330 890 tumui
356 845 499 907 tempore,
518 834 593 889 sicut
610 837 672 890 mit·
834 837 1036 890 onalcs'autem
1053 839 1267 893 unclaOrdeurn'

243 909 328 970 titur,
347 923 395 978 pro
421 923 476 958 uno
494 907 595 958 solido.
630 907 675 962 Si·
831 907 965 960 mundum
979 906 1051 960 sicut
1070 918 1098 961 et
1116 909 1201 976 sigale
1217 929 1266 983 pro

243 977 345 1031 militer
363 987 393 1031 et
409 993 521 1030 vernum
545 986 672 1058 tempus,
838 979 863 1032 1.
880 977 960 1030 solid.
982 976 1086 1031 donent
1103 979 1133 1029 in
1153 991 1266 1047 argento

242 1049 292 1172 spui
309 1046 383 1100 euim
402 1056 430 1100 et
448 1047 542 1118 aliqua
571 1057 627 1100 cxrt
647 1057 675 1100 et
839 1046 898 1103 XV.
918 1056 946 1100 et
970 1047 1036 1100 inde
1059 1048 1203 1118 speciebus
1232 1051 1268 1102 ad

268 1119 376 1188 einceps
404 1127 538 1190 quantum
557 1126 675 1171 aetatem
836 1118 919 1170 istum
937 1118 1060 1188 precium
1078 1135 1185 1174 omnem
1209 1138 1267 1178 scs·

246 1187 388 1248 inriserit,
415 1196 524 1240 tantum
540 1187 571 1239 in
587 1189 676 1259 pretio
837 1187 1020 1248 timetiotrcm.
1048 1197 1050 1203 ⁴

247 1261 359 1312 crescat
394 1259 437 1310 De
454 1273 520 1313 vero
546 1256 675 1312 bortrinis

408 1407 454 1471 11.
499 1407 684 1492 capitulare
700 1395 845 1495 'primum
866 1370 894 1474 ai
915 1412 988 1495 819.

165 1539 330 1609 Inscriptio.
365 1537 508 1607 Incipiunt
532 1536 674 1610 capitula,
761 1569 791 1582 -
843 1538 1267 1601 beneficiarioservovotumari.

124 1628 205 1684 quae
224 1608 330 1676 legibus
348 1609 556 1670 ascendamus,
567 1618 676 1679 quaest
846 1613 937 1676 occiso
954 1609 1101 1678 wirgildus.

123 1681 206 1733 missi
225 1687 254 1732 et
272 1678 383 1731 comites
399 1678 501 1732 habere
519 1687 548 1732 ct
575 1678 673 1731 ceteris
758 1677 809 1739 lx.
846 1679 936 1735 comes
952 1681 1184 1752 singulariterde
1199 1702 1267 1740 unc·

125 1760 201 1805 nota
219 1750 309 1802 lacere
328 1748 442 1807 debent.
751 1767 755 1778 ‘
866 1769 956 1823 usque
974 1767 1014 1806 re.

757 1822 810 1886 11.Ι
845 1771 876 1876 di
895 1835 987 1874 tamen
1009 1823 1159 1880 contentio.

295 1923 341 1974 im
377 1939 393 1973 0
467 1931 496 1975 at
739 1893 816 1948 XIV.
842 1893 1047 1956 constituatur,
1073 1903 1105 1946 ut
1122 1900 1241 1967 propter.

256 1938 293 1991 δι’
356 1940 375 1992 P
420 1939 504 1976 ω’
726 1963 818 2020 XVll.
868 1981 895 2017 er
910 1974 994 2033 ponte
1010 1972 1184 2020 transmeare.

166 2065 199 2079 ·-
254 2037 408 2109 persolvat,
435 2048 483 2093 sut
507 2041 593 2111 ipsum
617 2056 675 2093 ser·
722 2034 826 2091 XVlll.
844 1982 916 2086 bene
938 2042 1097 2102 pensantem
1122 2037 1266 2106 respuerit.

256 2109 414 2163 rumoldem
429 2111 561 2164 ecclesiae
575 2110 674 2164 tradat.
792 2129 822 2148 ··
843 2103 964 2156 bannum
984 2102 1041 2164 LX.
1059 2103 1171 2161 mlitios-

164 1850 190 1906 1.
217 1865 220 1870 ⁴
249 1849 485 1972 ecclesiselpuam
508 1851 585 1904 titius
607 1869 673 1904 son-

398 2280 463 2346 III.
488 2281 691 2374 =(lupitnlare
713 2287 863 2362 quartum
884 2297 911 2335 a.
932 2276 1004 2359 819.

165 2430 335 2502 Inscriptio.
369 2427 477 2553 Inpipit
503 2429 673 2502 capitulum,
759 2427 781 2481 1.
835 2397 951 2477 alienam
967 2431 1130 2498 potestatem
1143 2433 1264 2497 etpsop·

128 2521 187 2574 que
205 2520 255 2576 per
271 2519 301 2554 se
317 2499 404 2556 scribe
445 2519 461 2551 a
478 2509 507 2554 ct
537 2500 572 2552 ab
590 2501 675 2552 omni·
837 2503 880 2548 ter
898 2495 961 2551 lroc.

127 2572 183 2626 bus
217 2569 387 2626 observanda
418 2579 492 2626 sunt.
534 2571 578 2624 De
610 2569 676 2624 For·
759 2566 821 2620 lv:
843 2563 996 2617 tenendum
1011 2562 1119 2632 placito
1136 2561 1183 2619 rit.

126 2642 225 2699 eutis.
758 2636 793 2693 V.
842 2634 955 2706 insuper
972 2633 1107 2686 bannum.

393 2812 452 2878 lV.
495 2813 678 2914 capitulare
712 2813 863 2894 quintum
884 2832 912 2872 s.
933 2809 1005 2894 819.

166 2965 328 3032 Inscriptio.
364 2963 438 3018 llaec
462 2973 527 3018 sunt
553 2964 673 3036 capitula
843 2960 1000 3030 cipiendunr
1027 2958 1071 3010 sit.
1115 2955 1153 3009 Ut
1177 2955 1263 3009 missis

130 3035 266 3108 precipue
283 3035 319 3088 ad
343 3034 513 3101 legationem
531 3037 674 3088 Missurum
842 3031 957 3094 nostris,
985 3026 1116 3101 quamdiu
1134 3026 1206 3079 hanc
1223 3028 1265 3080 le-

131 3104 299 3176 pertinentia
317 3103 351 3156 ob
377 3108 521 3158 memoriae
548 3122 672 3167 causam,
845 3100 980 3166 gationem
998 3097 1169 3169 peregerint,
1191 3097 1266 3148 sicut

131 3177 168 3227 de
208 3174 287 3229 uibus
304 3176 505 3243 agereidebent
523 3175 625 3229 Albuin
644 3183 672 3229 et
846 3172 876 3222 in
895 3170 1049 3240 unicuique
1067 3168 1178 3218 illorum
1192 3175 1266 3219 trac·
1290 3201 1293 3207 -

131 3245 197 3299 Wic
218 3245 272 3296 old.
843 3241 912 3292 toria
929 3240 1101 3302 continetur,
1122 3237 1204 3288 detur
1220 3255 1267 3289 co·

168 3314 191 3369 1.
246 3313 317 3368 alter
338 3314 437 3369 Missus
461 3313 514 3368 bos
537 3321 674 3386 perpetro·
843 3311 931 3375 tidie,
950 3310 1085 3432 Episcopo
1104 3323 1187 3378 panes
1206 3308 1266 3361 XL.

256 3386 329 3438 verit
843 3379 916 3447 frisg.
944 3379 994 3432 11.
1030 3381 1073 3431 De
1101 3386 1168 3449 potu
1191 3379 1264 3430 mod.

172 3481 202 3495 -
255 3453 286 3506 in
303 3463 421 3508 nostram
443 3462 606 3527 potestatem
632 3469 676 3506 re·
845 3449 898 3507 IV.
909 3449 1061 3520 porcellum
1074 3447 1096 3512 1,
1107 3448 1197 3520 pullos
1211 3448 1264 3510 111,

258 3523 340 3594 degit.
846 3538 896 3575 ova
907 3521 968 3583 XV,
986 3537 1093 3584 annona
1111 3520 1145 3570 ad
1164 3517 1265 3572 caball.

170 3591 233 3647 Vll.
268 3596 290 3648 si
325 3595 361 3647 de
397 3591 519 3658 eiusdem
545 3591 677 3646 ecclesiae
845 3591 918 3644 mod.
937 3591 998 3654 lv„
1025 3589 1122 3642 Abbati
1149 3604 1212 3640 vero
1238 3596 1267 3640 et

259 3664 351 3722 rebus.
848 3661 946 3714 Comiti
981 3667 1066 3730 etque
1096 3657 1267 3710 ministeriali

172 3731 249 3789 XIV.
259 3743 367 3788 caetera
384 3739 458 3796 verb,
478 3749 550 3804 quae
571 3731 678 3786 Picarii
848 3730 983 3784 dominico
1000 3730 1150 3799 unicuique
1165 3728 1267 3781 cotidie

259 3815 288 3857 et
306 3804 463 3858 centenarii
480 3812 591 3858 tenent.
848 3815 936 3873 panes
957 3799 1044 3854 XXX.
1060 3799 1135 3864 srisg.
1152 3796 1188 3850 11.
1223 3799 1267 3852 De

172 3870 236 3928 XX.
261 3875 299 3926 Ut
315 3873 414 3928 Vicarii
433 3885 460 3926 et
476 3871 643 3928 Centenarii.
846 3881 914 3943 potu
931 3870 1004 3927 mod.
1021 3870 1059 3925 II.
1078 3866 1231 3940 porcellum
1240 3868 1264 3931 l,

172 3941 299 4000 XXl.Ut
316 3944 436 3998 Comites
464 3952 493 3998 et
517 3943 618 3997 Vicarii
642 3942 678 3996 dc
846 3942 937 4013 pullos
957 3940 1013 4004 111,
1044 3958 1096 3992 ova
1120 3937 1187 3999 XV,
1217 3956 1266 3991 un·

261 4013 459 4068 constitutione
478 4014 556 4081 legis.
591 4031 594 4042 ¹
845 4007 1268 4065 nonaadcsball.mod.lll.Vs·

153 4081 421 4156 .XXIX.Dispensa
438 4085 590 4148 Missorum,
611 4102 679 4156 qus·
837 4082 915 4147 ¹sallo
938 4091 1030 4133 nostro
1056 4078 1158 4134 cotidie
1182 4097 1267 4148 panes

259 4153 324 4206 liter
341 4154 436 4207 unicui
457 4172 492 4208 ue
509 4155 586 4208 iuxta
604 4173 680 4208 susm
847 4151 941 4206 XVII.
960 4151 1029 4220 frisg.
1055 4151 1077 4204 l.
1105 4151 1217 4218 porcell.
1243 4149 1266 4202 l.

260 4224 422 4296 qualitatem
438 4172 562 4279 ‘dandum
575 4225 620 4283 vol
635 4240 680 4278 ac·
848 4232 916 4293 potu
934 4221 1009 4280 mod.
1028 4221 1049 4276 1.
1065 4219 1136 4292 pull.
1163 4218 1186 4275 1.
1216 4235 1267 4273 ova

934 4325 982 4396 ⁵5
