2948 4990
571 325 685 386 risen
714 325 868 382 semus
1202 296 1274 376 ou

144 465 242 543 tiam,
265 464 328 527 nisi
343 473 397 524 aut
416 459 592 527 manifestis
610 465 738 526 indiciis
755 465 894 550 patuerit
908 467 1031 544 scelu‘s,
1054 474 1109 526 aut
1132 461 1276 544 legitime

145 547 249 608 fuerit
272 549 411 643 idipsum
430 549 550 608 malum
579 560 760 610 accusatum
783 559 877 630 atque
904 513 1102 618 convicium
1126 545 1277 638 quatinus

146 631 241 692 nulla
259 630 433 691 videantur
446 630 628 690 intentione
644 633 696 692 vel
718 630 895 726 ordipant
883 641 968 690 trum
985 627 1164 726 transgredi
1183 647 1278 708 prae·

146 722 242 794 cepta
211 714 473 788 tSauctorum,
498 722 552 771 aut
567 713 697 774 obviare
718 713 814 774 sacris
838 714 960 794 regulis
981 713 1195 794 antiquorum.

397 817 437 878 Ut
460 841 502 877 uo
505 820 565 878 leot
588 823 784 880 commutatio
813 822 891 878 sient
915 823 1040 903 emptio.

235 922 336 988 CLII.
380 924 609 1002 Commutatio,
633 925 658 985 si
681 948 746 986 nou
768 924 866 986 fuerit
880 948 938 1005 per
952 925 1016 988 vim
1035 933 1067 986 et
1084 934 1206 986 metum
1222 947 1279 987 ex-

147 1017 252 1084 torta,
275 1007 371 1066 talem
392 1007 520 1086 qualem
542 1015 573 1065 et
587 1008 705 1106 emptio
726 1007 842 1068 babeat
863 1008 1053 1074 firmitatem.

234 1113 271 1172 Si
292 1115 402 1171 timore
423 1113 552 1194 compnl
552 1133 603 1170 sus
630 1134 792 1196 quisquam
810 1135 841 1174 se
866 1136 992 1174 seruum
1008 1135 1072 1174 esse
1103 1114 1197 1181 dicat.

236 1216 293 1279 CI
295 1215 356 1278 ΙΙΙ.
398 1217 464 1294 Qui
480 1217 596 1277 timore
616 1220 798 1299 compulsus
815 1243 944 1282 servum
964 1241 996 1281 se
1015 1241 1082 1282 esse
1112 1233 1202 1282 extra
1228 1222 1281 1283 iu-

152 1299 276 1364 dicrum
295 1298 436 1376 dixerit
458 1301 586 1361 nullum
608 1301 843 1383 praeiudicium
863 1301 1047 1364 libertatis
1038 1314 1204 1381 mcurrat
1227 1306 1282 1367 do·

151 1405 216 1444 nce
234 1383 355 1442 iudicio
370 1391 612 1462 praesentetur,
636 1386 689 1445 vel
706 1385 886 1445 libertatem
910 1408 998 1445 sunm
1017 1386 1043 1446 si
1068 1408 1138 1446 eam
1145 1387 1282 1481 'proba-

149 1467 202 1526 vit
224 1473 391 1546 praesente
421 1465 553 1542 Iudice,
586 1465 736 1528 obtineat.
781 1466 893 1529 Auts1
920 1489 1032 1530 servus
1055 1467 1281 1548 convincitur,

149 1548 258 1609 statim
275 1545 406 1606 domiuo
424 1549 626 1614 reformetur

153 1655 203 1716 De
224 1653 420 1729 Presbyteris
436 1655 490 1714 vel
508 1656 701 1799 Diacorpbus
727 1658 793 1715 sine
816 1655 968 1740 Episcopi
984 1658 1034 1716 sui
1052 1657 1166 1740 epistol
1165 1678 1192 1717 ιι
1213 1677 1280 1717 om-

238 1814 354 1880 CLIV.
395 1819 584 1902 Presbytero
600 1762 653 1880 vei
655 1737 859 1881 liiiditiiio
835 1819 903 1882 sine
919 1819 1078 1881 Antistitis
1093 1820 1144 1882 sni
1166 1819 1282 1904 episto

150 1905 195 1965 lis
210 1899 408 1977 ambulanti,
431 1903 689 1964 communionem
707 1904 816 1964 nullus
835 1904 1007 1986 impendat.

175 2007 281 2076 Ut
301 2029 378 2066 unus
395 2007 485 2068 Atta
509 2008 630 2068 duobus
647 2011 843 2069 monasteriis
864 2011 988 2075 minime
1008 2009 1199 2092 praesideat.

238 2114 294 2257 C}
285 2111 336 2177 V.
380 2115 489 2173 Unum
508 2113 663 2176 abbatem
685 2114 809 2174 duobus
831 2113 1282 2198 monosteriislinterdicimus

150 2219 258 2282 praesr
285 2218 347 2258 ere.

152 2307 204 2368 De
233 2304 430 2380 Presbytero
449 2304 503 2364 oel
522 2325 554 2363 re
557 2305 710 2384 liquisl
672 2303 801 2364 Clericis
826 2295 888 2366 nois
906 2302 1164 2382 distringendis
1152 2329 1172 2364 a
1193 2327 1284 2367 secu-

366 2385 485 2446 laribus
511 2385 687 2457 Iudicibus,
710 2386 791 2446 sed
780 2411 799 2445 a
814 2389 877 2444 suis
893 2387 1070 2469 Eszscopis

242 2465 356 2532 CLVI.
400 2471 442 2526 Ut
475 2468 584 2529 nullus
615 2470 762 2530 Indicum
801 2491 906 2564 neque
939 2468 1148 2560 Presbyteros
1174 2489 1282 2549 neque

120 2545 127 2562 ¹
152 2551 316 2610 Diaconos
329 2571 465 2630 ‚neque
483 2541 626 2633 reliquos
639 2553 782 2613 Clericus
799 2551 879 2612 vel
870 2551 1013 2610 rnniores
1025 2548 1237 2626 Ecclesiae,
1214 2573 1284 2613 sine

153 2633 290 2692 licentia
309 2633 431 2713 proprii
454 2634 606 2729 Episcopi
632 2633 800 2717 distringat
828 2643 883 2692 aut
911 2632 1125 2692 condemnare
1151 2654 1285 2713 praesu-

153 2725 229 2778 mat.
273 2715 410 2791 Quodsi
429 2715 560 2793 fecerit,
581 2717 703 2776 tamdiu
719 2715 945 2778 communione
966 2714 1115 2795 privetur
1129 2715 1285 2794 quamdiu

153 2805 279 2858 reatum
301 2819 393 2856 suum
414 2810 584 2892 agposcat,
608 2809 638 2860 et
663 2822 721 2880 per
741 2799 989 2862 satisfactionem
1002 2795 1152 2856 emendet
1167 2798 1284 2859 Eccle-

154 2901 220 2940 siae
240 2879 327 2960 quod
347 2880 512 2944 commisit
557 2883 690 2965 Capitol.
710 2906 737 2942 o.
763 2883 831 2962 769.
854 2903 880 2945 c.
907 2901 952 2962 17.

366 2985 407 3046 Ut
424 2987 544 3046 Cl'erzci
561 2987 684 3047 Iudices
705 2990 859 3048 seculares
877 3008 940 3046 non
960 2985 1083 3050 adeant.

240 3067 373 3134 CLVII.
415 3069 531 3128 Nullus
559 3091 598 3128 ex
620 3071 733 3133 ordine
760 3071 981 3146 Clericorum,
1004 3067 1188 3129 inconsulto
1211 3089 1287 3150 pro·

154 3153 226 3236 prio
240 3153 411 3232 Episcopo,
435 3151 473 3209 ad
489 3151 633 3212 Iudicem
651 3155 738 3214 secul
742 3174 827 3211 arem
846 3162 967 3233 pergat,
981 3173 1087 3232 neque
1103 3150 1188 3231 apud
1200 3173 1285 3246 eum,

154 3257 213 3296 suo
232 3235 391 3314 Episcopo
413 3253 477 3291 non
491 3234 716 3312 permittente,
739 3256 930 3315 quemquam
950 3235 1097 3314 pulsare,
1116 3241 1170 3293 aut
1197 3233 1287 3314 quic-

154 3339 252 3398 quam
261 3327 333 3375 ante
344 3337 416 3375 eum
427 3316 634 3395 respondere,
646 3326 701 3377 aut
711 3319 882 3398 quicquam
894 3337 1075 3397 proponere
1089 3325 1284 3398 praesumat;

154 3420 262 3480 neque
273 3398 439 3458 criminale
457 3398 643 3477 negotium
634 3421 667 3458 ιιι
680 3399 800 3460 iudicio
812 3399 950 3460 seculari
965 3420 1145 3481 proponere
1162 3399 1285 3462 audeat.

174 3507 223 3564 De
255 3504 445 3564 secularibus
474 3503 528 3583 qui
555 3524 614 3584 per
640 3506 826 3564 columniam
853 3505 931 3564 Eccl
932 3505 1026 3564 esiam
1050 3505 1104 3564 vel
1125 3504 1262 3564 Clericos

517 3583 659 3664 fatigare
684 3601 897 3670 praesumunt.

237 3691 389 3753 CLVlll'
429 3689 462 3749 Si
495 3691 567 3770 qui's
588 3693 780 3752 secularium
802 3717 861 3776 per
891 3691 1082 3753 calumniam
1104 3691 1283 3753 Ecclesiam

150 3777 205 3837 vel
226 3797 276 3836 res
290 3796 379 3850 erus
402 3781 456 3830 aut
478 3773 620 3835 Clericus
641 3777 814 3838 cuiuslibet
837 3774 978 3850 ordinis,
1013 3773 1146 3865 fatigare
1178 3782 1284 3833 tenta-

149 3859 252 3934 verit,
277 3867 308 3918 et
331 3879 370 3916 ex
389 3855 632 3949 hocconvictus
653 3860 775 3935 suerit,
805 3859 843 3918 ab
872 3856 1034 3918 Ecclesiae
1064 3853 1229 3914 liminibus
1253 3866 1284 3917 et

149 3905 309 4001 catholica
343 3937 592 4015 communione,
628 3940 690 4001 nisi
716 3942 813 4022 digne
840 3937 1041 4024 poenituerit
1064 3946 1100 3996 et
1111 3957 1170 4018 per
1192 3939 1284 4042 satis-

147 4023 325 4084 factionem
347 4017 511 4082 Ecclesiae
532 4023 753 4083 emendavelit
760 4019 978 4104 ,repellatun

480 4125 527 4182 Ne
543 4127 750 4210 testificentur
761 4127 951 4188 manantissi.
1000 4201 1001 4205 Ἰ

191 4239 194 4242 ’
233 4223 347 4324 CLlX.
388 4221 537 4292 Libertus
575 4232 626 4295 vel
657 4233 772 4295 liberta
806 4233 840 4293 in
882 4229 981 4292 nullis
1009 4230 1146 4313 negotiis
1171 4237 1283 4296 contri
