2926 4984
211 316 286 394 568
636 339 923 398 CAPITULARIUM

212 500 280 541 esse
302 478 529 563 neglexerint,
557 478 648 542 iuxta
672 479 818 564 Apostoli
836 478 1030 544 sententiam
1053 483 1145 566 quusi
1167 478 1335 546 consenti·

211 570 302 623 entes
324 562 481 623 malorum
495 572 715 628 coerceantur.

272 666 323 728 De
343 667 542 743 Presbyteris
559 669 615 753 qui
630 681 742 731 contro
764 679 881 730 statuta
900 669 1059 732 Canonum
1080 667 1275 754 oilicifiunt.

295 771 487 839 CCCXXV.
538 775 696 835 ¹Similiter
731 775 770 836 de
800 776 866 838 illis
900 777 1100 861 Presbyteris
1134 778 1192 861 qui
1225 783 1338 836 contra

211 863 327 920 statuta
335 857 502 916 Canonum
510 857 600 916 vilici
613 857 704 933 fiunt,
720 859 866 921 tabernas
878 858 1116 941 ingrediuntur,
1132 858 1239 942 turpia
1248 858 1339 916 lucra

212 948 388 1015 sectantur,
410 949 442 998 et
462 939 684 1002 diversissimis
696 941 798 1001 modis
816 941 921 1003 usuris
933 943 1129 1020 inserviunt,
1152 953 1183 1004 et
1201 939 1338 1000 aliorum

215 1022 325 1082 domos
345 1019 516 1082 inhoneste
543 1031 574 1081 et
596 1021 756 1104 impudice
777 1023 1007 1105 frequentant,
1041 1034 1072 1085 et
1101 1021 1338 1085 commessatio-

214 1103 310 1164 nibus
329 1110 364 1163 et
377 1102 584 1164 ebrietatibus
605 1104 768 1165 deservire
788 1126 854 1166 non
869 1106 1080 1185 erubescunt,
1109 1116 1142 1168 et
1158 1127 1217 1190 per
1237 1103 1340 1164 diver·

213 1207 265 1246 sos
285 1194 440 1245 mercatos
458 1185 633 1246 indiscrete
653 1185 849 1266 discurrunt,
875 1189 1111 1268 observandum
1128 1185 1339 1250 iudicavimus
1410 1187 1414 1194 '

213 1276 251 1326 nt
266 1266 384 1328 abhinc
396 1266 540 1348 districte
556 1267 771 1349 severiterque
788 1279 1007 1341 coerceantur;
1029 1292 1069 1332 ne
1089 1293 1149 1354 per
1162 1289 1274 1331 corum
1286 1268 1339 1325 in-

214 1350 377 1410 licitamet
397 1348 605 1412 indecentem
624 1350 782 1410 actionem
796 1361 828 1413 et
843 1353 1058 1414 ministerium
1079 1351 1276 1415 sacerdotale
1287 1350 1339 1410 vi-

213 1441 400 1514 superetur,
433 1441 466 1492 et
496 1432 613 1513 quibus
636 1431 814 1496 debuerant
838 1456 905 1497 esse
924 1434 960 1496 in
985 1437 1179 1521 exemplum,
1201 1430 1339 1496 deueni-

215 1522 272 1574 ant
286 1515 320 1574 in
341 1511 536 1576 scandalum.

218 1643 315 1729 Quod
340 1648 534 1708 conversatio
565 1646 769 1710 sacerdotalis
795 1659 887 1710 testes
914 1651 993 1710 vitoe
1016 1646 1196 1733 probabiles
1218 1643 1340 1710 babeat.

299 1738 514 1824 'cccxxvi
556 1755 631 1817 Pari
646 1776 722 1838 ergo
738 1777 899 1818 consensu
915 1752 1007 1815 nobis
1024 1752 1127 1818 visum
1144 1763 1192 1816 est
1210 1760 1248 1811 ut
1259 1752 1342 1812 Pon·
1446 1829 1447 1842 χ

216 1832 331 1912 tifices,
354 1846 537 1897 sanctorum
555 1838 818 1920 praecedentium
830 1838 962 1900 Patrum
985 1835 1131 1918 exempla
1151 1841 1341 1916 sequentes,

217 1917 386 1998 religiosos
401 1919 656 1981 conversationis
676 1942 751 1981 suae
764 1929 860 1982 testes
879 1919 1029 1996 habeant,
1056 1926 1213 2000 quatenus
1241 1913 1343 1975 detra·

217 1997 297 2059 here
315 2000 498 2061 volentibus
525 2002 632 2062 locum
654 2003 786 2063 minime
805 2003 989 2085 praebeant.
1029 2002 1072 2060 Ut
1094 2020 1169 2082 ergo
1188 1997 1342 2058 Sacerdos

219 2080 386 2162 discipulis
400 2083 464 2142 suis
479 2082 518 2142 de
530 2085 698 2162 semetipso
713 2085 895 2166 exemplum
911 2083 1033 2144 bonum
1050 2081 1164 2142 debeat
1177 2078 1342 2162 praebere,

218 2163 390 2246 Apostolus
408 2164 551 2227 scribens
568 2165 607 2226 ad
625 2166 733 2225 Titum
748 2167 851 2244 docet,
872 2166 1002 2227 diceus:
1023 2169 1063 2226 In
1079 2163 1220 2223 orionibus
1243 2173 1271 2220 te
1291 2161 1343 2240 ip-

218 2264 288 2304 sum
304 2246 421 2329 proebe
442 2249 618 2331 exemplum
639 2247 789 2308 bonorum
810 2269 956 2332 operum,
977 2264 1011 2306 ιιι
1030 2246 1180 2315 caritate,
1209 2245 1244 2304 in
1265 2241 1345 2302 doc-

220 2329 318 2398 trino,
340 2329 374 2387 in
395 2330 551 2389 castitate:
575 2329 749 2410 etreliqua.
769 2333 883 2391 Beatus
899 2349 1029 2412 quoqne
1049 2326 1223 2407 Gregorius
1241 2323 1275 2384 in
1290 2322 1345 2383 de-

222 2409 320 2469 cretis
335 2408 399 2471 suis
418 2410 463 2470 ita
483 2412 542 2471 ait:
566 2411 768 2471 Verecundior
783 2433 849 2474 mos
870 2413 1003 2472 inolevit
1015 2422 1048 2469 ut
1062 2409 1153 2467 buius
1166 2406 1345 2466 sedisPon-

221 2488 361 2574 tifici'bus
383 2492 428 2551 od
441 2506 564 2567 ¹,secreta
584 2493 680 2553 cubili
699 2491 749 2551 sui
768 2495 899 2554 servitia
919 2494 993 2552 laici
1008 2491 1100 2576 pueri
1124 2489 1168 2548 eis
1188 2488 1343 2548 seculares

223 2575 454 2656 obsequantur,·
475 2587 506 2634 et
526 2577 753 2657 compastoris
772 2576 841 2634 vita
862 2596 928 2634 esse
949 2571 1114 2656 discipulis
1135 2590 1257 2653 semper
1285 2566 1345 2626 de-

223 2657 295 2716 bent
314 2658 347 2714 in
368 2658 559 2738 exemplum,
578 2658 760 2738 plerumque
772 2656 888 2716 Clerici
907 2657 1008 2741 qualis
1028 2657 1061 2711 in
1082 2667 1200 2713 secreto
1222 2653 1263 2709 sit
1276 2651 1346 2709 nito

223 2739 274 2798 sui
293 2735 462 2820 Pontificio
483 2740 636 2809 nesciunt,
658 2751 700 2811 ct,
724 2750 757 2796 ut
776 2741 872 2799 ictum
893 2751 939 2798 est
950 2783 962 2809 ,
998 2735 1151 2795 seculares
1168 2734 1262 2817 pueri
1282 2733 1345 2789 sci-

224 2833 290 2881 unt.
332 2821 381 2879 De
411 2841 473 2904 quo
493 2841 528 2881 re
551 2823 712 2902 praesenti
732 2820 858 2880 decreto
885 2821 1039 2880 constituo
1072 2828 1104 2875 ut
1139 2814 1269 2897 quidam
1295 2833 1339 2872 ex

227 2903 371 2974 Clerieis,
393 2904 556 2962 ueletiam
577 2923 621 2961 ere
641 2904 819 2974 Monaelzis,
842 2901 956 2962 delecti
974 2898 1148 2960 ministerio
1161 2897 1258 2958 cubili
1268 2915 1347 2979 pon·
1449 2895 1450 2946 ἓ

225 2983 355 3066 tifiealis
376 2987 600 3066 obsequentum
618 2997 655 3043 ut
671 2986 699 3042 is
718 2985 819 3068 quiin
832 2984 900 3043 loco
917 2995 962 3042 est
973 2981 1155 3060 regiminis,
1178 2979 1291 3038 babeat
1304 2989 1347 3034 te·

225 3079 287 3126 stes
309 3066 387 3126 tales
412 3069 469 3144 qui
487 3063 553 3126 eius
574 3068 608 3126 in
626 3063 744 3126 decreto
765 3063 1034 3126 conversationem
1065 3060 1215 3136 videant,
1245 3071 1275 3117 ct
1303 3077 1347 3116 ex

224 3150 347 3208 visione
368 3147 478 3208 sedula
498 3149 674 3232 exemplum
692 3145 852 3231 profectus
873 3158 1004 3206 sumant.
1046 3145 1132 3203 Haec
1161 3141 1261 3222 igitur
1288 3140 1345 3198 be·

225 3238 295 3290 atus
318 3230 492 3311 Gregorius
512 3231 648 3312 scripsit.
690 3232 858 3291 Caeterum
885 3250 942 3310 qui
967 3225 1087 3288 dehac
1114 3245 1149 3285 ra
1169 3222 1346 3305 copiosiora

226 3309 374 3392 exempla
394 3331 549 3393 quaerere
571 3311 755 3389 voluerint,
782 3311 863 3373 vitas
890 3309 976 3371 beati
1005 3306 1180 3389 Augustini
1210 3315 1243 3365 ct
1270 3303 1346 3363 Am·

223 3391 336 3467 brosii,
359 3401 392 3453 et
411 3403 610 3454 caeterorum
629 3394 766 3454 aliorum
784 3401 965 3455 sanctorum
987 3390 1145 3464 virorum,
1168 3389 1294 3468 legaut;
1317 3394 1349 3446 et

223 3473 393 3561 perspicue
414 3474 583 3536 invenient
604 3476 691 3556 qnod
711 3477 774 3535 vita
802 3485 835 3536 et
853 3472 1056 3536 conversatio
1075 3469 1242 3534 Pontificis
1263 3488 1347 3528 sem-

224 3577 284 3641 per
304 3565 400 3619 testes
422 3558 505 3621 vitae
526 3557 706 3640 probabiles
726 3557 844 3619 habere
867 3557 989 3619 debeat.

229 3685 272 3746 Ut
293 3685 444 3769 Episcopi
457 3687 490 3745 in
508 3687 599 3746 rebus
608 3683 768 3745 Ecclesiae
788 3688 873 3746 circo
886 3680 1079 3769 propinquos
1097 3701 1169 3740 suos
1184 3675 1348 3762 exponen-

242 3768 294 3827 dis
310 3770 581 3851 reprehensionem
594 3781 738 3839 caveant,
752 3780 783 3826 et
800 3780 832 3826 ut
844 3767 1043 3828 discretionis
1058 3763 1183 3852 niodum
1193 3773 1329 3822 teneant.

308 3870 538 3935 CCCXXVlI.
587 3869 747 3946 Quoniam
768 3865 861 3930 multi
881 3870 1123 3952 Episcoporum,
1145 3889 1251 3929 amore
1273 3890 1350 3951 pro-

247 3954 421 4036 iuquorum
440 3970 581 4029 suorum,
606 3951 755 4012 derebus
777 3954 837 4014 sibi
855 3953 1082 4014 commendatis
1103 3974 1159 4013 suo
1186 3960 1241 4010 aut
1266 3973 1350 4032 quo-

222 3977 305 4099 libet
320 4038 493 4097 amicorum
513 4034 644 4096 nominc
668 4034 797 4116 praedia
820 4045 852 4095 et
875 4035 1034 4116 mancipia
1056 4044 1176 4109 emunt,
1199 4042 1230 4092 et
1250 4041 1289 4091 ut
1315 4033 1349 4090 in

223 4121 481 4202 propinquorum
496 4139 626 4181 suorum
646 4117 695 4180 ius
718 4116 845 4194 cedant,
864 4125 1017 4191 statuunt,
1034 4125 1065 4177 ct
1086 4116 1127 4177 ob
1147 4115 1207 4176 hoc
1228 4123 1260 4174 ct
1278 4115 1351 4174 iura

225 4202 435 4263 ecclesiastica
453 4200 695 4277 convelluntur,
712 4211 744 4261 et
758 4199 970 4260 ministerium
982 4197 1177 4260 sacerdotale
1192 4199 1351 4272 fuscatur,

224 4284 321 4345 immo
344 4296 361 4344 a
382 4285 516 4348 subditis
536 4281 715 4346 detrahitur
737 4290 769 4346 et
790 4282 1025 4362 contemnitur,
1053 4279 1175 4366 placuit
1200 4279 1351 4341 omnibns
