2926 4986
452 285 455 291 ’
507 321 623 386 alren
658 323 863 388 suranus.
1195 313 1268 390 775

132 468 186 535 rel
212 455 389 530 Laicormn¹
408 462 449 528 de
479 451 663 550 suspicione
693 466 803 549 aliqua
824 465 970 530 iudicare
991 478 1189 554 praesumam
1223 469 1269 532 si-

132 553 266 628 militer,
288 571 329 610 ne
352 547 422 610 sine
447 558 633 612 accusatore
657 549 801 633 legitimo
826 551 986 649 quispiam
1015 553 1269 631 condemnetur,
1370 601 1375 612 .

71 713 74 722 ι
132 636 210 718 quia
234 632 410 716 pessimum
434 640 466 692 ct
492 632 711 716 periculosum
736 642 783 694 est
809 655 992 718 quempiam
1022 636 1061 696 de
1086 635 1270 717 suspicione
1366 661 1368 666 ·
1393 662 1398 676 ·

132 717 294 794 iudicare,
324 723 379 774 aut
408 714 478 775 sine
504 715 649 800 legitimo
671 724 855 778 accusatore
884 739 1080 802 quemquam
1108 718 1269 784 damnare.
1315 788 1319 795 ,
1359 724 1363 734 ’

136 788 178 866 V.‘
200 799 292 880 5ass·›
323 797 381 862 VJ.
404 797 476 862 ὅθι.

159 903 201 966 Ut
219 903 377 984 Episcopi
393 923 457 984 per
475 903 615 983 singulos
635 924 734 964 annos
760 905 953 964 circumeant
972 904 1144 984 parochias
1166 925 1249 964 suas.

212 1004 437 1071 'CCCCLXV.
479 1009 607 1070 Placuit
626 1018 663 1068 ut
682 1007 906 1091 unusquisque
931 1007 1112 1090 Episcopus
1133 1031 1192 1092 per
1207 1009 1271 1070 siu-

134 1092 226 1177 gulos
248 1111 349 1151 annos
367 1099 498 1151 cunctas
519 1091 682 1153 dioeceses
704 1091 937 1172 parochiasque
960 1113 1032 1151 snas
1049 1091 1188 1154 circuire
1202 1115 1269 1153 non
1319 1155 1322 1161 ,

133 1175 299 1257 neglegam
322 1173 379 1233 sed
399 1173 563 1250 docendo,
594 1173 833 1249 confirmando,
856 1173 983 1254 singula
1010 1193 1158 1255 quaeque
1186 1197 1269 1256 quac

84 1333 86 1341 Α
134 1255 313 1317 necessaria
336 1265 412 1315 sunt
434 1257 656 1336 restaurando,
680 1266 711 1318 et
735 1255 940 1338 corrigendo,
961 1265 1057 1339 prout
1078 1257 1194 1318 melius
1212 1280 1263 1320 va-

133 1337 245 1414 luerit,
267 1338 443 1422 resormare
471 1347 600 1421 satagat.

132 1443 179 1506 'Ut
204 1444 388 1518 Presbyteri
415 1456 445 1504 ct
473 1445 627 1516 Diaconi,
659 1440 786 1527 quando
813 1462 872 1526 per
886 1445 1055 1527 parochias
1077 1427 1271 1508 constituam

153 1539 226 1598 tur,
252 1525 436 1586 stabilitatis
466 1538 495 1586 et
526 1526 723 1588 obedientiae
741 1547 824 1609 ¹statae
847 1540 945 1606 *atque
975 1537 1092 1590 statuta
1122 1547 1249 1589 servare

296 1653 310 1670 „
369 1609 613 1691 promissionem
629 1629 685 1669 suo
702 1607 832 1690 faciant
848 1607 1021 1692 Episcopo.

216 1711 456 1779 CCCCLXVI.
499 1713 642 1792 Quando
666 1713 849 1796 Presbyteri
871 1724 926 1774 aut
942 1712 1079 1774 Diaconi
1098 1735 1156 1794 per
1173 1735 1269 1796 paro-

132 1797 220 1861 chias
243 1797 508 1876 constituuntur,
541 1807 668 1879 oportet
688 1818 742 1857 eos
762 1796 996 1881 professionem
1015 1796 1176 1878 Episcopo
1208 1817 1267 1858 suo

132 1884 251 1942 facere.
295 1879 429 1964 Capitul.
451 1891 480 1940 a:
503 1881 573 1961 744.
593 1901 619 1940 c.
647 1899 693 1941 ro.

131 1988 180 2050 Ne
202 1986 329 2048 Indices
350 1986 507 2072 qneslbbet
528 1985 666 2045 Clericus
689 1985 746 2044 ael
764 1984 878 2044 Servos
898 1981 1059 2046 Ecclesiae
1080 1983 1115 2043 in
1135 1985 1272 2046 saison-

234 2071 343 2150 gariis,
367 2081 420 2128 ant
440 2067 633 2150 quibuslibet
654 2068 759 2138 rebus,
782 2087 935 2150 occupare
952 2079 1186 2150 praesumant·

124 2216 132 2239 ,-
184 2171 474 2238 ·CCCCLXVll.
518 2175 559 2243 Ut
578 2195 643 2251 non
667 2169 763 2234 liceat
786 2172 949 2234 ludicibus
968 2173 1114 2235 Clericus
1137 2171 1302 2236 vel-sen.
1353 2173 1356 2179 ’

132 2281 189 2325 ros
209 2257 430 2320 Ecclesiaein
456 2254 522 2334 suis
546 2255 684 2338 angariis
708 2277 876 2338 occupare.

133 2367 185 2427 De
207 2362 361 2436 Ecclesiis
386 2376 416 2423 et
445 2361 571 2438 dotibus
597 2381 728 2434 earam,
752 2372 787 2420 ut
812 2359 856 2430 ad
878 2360 1033 2444 Episcopi
1051 2382 1176 2447 semper
1200 2361 1275 2424 dis-r
1308 2402 1311 2414 ·
1378 2401 1384 2410 -

500 2445 690 2528 positionem
705 2445 896 2528 pertineant.
1006 2447 1008 2452 '
1296 2466 1298 2471 ·

216 2517 477 2615 CCCdevtlt.
518 2549 645 2610 Placuit
666 2559 702 2608 ut
726 2569 836 2609 omnes
859 2547 1024 2609 Ecclesiae
1050 2571 1124 2610 cum
1141 2549 1270 2612 dotibus

133 2646 165 2697 et
191 2625 339 2694 omnibus
369 2633 465 2692 rebus
489 2630 554 2692 suis
582 2631 616 2690 in
640 2631 791 2715 Episcopi
816 2631 939 2714 proprii
962 2640 1117 2713 potestate
1143 2633 1268 2693 consis-

131 2727 220 2795 tant,
251 2727 347 2798 atque
371 2715 410 2774 ad
434 2715 670 2775 ordinationem
691 2716 742 2776 vel
766 2713 1009 2796 dispositionem
1031 2735 1121 2780 suam
1144 2735 1272 2799 semper

132 2801 332 2886 pertineant.
377 2795 861 2881 Capital.III.c.814.c.1t·
1123 2827 1125 2831 ’

239 2903 336 2988 Quod
357 2903 474 2964 Clerici
497 2903 627 2982 Iudices
652 2905 807 2963 seculares
829 2902 919 2963 adire
943 2924 1007 2963 non
1026 2903 1170 2966 debeant.

215 3008 452 3074 CCCCLXlX.
495 3012 538 3071 Ut
559 3009 678 3072 Clerici
696 3009 754 3096 qui
775 3007 935 3078 secnlares
952 3009 1081 3072 Iudices
1101 3017 1270 3094 appetunt,

133 3093 466 3158 excommunicentur.
1374 3095 1378 3104 “

185 3202 234 3263 De
261 3202 310 3260 bis
339 3201 393 3280 qni
422 3197 523 3258 viduis
557 3199 618 3258 vim
632 3191 808 3339 ἇηίοηιηι,
836 3211 905 3272 Ιειιιε
931 3175 1234 3286 seminasinvitas

296 3319 301 3326 *v
656 3293 759 3343 acuat.
1066 3316 1069 3324 «

214 3363 436 3429 CCCCtXX.
478 3363 605 3426 Placuit
636 3371 671 3422 ut
698 3361 806 3422 viduis
827 3381 886 3442 pro
913 3363 1270 3444 castitatcviolentiam

132 3451 243 3512 nullus
269 3449 404 3525 inferat,
428 3455 459 3510 ct
482 3456 517 3507 ut
539 3445 656 3508 mulier
680 3443 902 3505 invitavirnm
930 3469 994 3508 non
1023 3448 1127 3508 ducat.
1172 3445 1269 3522 Quod

131 3535 157 3596 si
180 3535 253 3614 quis
274 3532 398 3604 fecerit,
422 3530 455 3589 in
477 3529 574 3611 triplo
601 3527 691 3588 nobis
711 3529 856 3588 bannum
877 3539 1023 3590 nostrum
1047 3531 1218 3612 persolvat,
1236 3537 1268 3588 et

130 3619 169 3676 ab
191 3618 361 3698 Episcopo,
385 3623 491 3695 atque,
521 3611 546 3672 si
576 3632 707 3670 necesse
736 3611 855 3684 fuerit,
885 3611 1099 3694 distringente
1130 3611 1267 3686 Comitc,

129 3701 292 3780 publicam
314 3717 373 3778 per
404 3696 519 3778 gradus
551 3693 725 3754 canonicos
747 3693 982 3775 poenitentiam
1006 3715 1100 3776 agere
1127 3703 1268 3776 cogatur.

128 3781 172 3840 Et
192 3781 216 3841 si
230 3779 434 3838 ‘inobediens
457 3776 621 3851 extiterit,
645 3776 736 3836 nobis
757 3797 817 3858 per
843 3775 1039 3838 firmissimos
1065 3775 1268 3835 fideiussores

128 3871 363 3942 praesentetur,
386 3869 423 3919 ut
449 3867 504 3918 aut
532 3859 565 3917 in
596 3879 757 3918 carcerem
777 3858 975 3936 retrudatur,
997 3869 1052 3919 aut
1079 3858 1268 3918 inexilium

130 3944 335 4025 deportatum
365 3952 401 4002 ut
431 3951 463 4001 et
487 3941 607 4001 caeteri
634 3941 783 4001 timorem
807 3940 966 4019 habeant,
988 3963 1029 4003 ne
1055 3961 1199 4023 unquam
1218 3950 1267 4002 ta-

130 4024 176 4085 lia
196 4047 289 4108 agere
314 4030 530 4106 praesumant.

346 4132 395 4190 De
415 4129 594 4214 potentibus
613 4125 682 4214 qui>
697 4127 853 4213 quoslibet
878 4129 1055 4214 expoliant.

211 4231 454 4304 CCCCLXXI.
493 4231 621 4299 Placuit
637 4244 672 4300 ut
691 4233 718 4297 si
737 4233 810 4316 quis
825 4243 994 4322 potentum
1016 4233 1196 4319 quemlibet
1214 4217 1269 4301 ex-
