2948 4990
212 274 287 366 654
623 287 913 354 canno-cantum
932 343 935 350 ,

272 435 320 496 Ne
333 433 488 520 Episcopi
498 429 544 493 ad
559 431 642 496 bella
657 443 800 519 pergant.
842 429 1018 500 Comessio·
1030 389 1148 498 Domni
1165 435 1289 502 miuus
1343 501 1347 508 ,

676 515 893 598 Imperatoris.

293 617 494 684 CCCLXXI.
537 617 698 682 Omnibus
719 629 830 680 notum
845 617 911 681 esse
930 619 1079 684 volumus
1102 623 1178 710 quia
1202 646 1268 685 non
1284 645 1342 686 so-

209 709 279 770 lum
299 726 337 766 ea
366 724 448 785 qnae
473 723 570 784 super
592 703 824 786 Episcopornm
856 712 888 764 et
913 703 1176 788 Presbyterornm
1200 706 1344 769 bostium

209 787 451 862 vexationibus,
475 793 508 845 et
520 785 670 866 precibus
686 805 745 868 pro
762 786 853 848 nobis
867 793 899 846 et
919 785 1028 864 robis,
1057 788 1127 848 fieri
1155 790 1341 872 rogitastis,

209 871 388 934 concedere
409 875 573 950 optamus,
596 867 652 929 scd
675 867 832 950 quicquid
855 889 913 954 pro
937 879 1065 931 sanctae
1087 872 1149 932 Dei
1174 872 1341 935 Ecclesiae

208 965 242 1017 et
259 953 484 1027 sacerdotnm,
507 949 572 1024 sire
589 948 687 1010 totius
704 951 817 1033 populi
835 960 869 1012 st
888 961 993 1013 restra
1019 953 1177 1033 utilitate,
1200 955 1340 1016 invene-

206 1035 297 1115 ritis,
320 1034 499 1096 concedere
514 1032 701 1114 paratissimi
714 1053 830 1100 snmus.
871 1034 914 1094 Et
936 1035 1030 1096 modo
1049 1036 1119 1114 ista,
1142 1036 1226 1098 siem
1243 1037 1341 1122 petis-

103 1137 106 1144 ’
205 1120 271 1198 tis,
293 1117 508 1180 concedimus.
549 1117 592 1176 Et
604 1115 753 1196 quando,
775 1117 840 1180 vita
861 1117 989 1194 comite,
1008 1120 1078 1178 Deo
1093 1119 1283 1197 auxiliante,
1296 1120 1336 1181 ad

207 1201 358 1285 generale
378 1199 533 1283 placitum
545 1197 745 1270 venerimus,
767 1201 919 1261 consultu
932 1199 1077 1260 omnium
1092 1199 1237 1262 fidelium
1260 1223 1337 1264 nos-

206 1294 330 1346 trorum
346 1282 472 1366 scriptis
494 1279 639 1357 firmare,
669 1282 785 1344 nostris
814 1291 1060 1363 nostrorumque
1096 1292 1191 1366 atquc
1218 1284 1337 1347 futuris

206 1366 404 1450 temporibus
423 1361 694 1444 inrefragabiliter
709 1365 866 1424 manenda
885 1363 1083 1442 firmissime,
1105 1365 1245 1428 Domino
1275 1368 1334 1428 ad-

205 1449 435 1524 miniculante,
459 1444 620 1528 cupimus·
656 1445 752 1507 Modo
769 1467 903 1529 eaquae
924 1446 1086 1528 generalia
1100 1457 1194 1525 sunt,
1218 1460 1251 1512 et
1270 1471 1338 1510 orn·

205 1532 301 1593 nibus
317 1527 517 1591 conveniunt
540 1526 724 1606 ordinibus,
747 1538 884 1591 statuere
912 1549 948 1590 ac
977 1529 1103 1590 cunctis
1124 1541 1252 1592 sanctae
1271 1531 1334 1592 Dei

204 1613 370 1676 Ecclesiae
394 1610 575 1692 nostrisque
596 1610 760 1689 fidelibus,
783 1613 824 1672 ob
845 1611 911 1672 Dei
938 1610 1167 1694 omnipotentis
1194 1633 1335 1675 amorem

205 1692 511 1770 arecon-dationem,
521 1693 881 1775 traderepnratisnmus,
895 1703 928 1756 et
940 1695 980 1754 nd
996 1693 1179 1777 proximum
1193 1698 1335 1780 Synodn.

204 1778 623 1840 lemnostrumconventum
636 1798 673 1837 nc
684 1778 832 1859 generale
845 1777 1011 1859 placitum,
1020 1775 1072 1836 nbi
1082 1777 1192 1858 plnres
1202 1778 1334 1862 Episco-

203 1860 238 1946 pi
250 1869 284 1922 et
294 1860 433 1922 Comites
442 1859 665 1938 convenerint,
676 1859 734 1920 ista
743 1859 827 1922 sicut
842 1858 1009 1944 postulatis
1020 1857 1224 1922 firmabimus.
1246 1860 1333 1928 Idid.

609 1975 792 2061 Exquiliis
811 1997 915 2062 snpra.

432 2055 812 2123 Sacnnnouxnus
853 2075 1106 2123 emmane.

288 2162 505 2228 CCCLXXH.
546 2165 654 2227 Primo
668 2167 812 2228 omnium
828 2188 994 2228 monemus
1019 2175 1055 2226 nt
1076 2165 1156 2228 fides
1174 2163 1332 2227 catholiea

204 2249 223 2310 d
243 2247 442 2329 Presbyteris
461 2255 494 2308 et
506 2248 672 2332 Episcopis
695 2250 870 2332 diligenter
886 2249 1026 2330 legatur,
1049 2257 1081 2310 et
1098 2248 1185 2308 omni
1207 2249 1331 2329 populo

202 2329 422 2414 praedicetur;
444 2329 597 2410 quiahoc
613 2331 751 2414 primum
782 2342 987 2415 praeceptum
1017 2331 1150 2390 Domini
1182 2331 1332 2412 omnipo·

202 2412 301 2474 tentis
321 2413 355 2472 in
371 2412 457 2494 Lege
476 2421 522 2474 est
556 2412 710 2476 dicentis:
731 2413 836 2486 Audi,
857 2416 977 2475 Israel:
998 2414 1244 2474 DominnsDens
1260 2425 1331 2472 tuus

202 2494 288 2561 Deus
304 2515 381 2554 unns
399 2506 454 2554 est.
475 2496 518 2555 Et
535 2504 570 2554 ut
589 2497 742 2580 diligatur
758 2518 797 2558 ex
817 2507 884 2559 toto
909 2497 1005 2558 corde
1017 2504 1049 2556 et
1071 2517 1111 2558 ex
1129 2503 1195 2556 tota
1209 2503 1332 2572 mente,

204 2585 236 2640 et
250 2597 292 2640 ex
306 2585 374 2638 tota
386 2576 515 2642 virtute.
539 2655 542 2660 Ι
559 2579 692 2664 Capitol.
714 2581 743 2641 I.
759 2603 787 2645 a.
805 2581 873 2662 789.
892 2601 909 2640 e
936 2579 986 2661 59.
1024 2597 1029 2608 ³

607 2685 663 2748 Eo:
675 2687 787 2770 quibus
804 2707 909 2770 supro.

460 2766 1069 2862 Gennnauinsulomnsuns.

286 2873 519 2943 CCCLXXIH.
562 2879 675 2960 Utpax
692 2865 733 2938 sit
752 2885 784 2938 et
802 2873 975 2937 concordia
993 2883 1025 2934 et
1042 2871 1236 2933 unanimitas
1257 2891 1332 2930 cum

203 2961 291 3026 omni
304 2963 426 3046 populo
448 2959 631 3021 Christiano
651 2960 737 3020 inter
758 2959 952 3042 Episcopos,
981 2956 1138 3034 Abbates‚
1172 2954 1332 3030 Comites,

203 3047 353 3120 indisso,
377 3054 407 3104 et
425 3063 536 3104 omnes
558 3043 679 3124 ubique
698 3041 833 3102 maiores
851 3063 909 3104 seu
932 3039 1074 3100 minores
1096 3059 1250 3122 personae
1272 3057 1332 3119 pa-

202 3151 272 3191 cem
299 3127 449 3206 lsabcant3
473 3125 549 3206 quia
567 3125 650 3185 nihil
672 3125 741 3186 Deo
773 3124 842 3186 sine
865 3145 943 3206 pace
969 3123 1094 3204 placet,
1129 3141 1189 3180 nec
1213 3139 1332 3178 munus

201 3219 328 3274 sanctae
350 3209 520 3270 oblationis
534 3209 574 3269 ad
595 3209 714 3285 altare,
736 3207 820 3270 sicut
842 3206 876 3266 in
904 3203 1081 3286 Evangelio
1101 3203 1170 3284 ipso
1190 3201 1333 3274 Domino

200 3289 420 3377 praecipiente
439 3289 572 3373 legium
595 3291 672 3371 quia
686 3299 718 3350 et
750 3289 834 3350 illud
856 3288 1034 3350 secundum
1062 3285 1246 3356 mandatum
1266 3291 1332 3348 estt

200 3371 324 3458 Diliges
337 3373 521 3459 proximum
537 3383 623 3434 tuum
642 3374 723 3433 sicut
746 3372 949 3454 temetipsum.
984 3371 1065 3428 Item
1080 3367 1114 3426 in
1134 3365 1331 3448 Evangelio:

200 3463 292 3522 Booti
307 3455 437 3543 pacifici
463 3453 610 3535 quoniam
625 3455 699 3540 fitia·
725 3457 788 3516 Dei
810 3453 1016 3516 vocabuntur.
1057 3451 1099 3510 Et
1123 3449 1256 3508 iterum:
1291 3452 1332 3506 In

201 3547 259 3608 boc
278 3551 463 3622 cognoscent
483 3560 588 3598 ontnes
611 3539 686 3623 quio
703 3539 765 3596 mei
787 3535 937 3620 discipuli
960 3535 1033 3592 estis
1043 3577 1055 3604 ,
1079 3535 1108 3590 si
1132 3530 1333 3593 dilectionem

202 3625 373 3691 habueritis
394 3619 596 3682 adinvicem.
639 3621 675 3680 In
705 3619 767 3689 hoc
795 3619 881 3678 enim
906 3625 1077 3698 praecepto
1104 3615 1334 3674 discernuntur

202 3708 336 3772 filiiDei
358 3717 391 3766 et
410 3703 469 3764 lilii
489 3702 623 3774 diaboli;
648 3701 724 3782 quia
744 3699 802 3763 lilii
825 3699 943 3762 diaboli
974 3718 1099 3778 semper
1121 3695 1334 3786 dissentiones

203 3804 235 3856 et
250 3788 425 3854 discordias
453 3807 580 3847 movere
601 3794 761 3865 satagunt:
784 3783 844 3843 filii
860 3791 968 3842 eutem
980 3779 1043 3841 Dei
1063 3799 1189 3860 semper
1214 3797 1286 3860 paci
1302 3784 1336 3836 et

203 3871 373 3943 dilectioni
392 3868 531 3932 student.
574 3867 662 3936 Jtid.
681 3889 707 3933 c.
732 3867 783 3932 60.

211 3975 213 3980 ’
611 3971 671 4034 Es·
694 3972 805 4054 quibus
829 3991 934 4054 supro.

454 4058 800 4120 Guunnncrcnn
848 4069 1084 4115 connisus.
1162 4097 1165 4104 ⁴

289 4161 528 4231 CCCLXXIV.
571 4153 653 4222 Item
670 4157 824 4220 hebemus
841 4157 875 4217 in
890 4160 975 4239 Lege
985 4153 1115 4216 Domini
1134 4154 1335 4236 mandatums

203 4253 276 4316 Non
296 4249 521 4331 attgmiemini'
553 4247 594 4310 Et
610 4241 643 4307 in
664 4240 935 4308 Deuteronomio:
958 4239 1056 4301 Nemo
1073 4239 1115 4300 sit
1138 4239 1194 4320 qni
1216 4237 1336 4300 ariolos
