2926 4984
527 369 642 426 tinea
677 369 853 434 omarus.
1168 353 1240 428 ⁶65

111 533 176 596 per
206 507 362 594 Spiritum
396 519 541 574 sanctum
574 510 721 572 remissio
750 519 956 592 pcccatorum
985 513 1018 572 in
1054 512 1242 596 baptismate

113 595 324 670 conseratur,
354 602 386 655 et
410 592 672 674 quod'fidelibus
694 594 726 652 in
755 595 900 654 Ecclesia
925 594 1067 664 Christi,
1100 597 1245 656 eiusdem

113 677 219 738 sancti
243 676 380 758 Spiritus
401 675 497 751 dono,
520 695 578 755 per
591 675 804 737 ministerium
822 678 1029 754 sacerdotale,
1052 689 1085 739 et
1098 699 1156 760 per
1170 699 1245 759 poe-

114 759 289 818 nitentiam
309 767 341 818 et
363 758 600 818 'absolutionem
620 779 797 840 manusque
820 759 1078 842 impositionem,
1100 761 1248 822 remissio

112 850 325 925 peccatorum
347 837 567 900 indubitanter
589 838 802 901 adtribuatur.

200 947 251 1004 De
266 958 401 1027 quatuor
414 945 503 1005 vitiis
513 942 699 1027 qaacfidcm
722 947 908 1008 catholicam
930 950 1164 1016 commaculant.

202 1048 396 1114 CCCXVll.
448 1049 577 1110 Placuit
601 1049 676 1110 sciri
710 1053 857 1130 omnibns
884 1055 971 1136 quod
1006 1067 1147 1136 quatuor
1175 1063 1251 1118 sunt

112 1133 196 1197 ¹sitia
220 1143 302 1214 quae
324 1143 465 1192 nostram
484 1132 599 1192 Eidem
620 1131 706 1193 inter
733 1145 858 1196 caetera
886 1139 968 1196 mala
996 1139 1229 1200 commaculant
1238 1164 1246 1210 ς

118 1237 205 1299 quae
228 1225 348 1297 quanto
360 1225 436 1276 sunt
448 1215 634 1288 occultiora,
656 1225 744 1276 tanto
757 1219 946 1298 perniciosas
968 1219 1072 1298 idest,
1093 1221 1243 1304 superbia

118 1321 182 1384 per
202 1320 298 1379 quam
317 1297 471 1378 angelus,
494 1296 639 1358 diabolus
662 1298 811 1377 allectus,
833 1301 872 1361 de
888 1301 1043 1363 coelo‘est
1061 1305 1190 1373 eiectus;
1206 1303 1254 1362 in·
1344 1367 1347 1374 ,

121 1383 222 1456 vidia,
245 1401 303 1462 per
322 1401 418 1460 quam
437 1379 524 1439 idem
541 1379 686 1443 diabolas
717 1381 880 1443 hominem
906 1384 946 1443 de
976 1381 1122 1466 paradiso
1145 1385 1252 1461 eiecit,

112 1465 233 1525 odiam
255 1471 287 1522 et
305 1461 490 1538 discordia,
509 1484 591 1542 qaae
610 1463 774 1522 caritatem
792 1465 877 1526 inter
889 1461 1051 1548 proximos
1066 1467 1254 1548 extingunt3

120 1559 157 1608 et
182 1545 392 1606 dilectionem
416 1553 583 1620 evacuant,
602 1554 633 1606 et
654 1545 761 1604 omnia
783 1547 870 1608 bona
887 1557 1096 1628 pervertunt,
1128 1559 1160 1608 et
1186 1570 1252 1607 non

121 1631 238 1690 sinunt
257 1627 418 1708 prosimos
438 1625 471 1684 in
488 1635 598 1685 mutua
617 1626 792 1689 dilectione
810 1631 1003 1707 consistere,
1023 1651 1084 1690 nec
1110 1630 1254 1711 quietam

121 1710 421 1792 tranquillamque,
445 1717 480 1770 ut
506 1708 675 1792 decuerat,
704 1709 903 1776 Christianos
924 1711 1022 1780 vitam
1043 1712 1172 1781 ducere.
1212 1713 1255 1772 Et

123 1795 264 1877 reliqua.

129 1898 230 1986 Quod¹
251 1897 435 1957 aniversalis
460 1910 568 1962 sancta
590 1899 654 1958 Dei
676 1897 818 1958 Ecclesia
850 1921 944 1968 anam
970 1921 1098 1986 corpas,
1128 1904 1256 1982 eiusque

530 1993 623 2062 capae
644 1981 786 2047 Christus
806 1982 856 2044 sit.

212 2083 430 2152 CCCXVIII.
484 2086 629 2147 Primum
658 2086 774 2168 igitur,
807 2087 895 2168 quod
920 2089 1113 2150 universalis
1150 2097 1258 2150 sancta

123 2169 189 2232 Dei
208 2168 354 2228 Ecclesia
370 2191 471 2233 unum
493 2189 609 2249 corpus
633 2169 800 2250 manifeste
827 2191 893 2230 esse
924 2173 1091 2247 credatur,
1122 2173 1256 2252 eiusque

126 2261 224 2334 caput
242 2250 398 2324 Christus,
420 2250 602 2332 apostolicis
622 2250 758 2310 oraculis
778 2251 980 2332 approbatur.
1016 2256 1106 2313 Unde
1120 2255 1257 2314 Paulus:

129 2336 197 2396 Vos
220 2345 322 2391 aute-m
339 2335 427 2408 estis,
445 2335 564 2413 inquit,
581 2355 694 2414 corpas
706 2327 835 2403 Christi,
859 2347 888 2392 et
902 2337 1040 2394 nzenahra
1054 2335 1092 2392 de
1109 2337 1257 2394 membra.

126 2420 296 2496 Itemque:
317 2415 406 2474 Sicat
427 2418 508 2474 enim
529 2418 561 2474 ln
584 2437 644 2474 rano
667 2435 798 2491 corpore
819 2417 917 2474 multa
937 2419 1075 2476 membra
1090 2419 1255 2486 habemas,

127 2498 237 2560 omnia
258 2509 359 2555 autem
381 2498 518 2557 membra
546 2519 609 2557 non
641 2497 773 2555 carnalem
800 2509 903 2555 actam
929 2499 1062 2573 liabent,
1094 2499 1139 2554 ita
1169 2497 1260 2555 nala

130 2600 227 2640 unam
249 2599 363 2658 corpus
376 2599 479 2638 sumas
493 2580 526 2637 in
542 2578 675 2643 Christo.
713 2580 810 2638 Item:
841 2578 935 2636 Caius
948 2591 1040 2661 captat
1055 2591 1100 2636 est
1119 2577 1260 2636 Christus

130 2683 175 2722 ex
197 2680 258 2742 qao
280 2673 377 2719 totam
402 2680 514 2742 corpas
533 2681 727 2744 pernexum
749 2673 780 2718 et
800 2661 1033 2720 coniunctiones
1055 2659 1260 2718 administra·
1287 2707 1288 2710 ,

132 2758 197 2804 tam
221 2743 334 2801 crescit
361 2744 395 2800 in
424 2744 570 2823 templana
597 2755 738 2802 sanctam
771 2743 804 2800 in
830 2742 977 2806 Domino.
1029 2743 1112 2800 Sunt
1142 2751 1174 2800 et
1198 2740 1259 2799 aliu

131 2827 269 2888 huiusce
287 2825 335 2886 rei
355 2823 525 2887 innumera
544 2825 705 2903 exempla,
728 2845 814 2903 quae
831 2822 901 2898 hio,
926 2822 965 2882 ob
980 2823 1198 2904 prolixitatem
1211 2822 1262 2882 vi-

132 2907 274 2984 tan'dam,
297 2905 607 2987 praetermittuntur.
629 2905 784 2985 Quisquis
800 2925 875 2983 ergo
889 2925 947 2983 per
961 2906 1068 2987 aliqua
1082 2904 1207 2964 inlicita
1222 2925 1262 2962 ex

133 2992 277 3051 membro
297 2987 416 3048 Christi
434 3009 467 3049 se
489 2988 566 3051 fecit
587 2987 763 3047 membrum
784 2986 914 3061 diaboli,
939 2985 1065 3046 noverit
1084 3007 1116 3046 se
1138 2987 1170 3044 in
1189 3007 1262 3044 cor-

133 3093 213 3156 pore
231 3070 351 3132 Christi
368 3091 433 3129 non
457 3091 536 3146 esse,
555 3070 658 3131 sedin
674 3089 806 3149 corpore
824 3067 953 3136 diaboli,
975 3067 1116 3129 Proinde
1133 3089 1265 3130 necesse
1322 3104 1326 3112 ·

136 3165 184 3218 est
202 3166 238 3214 ut
258 3174 393 3233 corpore
418 3153 562 3229 Christi,
585 3174 681 3232 aquo
698 3151 812 3211 astutia
833 3151 992 3212 diabolica
1009 3160 1171 3231 separatus
1193 3159 1260 3225 est,

136 3261 170 3299 se
186 3229 425 3311 incunctanter,
443 3235 519 3294 dum
531 3243 655 3318 tempus
670 3232 892 3317 poenitentiae
906 3231 1102 3318 inpromptu
1114 3231 1264 3310 habetur,

135 3319 307 3385 restituere
324 3339 388 3377 non
406 3317 565 3399 neglegat.
1078 3323 1083 3328 ’

139 3449 237 3536 Qaad
252 3447 392 3510 ciusdem
404 3445 564 3507 Ecclesiae
584 3465 699 3527 corpas
717 3447 749 3508 in
772 3445 896 3506 daahas·
906 3446 1128 3529 principaliter
1144 3445 1267 3508 divida-

262 3546 265 3552 ’
522 3542 574 3588 tar
590 3530 717 3588 eximiis
735 3530 889 3611 personis.

222 3633 404 3700 CCCXIX.
457 3633 688 3715 Principaliter
707 3633 932 3716 itaquetotius
956 3641 1083 3695 sanctae
1112 3635 1174 3699 Dei
1202 3637 1267 3696 Ec·-

137 3723 255 3784 clesiae
270 3741 385 3802 corpus
406 3717 440 3776 in
461 3717 539 3776 duas
556 3716 687 3777 eximias
702 3737 864 3798 personas,
880 3715 913 3774 in
927 3717 1157 3777 sacerdotale-tn
1176 3718 1268 3778 vide-

139 3807 220 3867 licet
236 3814 268 3863 et
285 3803 443 3884 regalem,
463 3799 579 3859 sicuta
598 3798 716 3860 sanctis
737 3797 885 3860 Patribus
901 3797 1054 3858 traditum
1075 3799 1268 3880 accepimus,

140 3888 284 3950 divisum
301 3906 367 3945 csse
386 3882 548 3952 novimus,
578 3884 628 3941 De
649 3903 712 3962 qua
733 3901 767 3940 re
788 3879 958 3955 Gelasius,
988 3883 1148 3941 Romanae
1177 3883 1269 3942 Sedis

140 3967 342 4030 venerabilis
357 3963 546 4048 Episcopus,
563 3964 602 4022 ad
623 3962 825 4026 Anastasium
844 3961 1076 4043 Imperatorem
1090 3963 1133 4021 ita
1150 3963 1269 4025 scribit:

141 4055 232 4117 Duae
254 4063 325 4110 sant
346 4051 471 4132 qraippe,
494 4045 613 4126 inquit,
637 4045 858 4130 Imperatrices
880 4057 1026 4122 augustae
1048 4045 1158 4129 quihus
1179 4048 1270 4122 prin-

142 4136 289 4215 cipaliter
309 4131 442 4190 mandas
473 4131 524 4189 hie
551 4130 682 4206 regitur,
712 4127 882 4188 auctoritas
910 4141 1034 4187 sacrata
1062 4125 1269 4208 Pontificum,

142 4229 173 4276 et
194 4216 310 4295 regalis
329 4224 480 4294 patratam
502 4214 535 4271 in
556 4212 667 4292 quibas
688 4221 774 4270 tanto
796 4209 924 4285 gracias
944 4209 1069 4291 pondus
1091 4219 1137 4266 est
1158 4207 1273 4267 Sacer-

143 4298 265 4371 dotam,
289 4307 406 4383 quanto
429 4297 522 4376 ctiam
551 4315 610 4378 pro
640 4295 718 4379 ipsis
748 4291 881 4376 Regillus
911 4291 1071 4352 heminam
1099 4293 1132 4351 in
1161 4291 1273 4354 divino
1325 4293 1328 4298 ’
