2910 4986
215 295 288 366 426
380 323 384 334 ·
641 317 929 374 carituras-tun

212 455 298 516 Item
314 454 351 514 in
366 453 480 528 eodem
492 457 661 536 Concilio,
683 458 825 541 capitulo
840 483 934 535 xcrn,
951 461 990 522 de
1006 461 1184 544 uirginibus
1196 461 1346 528 velandis

212 537 258 604 ita
277 537 480 604 continetur:
501 546 580 605 Item
593 542 714 623 placuit
728 555 761 600 ut
774 544 945 624 quicunque
960 543 1188 628 Episcoporum
1206 549 1347 604 necessi-

212 633 276 680 tate
293 621 504 704 periclitantis
523 621 696 704 prodicitiae
717 625 903 703 virginalis,
927 623 998 686 calm
1022 628 1070 686 vel
1089 629 1209 710 petitor
1228 640 1345 708 potens

209 703 265 762 vel
288 715 399 786 raptor
413 704 529 787 aliquis
543 705 763 786 formidatur,
787 707 835 765 oel
851 709 879 765 si
894 710 988 772 etiam
1008 711 1115 788 aliquo
1128 709 1238 768 mortis
1253 715 1344 791 peri-

209 784 315 846 culoso
336 787 484 868 scrupulo
503 800 688 871 coaepanrta
698 785 804 866 fuerit
824 809 861 847 ae
884 809 948 850 noa
964 791 1070 850 velata
1087 792 1265 862 moriatur,
1288 804 1344 851 aut

208 867 405 944 exigentibus
420 871 603 951 parentibus
619 880 673 928 aut
685 871 734 928 ais
754 869 802 929 ad
813 891 948 953 quoram
959 892 1066 931 auram
1078 861 1236 955 pertinet,
1260 873 1344 933 vela-

207 952 287 1008 verit
304 950 460 1027 oirginem
476 972 530 1010 sert
549 952 671 1012 velavit
687 964 758 1011 ante
781 973 840 1012 xxv
860 973 957 1012 annos
975 957 1104 1032 aetatis,
1127 975 1191 1014 uon
1208 955 1239 1012 ei
1257 955 1343 1016 obsit

208 1029 386 1091 Concilium
400 1032 488 1113 quod
499 1033 539 1093 de
556 1037 619 1094 isto
630 1054 785 1094 annorum
796 1055 924 1095 numera
939 1038 1142 1096 constitutam
1161 1047 1216 1094 est.
1244 1037 1340 1096 Unde

207 1113 378 1195 colligitur
394 1115 470 1195 quia
495 1116 584 1176 iuxta
596 1114 737 1196 priorem
757 1117 955 1178 sanctionem
975 1116 1118 1198 virgines
1139 1138 1208 1182 xxv.
1226 1117 1339 1178 aetatis

205 1215 282 1256 suae
303 1217 391 1256 anno
406 1197 467 1258 rita
490 1199 727 1260 consecrandae
747 1197 835 1280 sintc
852 1200 940 1280 quod
963 1199 988 1260 si
1010 1200 1200 1281 praemissae
1223 1221 1340 1260 neces·

203 1279 312 1339 sitates
334 1278 407 1339 anta
435 1279 469 1340 id
490 1281 561 1342 lieri
584 1281 795 1363 compellant,
825 1283 954 1342 nullum
971 1282 1070 1364 possit
1096 1282 1256 1365 Episcopo
1279 1282 1337 1342 ad-

201 1360 289 1423 ferre
309 1361 546 1448 praeiudicium
563 1363 771 1430 consecratio,
812 1363 895 1426 Ilia.
917 1386 944 1424 c.
967 1363 1016 1430 26.

400 1467 448 1529 De
469 1471 702 1534 examinatione
724 1469 758 1531 S,
781 1469 890 1538 Crucis
909 1467 1135 1552 nonfacienda,

283 1571 357 1637 ΟΠ.
400 1574 566 1636 Saucitum
584 1586 632 1638 est
651 1586 687 1638 ut
709 1578 820 1639 nullus
840 1577 993 1659 deinceps
1012 1575 1191 1656 quamlibet
1213 1578 1335 1637 exami-

200 1656 368 1719 nationem·
380 1658 484 1718 crucis
504 1668 556 1733 oo)
573 1660 677 1721 facere
693 1669 890 1743 praesumat;
914 1679 954 1720 ne
969 1657 1088 1720 Christi
1103 1659 1226 1738 passio,
1249 1683 1333 1740 quae

199 1739 457 1884 ἶξιῗίἰτίξοαῑίο
472 1749 535 1819 a),
560 1739 733 1805 cuiuslibet
757 1743 934 1804 temeritate
952 1741 1152 1826 contemptui
1166 1739 1333 1802 habeatur.

333 1883 337 1890 v
376 1843 392 1902 7
453 1905 503 1966 De
519 1903 638 1990 pabulo
653 1907 745 1971 verbi
762 1906 870 1974 diuini
886 1906 1069 1970 nuntiando.

280 2007 373 2074 CIII.
413 2011 589 2094 Episcopus
610 2033 775 2074 monemus
799 2022 834 2072 ut
854 2012 919 2074 sire
935 2034 1062 2094 perse,
1084 2013 1153 2076 sive
1168 2033 1228 2095 per
1240 2014 1330 2074 uisa*

197 2093 284 2170 rios,
307 2092 462 2176 pabulum
478 2094 570 2154 verbi
590 2094 694 2156 divini
716 2095 832 2156 sedulo
850 2095 978 2177 populis
1005 2097 1216 2157 adnuntient:
1240 2098 1328 2178 quia,

196 2187 233 2237 ut
253 2177 297 2235 ait
313 2177 425 2237 beatus
445 2176 629 2260 Gregorius,
643 2180 723 2237 iram
742 2187 855 2238 contra
877 2199 910 2238 se
932 2179 1052 2240 occulti
1073 2178 1197 2242 Iudicis,
1209 2181 1347 2245 excitat,

153 2337 155 2341 Α
186 2259 372 2334 Sacerdos,
403 2257 430 2318 si
453 2258 522 2319 sine
547 2259 795 2342 praedicationis
830 2259 938 2320 sonitu
964 2260 1095 2322 incedit.
1136 2262 1178 2322 Et
1205 2269 1241 2320 ut
1266 2261 1328 2342 ipsi

196 2344 322 2403 clerum
345 2339 404 2400 sibi
431 2342 634 2404 commissum
659 2342 695 2402 in
723 2342 892 2404 sobrietate
919 2350 950 2403 et
974 2343 1116 2404 castitate
1143 2344 1326 2420 nutrirent,

194 2423 380 2506 divinisque
404 2423 516 2486 officiis
535 2425 740 2502 imbuerent,
762 2424 819 2506 qui
842 2423 902 2486 rite
922 2425 962 2484 ad
982 2434 1197 2487 sacrosanctos
1215 2426 1327 2485 eccle-.

194 2507 339 2570 sia-sticos
361 2507 492 2568 ordines
507 2507 687 2588 promoveri
705 2515 843 2590 possent.
884 2506 926 2566 Et
946 2516 983 2569 ut
999 2527 1129 2590 operam
1146 2507 1224 2567 dent
1240 2529 1326 2588 qua-.

193 2600 290 2651 tenus
306 2589 490 2672 Presbyteri
507 2589 668 2650 Missalem
692 2585 724 2651 et
742 2588 997 2664 Lectionarium,
1026 2590 1094 2651 sire
1113 2597 1254 2650 caeteros
1279 2589 1322 2648 lt,

175 2673 296 2741 ¹bellos
324 2671 386 2736 sihi
413 2672 626 2750 necessarios,
651 2671 735 2733 bene
757 2680 918 2733 correctos
941 2669 1099 2748 habeant,
1124 2680 1156 2730 et
1181 2671 1323 2750 qualiter

190 2754 352 2818 Ecclesias
373 2753 548 2816 destructas
567 2755 608 2815 ad
630 2776 663 2816 se
685 2755 884 2836 pertinentes
906 2753 995 2812 iuxta
1019 2754 1102 2816 vires
1125 2753 1320 2829 emendent,

191 2838 333 2920 qualiter
360 2837 458 2896 etiam
485 2837 599 2898 viduas
630 2837 805 2919 diligenter
835 2835 1014 2912 instruant,
1039 2835 1200 2916 quomodo
1224 2835 1321 2895 etiam

191 2921 371 2982 secundum
390 2919 596 3000 apostolicam
616 2917 837 2981 auctoritatem
857 2917 1040 2978 conversari
1062 2916 1217 2990 debeant,
1240 2916 1320 2978 edo-

190 3013 293 3066 ceant.
335 3003 378 3063 Et
399 3013 436 3063 ut
454 3001 697 3085 superstitiones
717 3021 795 3082 quus
814 2999 1006 3086 quibusdam
1028 3000 1061 3059 in
1084 2999 1163 3060 locis
1183 2997 1216 3056 in
1241 3019 1319 3058 exe-

190 3087 276 3168 quiis
298 3093 499 3155 mortuorum
520 3084 672 3152 nonnulli
693 3083 833 3159 iaciunt,
855 3081 1040 3157 eradicent,
1062 3090 1103 3141 et*
1116 3091 1154 3142 ut
1170 3079 1318 3160 exemplo

189 3188 264 3230 suae
279 3165 485 3228 innocentiae
500 3166 579 3227 alios
592 3166 631 3226 ad
645 3166 729 3226 bene
742 3163 916 3229 vivendum
931 3173 1125 3244 provocent,
1143 3172 1178 3222 et
1194 3161 1318 3221 cunctis

190 3248 411 3310 ecclesiasticis
434 3248 589 3330 negotiis,
605 3255 761 3328 quantum
774 3246 930 3305 Dominus
948 3245 1084 3322 iuverit,
1105 3246 1180 3305 totis
1197 3243 1317 3304 viribus

190 3331 360 3394 consulere
378 3339 537 3412 satagant,
559 3331 735 3412 diligenter
753 3329 986 3390 admonuimus.
1026 3329 1068 3390 Et
1083 3337 1119 3386 ut
1131 3328 1164 3388 id
1183 3325 1317 3386 liberius

190 3413 308 3493 exequi
332 3411 478 3488 valeant,
513 3435 589 3490 nos,
620 3413 653 3471 in
681 3419 838 3493 quantum
866 3409 1027 3473 Dominus
1051 3431 1142 3490 posse
1168 3407 1317 3482 dederit,

190 3517 284 3586 opem
303 3495 390 3555 ferre
410 3492 513 3556 modis
536 3493 683 3556 omnibus
704 3503 858 3576 optamus.
898 3491 982 3554 Ilia
1003 3512 1029 3552 o.
1052 3493 1100 3554 28.

330 3601 378 3666 Dc
397 3599 524 3660 incestis
545 3600 662 3683 nuptiis
682 3611 713 3660 et
730 3597 880 3666 Ecclesiis
899 3617 962 3667 aaa
981 3594 1170 3662 dividendis.

269 3702 358 3775 CIV,
398 3703 564 3766 Nonnulla
583 3724 662 3766 vero,
681 3704 841 3786 capitula,
862 3702 945 3765 sicut
967 3701 1006 3763 de
1027 3701 1158 3762 incestis
1175 3699 1318 3782 nuptiis,

187 3812 314 3852 necnon
342 3789 435 3849 etde
458 3785 612 3847 Ecclesiis
632 3807 714 3866 quae
741 3785 826 3845 inter
850 3785 1026 3846 coheredes
1053 3783 1261 3860 dividuntur,
1283 3793 1316 3842 et

184 3875 242 3934 tali
266 3871 432 3932 occasione
452 3869 584 3952 proprio
610 3865 733 3934 honore
759 3877 890 3944 carent,
920 3867 988 3936 siue
1017 3865 1055 3927 cle
1084 3863 1134 3926 his
1159 3865 1315 3926 Ecclesiis
1359 3903 1361 3906 -

185 3979 266 4038 quae
289 3954 425 4014 nimium
445 3952 540 4012 rebus
558 3950 697 4034 propriis
715 3959 791 4016 sunt
810 3951 998 4015 adtenuatae
1010 3957 1073 4026 y),
1096 3949 1150 4016 vel
1169 3947 1315 4008 cerreda
1351 3955 1357 3963 “

217 4129 265 4188 w)
285 4121 318 4171 al.
341 4137 400 4172 mss.
422 4130 535 4170 sanctae
562 4116 651 4171 crucis
665 4137 675 4183 ,·
693 4117 739 4172 in,
802 4118 847 4188 y)
864 4111 900 4169 al.
916 4129 975 4166 mas.
1001 4109 1186 4177 adtenuatae,
1210 4109 1317 4165 annale

284 4195 383 4242 satiata
404 4202 493 4242 cruce.
876 4185 968 4250 tatem
989 4181 1177 4250 adsaporetur,

218 4267 259 4327 a)
278 4262 313 4314 al.
327 4279 387 4316 mss.
407 4276 494 4332 aeque
507 4254 687 4329 glorificatio..
