2910 4984
420 257 426 262 ¹
474 304 630 361 enutrio
665 253 853 370 ausari.»
1145 314 1218 394 849
1280 381 1284 386 ,

95 449 221 522 gentum
241 432 367 519 donent,
389 443 481 503 iuxta
501 449 752 512 aestimationem
771 460 874 538 operis
897 464 930 522 in
951 483 1077 546 argento
1099 481 1220 558 persol-

96 535 192 584 vantz
221 544 290 583 cum
309 531 369 602 quo
386 526 490 603 pretio
517 527 630 589 Rector
647 531 807 596 Ecclesiae
829 541 874 599 ad
889 549 1085 626 praedictam
1101 572 1218 620 restau-

97 606 251 665 rationem
279 607 441 687 operarios
463 608 635 671 conducere
662 627 692 674 et
717 622 879 681 materiam
904 649 1004 690 emere
1023 640 1132 714 possit,
1176 643 1219 704 Et

96 688 152 769 qui
181 705 278 746 nonas
302 697 332 744 et
357 686 494 746 decimas
525 691 602 751 dare
625 697 811 775 neglexerit,
830 708 966 787 primum
984 716 1117 794 *quidem
1147 725 1220 784 illas

96 789 165 828 cum
189 769 259 846 lega,
276 789 332 826 sua
354 771 509 848 restituat,
530 773 659 858 insuper
675 791 704 838 et
725 781 859 847 bannum
880 804 1019 854 nostrum
1043 802 1166 874 soluat‚·
1187 819 1222 868 ut

96 845 142 910 ita
164 851 331 928 castigatus
355 864 460 911 caveat
486 874 538 927 ne,
571 860 694 942 saepius
722 863 901 940 iurandm.
921 873 1106 958 beneficium
1131 890 1221 950 amit·
1294 919 1298 924 ·

97 938 150 992 tat.
192 929 275 994 Ibid.
295 952 321 996 c.
342 948 372 1014 9⁵

143 1037 193 1098 De
215 1037 263 1096 leis
275 1038 330 1118 qui
346 1059 439 1118 agros
452 1039 658 1107 dominicatos
678 1052 822 1114 casotae
846 1061 1009 1140 neglegunt
1027 1088 1179 1136 nenonus

489 1144 532 1185 ex
561 1129 606 1185 eis
625 1134 815 1211 persolvant.

179 1225 262 1286 CIII.
298 1221 352 1288 (Da
374 1225 432 1285 illo
456 1228 513 1308 qui
534 1251 625 1312 agros
651 1235 860 1304 dominicatos
881 1241 1221 1340 propteren'neglexit

98 1308 247 1370 excolere
267 1316 303 1367 ut
322 1329 422 1368 nonas
450 1321 481 1370 et
504 1311 640 1376 decimas
664 1321 868 1386 exindenon
893 1337 1064 1414 persolvat,
1088 1351 1118 1400 et
1140 1343 1222 1405 alia»
1320 1409 1323 1422 ¹

98 1413 153 1451 nas
177 1399 277 1451 terras
301 1389 341 1450 ad
367 1391 581 1454 excolendum
602 1409 733 1481 propter
748 1405 811 1467 hoe
824 1411 949 1492 accipit,
965 1418 1112 1482 volumus
1129 1435 1164 1484 ut
1182 1426 1221 1487 de

98 1469 201 1533 tribus
217 1471 309 1531 annis
328 1471 429 1554 ipsam
447 1495 565 1534 nonam
582 1499 653 1538 cum
674 1504 730 1544 sua
745 1487 816 1570 lege
834 1488 1004 1572 persolvat.
1046 1503 1088 1562 Et
1107 1505 1221 1589 siquis
1351 1515 1353 1523 '

99 1563 300 1634 contemptor
333 1565 388 1616 aut
417 1558 576 1618 Comitum
605 1573 659 1622 aut
687 1567 857 1632 Missorum
883 1589 1064 1644 nostrorum
1089 1600 1222 1669 propter

98 1636 159 1697 hoc
183 1635 342 1779 cupierit,
364 1659 423 1718 per
446 1637 647 1704 fideiussores
673 1648 713 1708 ud
733 1653 886 1735 palatium
911 1659 1022 1725 venire
1046 1671 1220 1754 compella-

99 1729 159 1784 tur.
200 1723 221 1780 I
242 1720 254 1776 i
278 1764 286 1782 .
305 1739 331 1778 c.
351 1740 399 1780 io.

439 1827 489 1886 De
513 1828 673 1914 beneficiis
702 1833 878 1902 destructis.

180 1929 264 1993 GIV.
304 1925 353 1990 De
380 1929 546 1994 beneficiis
572 1936 740 2003 destructis
771 1943 833 2006 hoc
860 1947 1047 2016 observetur
1076 1961 1163 2042 quod
1186 1959 1219 2024 in

100 2011 284 2093 Capitulare
306 2013 406 2093 priori
427 2015 631 2096 continetur,
660 2021 696 2082 id
724 2035 791 2104 est,
824 2029 857 2088 in
887 2032 971 2095 libro
1000 2059 1050 2114 iv,
1080 2042 1220 2124 capitulo

99 2109 202 2169 xxxvi,
226 2092 264 2152 de
290 2112 328 2153 eo
343 2095 398 2178 qui
413 2095 783 2168 beneficiumdesertum
804 2111 927 2175 fecerit.
971 2119 1152 2202 Quicunque
1166 2127 1220 2188 be·

100 2174 247 2258 aeficium
268 2193 355 2235 sunm
382 2180 543 2240 occasione
561 2187 687 2265 proprii
712 2189 867 2252 desertum
888 2197 1054 2274 labuerit,
1085 2218 1116 2264 et
1135 2209 1221 2268 intra

101 2277 214 2315 annum
241 2269 407 2340 postquam
430 2263 464 2319 ei
488 2263 508 2320 ic
537 2264 653 2326 Comite
683 2272 736 2330 uel
762 2271 862 2336 Misso
899 2293 1005 2340 nostro
1027 2295 1135 2346 notum
1148 2288 1221 2368 fac·

101 2349 165 2396 tum
184 2336 307 2418 fueret,
334 2339 419 2400 illud
436 2344 633 2414 emendatum
649 2371 712 2410 non
740 2354 894 2432 tabuerit,
917 2363 1018 2445 ipsum
1037 2366 1222 2450 beneficium

103 2421 233 2480 ancittat.
282 2418 366 2480 Ibid.
390 2421 421 2481 T
418 2425 452 2484 tt.
475 2445 503 2484 2.
525 2445 550 2491 c.
576 2445 601 2488 1.

331 2551 333 2556 ¹
421 2528 470 2588 De
482 2532 573 2590 malis
593 2531 735 2596 Scabinis
748 2536 906 2624 eiciendis.

179 2623 248 2694 CV.
290 2629 332 2690 Ut
350 2626 440 2698 Missi
457 2636 568 2713 nostri,
591 2638 775 2726 ubicunque
798 2634 897 2711 malos
923 2653 1074 2720 scabinos
1094 2659 1221 2723 inveni*

101 2717 167 2786 unt,
190 2711 311 2771 eiciant
333 2722 365 2773 et
383 2717 480 2777 totius
502 2720 613 2800 populi
636 2743 793 2787 consensu
814 2731 848 2790 in
868 2733 974 2799 locum
993 2761 1104 2800 eorum
1120 2739 1220 2806 Bonos

99 2791 231 2872 eligant.
271 2793 315 2856 Et
332 2816 406 2855 cum
424 2799 518 2858 electi
546 2803 685 2880 fuerint,
708 2807 813 2872 iurare
828 2813 948 2880 faciant
960 2831 995 2886 ut
1012 2824 1153 2885 scienter
1167 2827 1219 2886 in-

101 2869 180 2936 iuste
207 2874 349 2937 iudicare
372 2897 441 2940 non
464 2881 609 2948 debeant.
651 2879 732 2948 ltid.
754 2913 780 2956 c.
802 2914 831 2954 2.

332 2983 381 3042 De
404 2986 584 3048 melioribus
605 3002 636 3049 et
650 2997 813 3058 ueracibus
827 3002 987 3080 eligendis.
1009 3002 1014 3010 ¹

183 3087 268 3150 CVI.
290 3089 352 3153 ,Ut
374 3088 407 3147 in
431 3091 517 3151 omni
544 3096 695 3156 comitatu
718 3099 752 3158 hi
776 3104 832 3184 qui
851 3109 999 3176 meliores
1021 3125 1054 3178 et
1075 3121 1220 3184 veracio-

102 3185 152 3226 res
175 3167 318 3231 inveniri
370 3183 493 3251 ossunt,
523 3175 684 3256 eligantur
707 3181 724 3240 i
745 3185 849 3247 Missis
874 3195 989 3256 nostris
1014 3200 1054 3260 ad
1083 3197 1221 3284 inquisi-

103 3245 204 3310 tiones
224 3193 387 3314 faciencitis
411 3263 443 3314 et
462 3255 510 3316 rei
528 3259 695 3324 veritatem
714 3263 899 3342 dicendam
922 3286 954 3334 et
974 3281 1133 3346 adiutores
1155 3287 1221 3348 Co-

102 3329 215 3391 mitum
235 3333 300 3393 sint
319 3334 359 3394 ad
380 3335 515 3399 iustitias
536 3341 707 3405 faciendas.
748 3348 831 3414 lttd.
849 3375 876 3417 c..
896 3357 924 3415 32

122 3435 171 3494 De
191 3435 334 3500 Scabinis
355 3442 412 3524 qui
426 3456 557 3526 propter
572 3467 699 3508 munera
721 3465 773 3514 aut
792 3459 961 3522 amicitiam
984 3467 1097 3531 iniuste
1113 3475 1200 3536 iadi-

378 3527 381 3534 ’
583 3533 744 3600 cauerint„
1056 3549 1058 3552 ’

163 3601 285 3664 cvll.
328 3603 485 3667 Volumus
505 3617 540 3670 ut
560 3611 748 3694 quicunque
770 3617 809 3679 de
831 3621 1221 3712 Scahiuistdeprehensus

103 3672 202 3742 inerit
221 3692 353 3766 propter
372 3707 514 3766 munera,
528 3702 582 3750 aut
602 3705 734 3775 propter
749 3702 918 3766 amicitiam
938 3710 990 3770 rel
1009 3713 1222 3800 inimicitiam,
1277 3723 1278 3728 '

105 3759 220 3824 iniuste
248 3765 422 3846 iudicasse,
444 3781 480 3830 ut
504 3789 562 3854 per
582 3774 784 3842 fideiussores
810 3788 922 3851 missus
950 3793 988 3851 ad
1011 3804 1223 3876 praesentiam

105 3855 244 3906 nostram
262 3849 380 3910 veniat.
422 3854 471 3913 De
500 3864 644 3935 caetero,
667 3864 813 3926 omnibus
842 3870 986 3934 Scabinis
1011 3878 1222 3948 denuntietur

104 3937 146 4064 phe
155 3928 240 4066 dquis
262 3931 412 4016 deinceps
433 3936 529 3997 etiam
547 3938 666 4002 iustum
692 3942 848 4012 iudicium
871 3956 1010 4019 vendere
1029 3979 1220 4046 praesumat,

143 4008 155 4064 ι’
179 4054 189 4080 ·,
207 4031 233 4076 c.
254 4015 285 4090 ᾧ
336 4055 337 4062 1
360 4085 362 4092 Ι
879 4053 881 4060 ’
1173 4060 1177 4072 ’

106 4109 153 4172 De
163 4108 306 4195 legitimis
322 4123 602 4188 etrationabilibas
622 4115 910 4199 commutationibus
923 4141 1134 4212 Ecclesiarum
1150 4155 1220 4219 Dei.
1262 4205 1265 4218 .

187 4201 299 4265 CVIII.
344 4204 404 4262 Ubi
430 4209 708 4290 commutationes,
730 4225 793 4278 tam
807 4228 958 4304 ¹tempore,
981 4241 1088 4303 nostro
1110 4256 1222 4316 quam,-
1243 4307 1252 4328 γ,

838 4335 933 4407 ’54
