2926 4986
562 281 898 350 nisan-sannaus
1215 268 1288 360 733*

150 421 335 486 volentibus
355 423 550 503 consentire,
567 423 630 484 sed
648 422 807 504 quicquid
822 421 861 481 ab
880 419 930 482 bis
951 422 1178 506 episcopaliter
1196 443 1289 507 prae·

149 515 314 589 sumptum
335 517 392 582 est,
411 505 598 580 &canonice
630 505 786 566 ordinatis
813 503 980 586 Episcopis
1008 507 1120 589 =peragi
1152 508 1284 584 debere,

150 610 213 651 nec
242 587 348 648 ullum
374 607 509 669 usquam
527 588 566 648 de
584 588 758 670 episcopali
787 585 964 660 ministerio
990 587 1007 647 al
1037 589 1287 672 Chorepiscopis

150 670 278 752 aliquid
300 671 471 753 accepisse,
486 670 562 753 quia
578 671 660 730 nihil
680 671 712 728 in
730 672 825 730 dante
840 678 908 728 erat
926 669 1013 749 quod
1036 671 1152 751 aliquis
1171 671 1288 734 horum

145 755 299 834 accipere
329 753 687 836 potuissetsuuoniam
718 753 807 836 quod
831 773 895 810 non
925 751 1037 812 babuit
1057 754 1129 834 quis
1163 776 1286 832 eorum,

111 907 117 916 .
150 837 230 898 dare
254 833 446 916 nonpotuit.
486 835 566 895 Nam
581 835 731 918 Episcopi
754 857 818 894 non
840 835 1108 914 eruntquianec
1128 835 1169 898 ud
1186 859 1287 918 quan-

151 919 230 978 dam
255 915 392 978 civitatis
405 915 620 998 episcopalem
641 919 748 979 sedem
773 915 891 994 titulati
920 926 1020 994 eram,
1046 939 1105 978 nec
1129 919 1285 979 canonice

154 1000 277 1060 atribus
294 998 462 1082 Episcopis
480 999 630 1060 ordinati.
661 1001 736 1062 Ideo
756 997 794 1060 de
807 999 979 1081 episcopali
1003 1000 1183 1061 ministerio
1203 999 1286 1060 nihil

153 1101 248 1165 agere
287 1089 475 1163 potuerunt.
497 1125 499 1132 ι
523 1083 565 1142 Et
590 1080 711 1160 idcirco
741 1103 806 1140 non
839 1081 1019 1144 ostenditur
1047 1083 1288 1164 gestumquod

154 1163 290 1248 praefixi
305 1185 399 1244 agere
418 1172 630 1244 putaverunt;
653 1165 728 1246 quia
745 1159 832 1244 quod
847 1185 911 1222 non
931 1163 1124 1240 babuerunt,
1148 1165 1288 1225 nullate-

156 1269 218 1322 nus
239 1246 314 1306 dare
340 1253 527 1327 potuerunt.
570 1245 647 1306 Ideo
669 1267 807 1326 namque
829 1246 918 1305 nulla
945 1268 1039 1306 carisa
1062 1247 1220 1328 permittit
1252 1256 1288 1307 ut

154 1325 305 1390 videatur
321 1325 472 1388 iteratum
482 1327 570 1409 quod
584 1328 622 1390 de
637 1329 740 1390 causis
750 1327 930 1390 memoratis
942 1331 957 1387 al
969 1329 1125 1390 casironIce
1133 1329 1287 1391 ordinatis

152 1409 323 1492 Episcopis
342 1410 546 1490 cognoscitur
555 1411 748 1492 regulariter
756 1419 931 1494 peractum.
953 1411 1046 1472 Unde
1062 1421 1094 1470 et
1108 1433 1182 1472 cum
1194 1432 1287 1493 saepe

148 1494 307 1575 ,quaestio
318 1492 357 1551 de
374 1493 456 1552 male
471 1501 602 1574 accepto
614 1495 736 1554 honore
753 1501 912 1569 nascatur,
925 1493 998 1574 quis
1013 1493 1149 1576 ambigat
1168 1515 1289 1576 nequa-

154 1597 254 1657 quam
267 1593 335 1634 esse
347 1574 554 1635 tribuendum
568 1575 656 1655 quod
676 1596 740 1635 non
757 1575 953 1636 decetsuisse
967 1575 1140 1642 conlatum.
1162 1576 1288 1637 Scimus

145 1658 255 1734 enim,
271 1655 354 1716 sieut
375 1664 408 1716 et
434 1656 466 1714 in
486 1656 625 1737 antiquis
641 1659 771 1717 Patrum
790 1653 925 1740 legimus
951 1656 1091 1718 decretis
1123 1680 1215 1742 posse
1234 1678 1290 1719 ve·
1310 1667 1314 1680 ⁴

154 1761 192 1801 ra
212 1761 249 1800 uc
268 1738 348 1798 iusta
363 1737 497 1820 legitimi
514 1739 665 1820 Episcopi
679 1740 906 1815 benedictione
919 1741 1044 1818 altaserra
1060 1761 1154 1802 omne
1171 1740 1288 1808 vitium

155 1820 244 1904 quod
265 1820 414 1882 dvitioso
432 1823 538 1882 fuerat
557 1820 721 1887 iniectum.
767 1820 900 1906 Capitol.
921 1821 945 1885 I.
967 1844 995 1880 u.
1013 1823 1083 1882 803.
1106 1843 1133 1884 c.
1169 1859 1180 1882 ·.

183 1953 233 2012 De
249 1950 340 2014 rebus
354 1949 572 2012 ecclesiasticis
591 1946 707 2032 absque
726 1951 863 2010 iussione
882 1951 1010 2034 proprii
1023 1951 1174 2036 Episcopi
1191 1973 1270 2016 non,
1295 1967 1298 2006 ἰ

603 2031 834 2116 dispensandis.
1109 2061 1112 2068 ⁴

240 2161 378 2227 CCLXI.
419 2159 548 2224 Placuit
567 2166 605 2220 ut
621 2156 774 2243 Episcopi
796 2177 905 2221 rerum
934 2161 1222 2226 ecclesiasticarum
1252 2167 1287 2228 iu

143 2247 319 2332 ¹omnibus,
336 2244 425 2306 iuxta
439 2252 621 2304 sanctorum
635 2247 797 2302 canonum
812 2243 1005 2321 sanctiones,
1018 2248 1147 2328 plenam
1163 2269 1290 2331 semper

158 2331 300 2394 habeant
319 2335 519 2412 potestatem.
559 2323 676 2386 Nullus
696 2344 747 2384 eas
761 2324 837 2386 clare
855 2327 908 2388 vel
926 2329 1071 2410 accipere
1087 2330 1206 2410 absque
1217 2352 1290 2412 pro-

158 2414 223 2500 prii
236 2410 389 2496 Episcopi
409 2407 525 2469 audeat
535 2405 693 2476 iussione;
717 2405 827 2468 nullus
851 2427 902 2468 eas
921 2409 1072 2470 invadere
1084 2411 1135 2471 vel
1154 2419 1288 2490 vastare,

160 2505 217 2558 aut
234 2489 367 2578 quoquo
381 2490 476 2551 modo
496 2489 704 2564 deteriorare,
721 2499 910 2570 praesumat.
952 2492 1031 2550 Nam
1050 2492 1289 2560 devastantibus

158 2578 325 2641 Ecclesias
343 2593 518 2654 earumque
541 2594 591 2634 res
610 2568 695 2631 nibil
717 2571 807 2631 aliud
827 2571 1037 2654 intelligimus
1056 2596 1152 2655 quam
1178 2586 1289 2637 contra

158 2663 255 2722 illum
270 2657 393 2721 aeterni
412 2656 536 2737 imperii
549 2657 655 2715 Deum
668 2651 801 2734 eiusque
813 2651 985 2716 maiestatis
1000 2653 1146 2718 homines
1160 2680 1289 2720 movere

160 2754 337 2818 certamen,
353 2761 428 2800 cum
451 2739 526 2799 illae
543 2737 637 2798 aedes
654 2734 704 2796 illi
721 2735 773 2797 die
793 2743 957 2818 noctuque
975 2737 1185 2816 famulentur,
1199 2749 1231 2801 et
1241 2739 1291 2806 illi

158 2826 226 2888 siut
241 2831 457 2886 consecratae.
500 2821 641 2884 Videant
660 2838 738 2898 ergo
753 2826 923 2896 vastantes,
947 2838 1063 2902 easque
1087 2820 1290 2901 invadentes,

158 2905 435 2993 praenuntiamus,
455 2923 495 2963 ne
512 2901 635 2976 abillo,
652 2899 728 2962 siae
748 2909 955 2978 commoveat,
980 2912 1144 2980 vastentur
1166 2911 1197 2966 et
1224 2905 1291 2978 dis,-

158 2991 335 3074 perdantur
347 2984 688 3068 cuiuspercussionem
699 2983 858 3042 montium
868 2983 960 3046 dorsu
974 2987 1058 3045 ferre
1073 3007 1138 3046 non
1148 2996 1291 3070 possunt.

159 3074 223 3135 Nos
240 3093 318 3133 vero
339 3065 401 3130 ista
417 3089 477 3128 neo
499 3088 593 3148 agere
615 3067 775 3142 volumus,
795 3087 855 3127 nec
875 3067 980 3128 lacere
997 3068 1183 3131 volentibus
1209 3091 1292 3131 con-

159 3154 296 3224 sentire;
320 3173 360 3214 ne
384 3173 441 3212 nos
463 3149 559 3231 ipsos,
580 3147 669 3230 quod
695 3145 786 3225 absit,
812 3147 992 3230 perdamus,
1013 3159 1077 3243 ‘aut
1095 3173 1128 3214 se
1154 3154 1291 3235 perdere

161 3237 346 3300 volentibus
363 3231 610 3295 consentiamus.
652 3229 856 3312 Quapropter
879 3232 1092 3314 praecipimus
1116 3245 1151 3296 ut
1170 3234 1198 3296 si
1219 3235 1291 3317 quis
1388 3307 1391 3312 .

160 3342 202 3382 ex
223 3319 294 3379 iure
312 3313 812 3379 ecclesiasticobactenusnostra
831 3311 977 3394 largitate
995 3315 1118 3396 aliquid
1138 3315 1291 3399 possedit,

161 3402 188 3463 si
211 3401 267 3461 illa
285 3401 439 3482 deinceps
456 3396 574 3456 habere
597 3393 748 3471 voluerit,
772 3404 809 3456 ut
828 3395 866 3453 ad
880 3395 1026 3480 proprios
1045 3399 1220 3484 Episcopos
1240 3423 1293 3461 ve·

162 3485 241 3561 niat,
263 3493 294 3544 et
316 3483 355 3543 ab
374 3481 419 3542 eis
438 3489 470 3540 et
487 3481 505 3539 a
523 3475 727 3559 Praepositis'
741 3477 962 3537 Ecclesiarnm
981 3481 1068 3542 unde
1084 3504 1151 3544 esse
1172 3479 1291 3544 viden-

160 3577 226 3644 tur,
244 3583 442 3648 quocunque
457 3563 551 3623 modo
570 3560 650 3619 iuste
667 3559 819 3640 potuerit,
838 3559 915 3620 haec
934 3559 1101 3644 impetrare
1118 3575 1249 3646 satagat,
1261 3575 1293 3625 ct

162 3650 245 3710 nihil
267 3648 368 3712 exeis
391 3646 484 3706 aliter
516 3641 633 3704 ambiat
655 3649 709 3700 ant
734 3643 959 3724 concupiscat,
989 3647 1223 3728 vclsaccipiat,
1250 3649 1292 3708 n'e

161 3731 296 3814 cupidos
312 3739 491 3792 sanctarum
506 3747 615 3787 rerum
632 3724 714 3806 ignis
730 3723 788 3805 qui
806 3724 837 3783 in
866 3725 911 3785 eis
926 3733 984 3788 ‘est
1010 3729 1190 3790 l'avillosius
1217 3727 1293 3791 exu-

161 3824 220 3878 rat.
262 3809 574 3874 Undeetin·sacris
592 3807 770 3868 canonibus
794 3807 815 3868 S
841 3805 917 3866 iritu
933 3809 994 3870 Ilei
1015 3811 1152 3872 conditis
1182 3811 1294 3878 decre-

162 3905 231 3956 tum
250 3895 388 3956 babetur
411 3892 469 3952 ita:
492 3891 529 3950 Si
546 3891 616 3972 qzcis
632 3887 738 3949 obluta
758 3888 797 3947 de
823 3891 884 3948 er‘it
903 3891 957 3950 uel
980 3896 1136 3974 acceperit
1164 3908 1294 3978 praeter

156 3978 366 4062 Episcopum,
383 3975 591 4056 valeamqui
614 3973 800 4032 constitutus
818 3983 865 4029 est
896 3974 933 4031 ab
964 3996 1000 4034 eo
1032 3975 1078 4034 uvl
1105 3975 1295 4050 dispensan-

161 4059 237 4118 dum
253 4057 503 4120 misericordiam
516 4054 718 4138 pauperibus,
734 4065 766 4111 et
782 4054 837 4132 qui
852 4052 909 4114 dat
926 4069 956 4114 ct
976 4059 1031 4136 qui
1049 4059 1202 4142 accipiat,
1218 4081 1292 4123 αηα-
1340 4051 1344 4060 ’

161 4143 265 4201 thema
278 4143 329 4201 sit.
370 4139 495 4201 Scimus
512 4137 600 4198 euim
614 4134 831 4206 anathematos
849 4133 1006 4211 homiues,
1026 4148 1057 4198 et
1072 4139 1105 4198 in
1121 4142 1291 4221 praesepti

100 4225 103 4230 ’
161 4223 424 4286 seculoinlames
449 4241 517 4284 esse
537 4239 573 4282 ac
595 4216 750 4304 perditos,
768 4225 814 4290 ,et
846 4219 865 4278 t
889 4221 1052 4288 corisortin
1086 4221 1292 4306 fideliumpiu
