2910 4986
215 297 291 376 482
633 318 920 380 cartruustuun

267 461 336 522 De
366 459 539 524 Advocatis
570 461 819 546 Episcoporum,
850 453 1226 534 Athacumdomitum,
1249 471 1280 523 el

656 545 903 606 Abbatissarum.

300 617 405 702 LXII:
448 627 490 684 Ut
518 625 628 686 nullus
653 627 848 708 Episcopus,
888 623 1091 700 necAhbas‚
1127 624 1343 700 peccamen,

217 702 1343 788 nechblsatissa‚Gciitena1iumComitisAdvocatumhaheat.Ibid.c.19.

260 860 265 867 .
320 817 366 874 De
390 809 527 874 Wcariis
547 816 601 874 ael
623 815 837 885 Centenariis,
861 814 889 872 si
909 813 1045 873 latrones
1067 812 1248 876 celaverint.

298 917 422 980 LXIII.
465 922 506 979 Ut
527 920 648 980 Vicarii
665 919 715 980 vel
735 919 936 995 Centonem,
960 919 1017 1000 qui
1035 921 1122 980 fures
1152 928 1184 980 et
1202 919 1343 979 latrones

215 1001 268 1063 vel
284 1002 459 1062 celaverint
473 1001 526 1062 vel
545 1001 767 1078 defenderint,
798 1002 975 1062 secuudum
994 1001 1056 1062 sibi
1078 1000 1181 1061 datam
1210 1011 1343 1062 senten·

214 1085 291 1144 tiam
306 1084 536 1144 diiudicentur.
580 1084 662 1145 lbid.
678 1106 761 1144 cmo.
781 1129 786 1152 .

236 1193 292 1252 De
317 1189 496 1250 Comitihns·
507 1202 537 1249 et
557 1182 591 1248 'V
590 1191 695 1250 icariis
721 1189 927 1249 admonendis
944 1189 1218 1288 depconstitutione
1232 1187 1322 1269 legis.

297 1292 417 1356 LXIV.
460 1296 501 1354 Ut
517 1295 657 1356 Comites
678 1304 712 1354 et
728 1294 867 1370 Vicarii,
891 1305 922 1355 et
935 1296 1140 1373 centenarii,
1165 1297 1203 1357 de
1223 1295 1343 1356 consti-

213 1377 338 1438 tutione
360 1375 454 1458 Iegis
470 1377 701 1437 admoneantur
726 1399 788 1457 qua
813 1377 941 1438 iubetur
968 1385 1004 1436 ut
1027 1387 1161 1460 propter
1185 1379 1342 1439 iustitiam

203 1514 205 1518 .
213 1459 459 1544 pervertendam
484 1479 616 1518 munera
631 1481 696 1519 non
714 1459 881 1542 accipiant.
922 1458 1100 1523 Ibidem.

558 1569 607 1624 De
622 1564 796 1644 forestibus
818 1564 993 1626 dominicis.

294 1671 395 1734 LXV.
438 1673 486 1732 De
510 1671 683 1731 fiirestihus
705 1671 836 1746 nostris,
860 1679 896 1729 ut
915 1670 1102 1753 ubieunque
1122 1673 1264 1753 fuerint,
1287 1676 1340 1736 di-

213 1755 422 1838 ligentissime
449 1754 614 1834 inquirant
638 1752 798 1834 quomodo
816 1753 919 1812 salvae
948 1754 1011 1814 sint
1042 1765 1074 1818 et
1104 1755 1274 1834 defensae,
1307 1763 1340 1818 et

213 1848 249 1898 nt
271 1838 448 1898 Comitihns
481 1833 677 1897 dendntient
697 1856 737 1895 ne
779 1836 878 1894 ullam
905 1835 1058 1917 'forestem
1086 1839 1217 1899 noviter
1240 1834 1341 1901 ‘insti-

212 1930 322 1989 tuant;
345 1929 377 1980 et
390 1918 444 1979 uhi
460 1919 584 1978 noviter
598 1917 757 1978 institutas
775 1917 843 1978 sine
858 1926 965 1978 nostra
984 1915 1124 1980 iussione
1138 1921 1339 2000 invenerint,

213 2003 374 2063 dimittere
392 2001 600 2083 praecipiant.
641 1998 819 2060 Itidem.
918 2070 921 2076 ¹

150 2143 151 2148 ¹
213 2121 267 2179 De
289 2116 399 2178 Missis
413 2115 599 2190 dominicis,
622 2127 652 2174 et
675 2111 714 2173 de
745 2115 867 2196 hisqui
893 2115 1169 2193 iustitiamsece'rc
1190 2131 1338 2182 renuunt.

292 2220 407 2285 LXVL
450 2222 492 2280 Ut
512 2219 695 2298 ubicunque
717 2218 774 2300 ipsi
786 2219 872 2279 Missi
894 2221 1150 2304 autEpiscopum
1166 2226 1336 2288 autAbha-

210 2311 341 2362 temaut
356 2303 456 2361 alium
465 2301 642 2382 quemlihet
654 2322 850 2381 quocunque
868 2301 990 2363 honore
1004 2307 1183 2382 praedit-um
1201 2309 1339 2370 iuvene·

213 2385 281 2444 rint
294 2385 350 2467 qui
369 2384 519 2445 iustitiam
533 2384 638 2443 Iacere
657 2384 709 2443 vel
729 2383 835 2442 noluit
847 2385 897 2444 vel
917 2385 1101 2466 prohibuit,
1125 2391 1163 2450 de
1176 2389 1276 2468 ipsius
1289 2413 1339 2452 re·

212 2466 273 2527 hus
289 2468 399 2528 vivant
411 2465 556 2548 quandiu
566 2465 600 2524 iu
615 2485 653 2550 eo
665 2464 736 2526 loco
755 2465 889 2526 iustitias
903 2467 1008 2528 facere
1025 2467 1244 2536 debentlbid.
1254 2494 1279 2532 c.
1290 2475 1340 2532 23.

256 2577 312 2634 De
343 2575 449 2632 Missis
474 2571 658 2642 dominicis,
681 2571 735 2630 uti·
755 2570 873 2630 diutius
893 2593 955 2630 non
974 2571 1106 2635 debeant
1127 2578 1298 2638 immorari.

294 2677 424 2738 LXVII.
466 2679 508 2736 Ut
528 2675 561 2734 in
584 2675 671 2736 illius
692 2676 824 2736 Comitis
842 2675 1020 2738 ministerio
1034 2680 1091 2760 qui
1106 2682 1188 2744 hene
1205 2683 1340 2744 iustitias

215 2763 312 2822 factas
331 2760 441 2837 habet,
462 2757 562 2818 ¹iidem
579 2759 664 2819 Missi
685 2759 805 2818 diutius
828 2780 892 2816 non
918 2773 1101 2838 morentur,
1138 2787 1244 2846 neque
1273 2765 1341 2825 illic

216 2843 456 2903 multitudinem
475 2840 649 2900 convenire
665 2841 801 2908 faciant;
824 2841 878 2899 sed
890 2841 1047 2904 ibi'moras
1064 2844 1184 2906 faciant
1201 2846 1257 2906 ubi
1275 2847 1341 2910 ius·

217 2927 287 2985 titia
312 2927 362 2985 vel
389 2925 494 2984 minus
517 2923 566 2983 vel
587 2922 789 3006 negligenter
806 2923 887 2982 facto
908 2932 964 2984 est.
1006 2925 1088 2988 thid.
1098 2950 1123 2992 c.
1137 2929 1185 3004 24.

259 3035 313 3094 De
331 3031 438 3094 Missis
456 3028 643 3098 dominicis,
666 3041 696 3087 et
714 3027 753 3086 dc
776 3027 894 3089 Comite
907 3031 941 3089 in
958 3030 1092 3113 aliquod
1109 3035 1298 3104 missaticum

722 3109 852 3170 directo.

225 3197 227 3202 ’
301 3193 457 3257 LXVIII.
497 3193 540 3258 Ut
567 3193 601 3254 in
631 3189 735 3252 ullius
764 3190 897 3254 Comitis
933 3194 1112 3258 ministerio
1135 3196 1230 3258 iidem
1252 3197 1344 3260 Missi

222 3279 321 3338 nostri
341 3272 494 3358 placitum
516 3296 580 3338 non
599 3284 732 3335 teneant
744 3273 799 3354 qui
818 3275 850 3334 in
870 3274 1002 3356 aliquod
1021 3278 1213 3340 missaticum
1236 3279 1345 3342 direc-

222 3371 272 3420 tus
292 3370 355 3435 est,
377 3360 480 3420 donec
503 3359 568 3440 ipse
587 3379 734 3418 reversus
752 3357 865 3426 suerit3
890 3367 926 3416 ut
943 3379 1034 3418 causa
1052 3381 1133 3442 quae
1157 3361 1262 3422 adhuc
1288 3385 1341 3424 co·

222 3461 290 3501 ram
313 3442 435 3501 Comite
454 3461 517 3499 non
541 3440 619 3512 luit,
651 3439 723 3499 etis
757 3439 863 3518 quise
894 3439 1064 3512 reclamat,
1096 3453 1227 3522 propter
1257 3467 1346 3505 suam

224 3523 390 3585 stultitiam
404 3531 457 3580 aut
481 3521 711 3581 contumaciam
748 3521 905 3580 Comitem
940 3521 1015 3582 inde
1036 3524 1197 3606 appellare
1222 3528 1344 3602 noluit,

226 3603 343 3666 iterum
357 3604 474 3666 Comiti
495 3603 745 3664 commendetur.
786 3599 903 3663 Ibide.
916 3603 966 3666 25.

268 3715 324 3775 De
340 3711 447 3773 Missis
460 3707 638 3778 dominicis,
662 3709 797 3790 qualiter
815 3709 987 3768 coniectum
1002 3711 1142 3793 occipere
1163 3711 1306 3776 debeant.

311 3815 430 3880 LXIX.
472 3813 513 3874 Ut
540 3811 627 3874 Missi
642 3812 743 3872 ‘nost-ri
764 3813 821 3893 qui
844 3815 895 3873 vel
917 3815 1086 3895 Episcopi,
1109 3818 1159 3877 vel
1192 3820 1348 3900 Abbates‚

228 3904 280 3965 vel
297 3900 437 3965 Comites
451 3906 537 3970 sunt,
553 3893 697 3975 quandiu
718 3916 816 3975 prope
832 3917 923 3954 suum
940 3897 1134 3958 beneficium
1150 3901 1284 3980 fuerint,
1299 3906 1350 3963 ni-

229 3986 277 4046 hil
294 3985 332 4046 de
348 3982 484 4040 aliorum
503 3980 649 4038 coniecto
668 3973 835 4056 accipiant.
877 3978 1049 4059 Postquam
1070 4001 1146 4040 vero
1162 3983 1238 4044 inde
1254 3985 1350 4068 longe

230 4064 440 4139 recesserint,
464 4071 541 4122 tunc
560 4059 719 4140 accipiant
742 4059 919 4118 secundum
942 4062 1030 4140 quod
1058 4062 1093 4119 'in
1118 4086 1173 4124 sua
1201 4070 1352 4128 tractoria

230 4147 422 4211 continetur.
466 4144 555 4206 Vassi
575 4162 650 4202 vero
666 4141 764 4200 nostri
781 4149 814 4200 ‘et
830 4138 1067 4214 Ministeriales,
1090 4147 1146 4226 qui
1160 4146 1248 4208 Missi
1264 4159 1352 4225 sunt,

230 4230 418 4311 ubicunque
437 4227 604 4301 venierint,
628 4222 809 4285 coniectum
828 4223 996 4304 accipiant.
1017 4221 1184 4286 itidem
1231 4230 1234 4236 ’
