2910 4984
471 321 630 404 sonmo
665 319 816 380 rearis.
1146 303 1222 384 817

74 479 165 530 cere
183 464 325 542 possunt.
367 457 490 543 Siquis
507 457 589 524 haee
613 469 729 524 statuta
748 437 986 542 contempserit,
1006 461 1149 546 utrisque
1171 486 1222 525 oa·
1297 444 1301 452 ⁴

75 550 171 620 reat,
194 542 228 602 id
249 550 307 619 est,
329 550 361 602 et
377 543 536 606 beneficio
552 554 584 605 et
600 544 798 625 praehenda;
821 552 916 627 atque
929 543 957 606 si
967 539 1119 628 gradibus
1134 549 1220 610 frui-

74 632 141 685 tur
165 623 402 702 ecelesiasticis,
426 625 502 708 ipsis
517 621 671 709 privetur.

180 732 229 791 De
252 731 530 794 communicatione
554 731 716 792 Ecclesiae
740 751 809 792 cum
832 731 913 791 nihil
933 731 1125 804 habentibus,

88 885 91 890 ,
172 833 298 898 CXIII.
340 837 436 915 Quod
457 836 720 911 habetEeclesia,
742 838 1228 905 cumomnihusnihtlhaben.

76 919 175 982 tibus
205 919 302 982 habet
325 941 510 991 commune;
535 941 595 980 uec
616 918 741 999 aliquid
767 920 843 980 inde
868 919 989 1000 eisqui
1011 921 1071 981 sibi
1094 925 1133 984 de
1157 945 1217 986 suo

76 1002 257 1066 sufficiunt
284 1002 438 1064 convenit
463 1023 606 1084 erogare,
627 1001 757 1083 quando
781 1003 864 1064 nihil
887 1001 976 1062 aliud
999 1003 1040 1063 sit
1066 1003 1217 1068 habenti·

78 1086 149 1148 bus
178 1085 253 1146 dore
278 1105 375 1166 qnam
395 1084 540 1167 perdere.

151 1213 203 1273 De
219 1187 275 1273 ¹lais
299 1213 354 1297 qui
380 1231 436 1272 sua
457 1211 652 1297 possideris
667 1223 698 1274 et
719 1205 785 1295 sibi
802 1212 926 1294 aliquid
947 1213 1021 1274 dari
1043 1217 1164 1281 uolunt.

173 1316 294 1382 CXIV.
335 1319 402 1380 Nee
421 1317 471 1379 illi
495 1317 563 1399 qui,
592 1340 648 1380 sua
669 1318 887 1401 possidentes,
910 1319 978 1380 dari
1002 1322 1063 1382 sibi
1091 1324 1215 1405 aliquid

81 1399 316 1568 ppgppppntsine
336 1400 449 1484 grandi
472 1409 603 1483 peccato
628 1421 686 1462 suo
709 1401 795 1464 unde
816 1422 940 1485 pauper
967 1403 1110 1467 victurus
1133 1417 1214 1482 erat,

464 1582 513 1648 De
553 1586 709 1652 damnatis
728 1591 854 1674 naeptiis.

173 1691 275 1760 CXV.
318 1692 351 1756 Si
369 1691 441 1775 quis
463 1693 592 1757 vidum
620 1715 754 1755 uxorem
777 1694 923 1772 duxerit,
945 1704 976 1755 et
1002 1705 1113 1777 postea
1141 1719 1215 1761 oum

85 1778 223 1838 filiastra
247 1798 303 1838 sua
321 1777 497 1838 fornicatus
518 1775 627 1851 fuerit,
648 1798 705 1837 seu
732 1777 853 1837 duabus
870 1778 1033 1840 sororibus
1058 1782 1215 1861 nupserit,

87 1870 145 1920 aut
171 1858 198 1920 si
223 1881 286 1940 qua
312 1858 436 1920 duobus
462 1857 613 1918 fratribus
630 1859 785 1938 nupserit,
808 1880 864 1920 seu
886 1871 1064 1943 cumpater
1082 1871 1114 1921 et
1133 1862 1213 1938 filio,

87 1943 170 2002 tales
193 1942 420 2022 copulationes
439 1940 710 2014 anathematizari,
731 1963 793 2004 nee
815 1963 957 2022 unquam
980 1942 1116 2020 amplius
1136 1966 1216 2006 eoa-

90 2024 180 2108 iugio
202 2019 356 2106 copulari,
379 2023 435 2084 sed
456 2022 514 2084 sub
540 2044 653 2104 magna
674 2021 874 2084 districtione
897 2022 979 2090 fieri.
1025 2023 1063 2085 V.
1090 2025 1155 2090 168.

262 2129 310 2188 Ne
327 2129 476 2212 proprius
488 2125 584 2210 filius
609 2127 648 2187 de
676 2127 828 2212 baptismo
855 2128 1053 2209 suscipiatur.

175 2233 295 2297 CXVl.
335 2233 451 2293 Nullus
465 2232 564 2314 igitur
578 2232 744 2313 proprium
763 2231 865 2291 filium
882 2233 932 2292 vel
950 2231 1049 2292 filiam
1071 2232 1110 2293 de
1128 2233 1219 2295 fonte

92 2313 286 2401 baptismatis
305 2315 467 2397 suscipiat,
490 2335 550 2374 nee
567 2315 698 2375 filiolam
715 2335 775 2373 nec
798 2322 1000 2375 commatrem
1021 2316 1117 2382 ducat
1137 2336 1220 2374 uxo·

95 2425 175 2476 rem,
198 2420 258 2459 nee
285 2397 373 2456 illam
397 2396 489 2457 euius
508 2396 610 2456 tilium
630 2407 685 2456 ant
701 2396 798 2456 filiam
823 2396 862 2455 nd
884 2394 1159 2458 confirmationem
1175 2406 1220 2458 te·

97 2479 213 2545 nuerit.
255 2480 317 2541 Ubi
336 2488 442 2540 autem
459 2480 578 2539 sactum
594 2479 703 2557 fuerit,
725 2487 922 2560 separentur.
966 2476 1005 2540 V.
1031 2478 1096 2561 167.

387 2595 439 2684 [De
463 2593 708 2657 subintroductis
732 2593 925 2659 mulieribus.

91 2690 97 2695 .
179 2700 316 2768 CXVII.
360 2700 517 2763 Omnibus
533 2700 632 2784 igitur
653 2700 790 2762 Clerieis
814 2697 966 2760 feminam
983 2719 1091 2761 secum
1106 2699 1141 2760 in
1160 2699 1220 2760 do-

100 2785 293 2932 Ξὲὲιίιέωεέιίε
317 2784 435 2864 habere
457 2786 541 2844 ultra
561 2784 723 2860 licentiam
743 2785 911 2844 Canonum
927 2781 1063 2845 firmiter
1079 2781 1122 2844 sit
1145 2801 1221 2842 con·

391 2970 509 3034 Iterum
538 2967 578 3030 de
600 2990 678 3054 pace
700 2963 923 3036 Ecclesiarum,

182 3076 338 3144 CXVIII·
378 3075 596 3158 Praecipimus
619 3085 655 3136 ut
680 3075 713 3134 in
736 3074 909 3150 Ecclesiis‚
938 3083 993 3139 aut
1015 3073 1048 3134 in
1074 3072 1220 3136 domibus

103 3161 317 3304 Ecclesisprum
338 3159 390 3222 vel
414 3158 523 3236 atriis,
544 3157 662 3261 placita
686 3157 843 3218 secularia
873 3157 1005 3223 minime
1028 3155 1115 3216 fiant.
1157 3157 1219 3218 Su.

102 3267 160 3330 pra
184 3267 208 3305 c.
253 3265 280 3303 2.

467 3346 516 3406 De
534 3341 685 3426 fugitivis
715 3340 855 3404 Clericis.

182 3452 301 3518 CXIX.
341 3452 568 3534 Unusquisque
586 3449 763 3532 Episcopus
785 3448 818 3508 in
842 3469 899 3509 sna
914 3447 1065 3529 parochia
1085 3449 1222 3532 diligen-

106 3552 152 3602 ter
172 3539 377 3622 Preshyteros
401 3537 452 3597 vel
481 3532 623 3594 Clerieos
654 3531 795 3611 inquirat
819 3531 906 3590 uude
930 3531 1003 3590 sint.
1044 3532 1086 3591 Et
1107 3533 1133 3592 si
1158 3534 1220 3591 ati-

107 3645 196 3706 quem
221 3622 394 3704 fugitivum
414 3614 595 3692 invenerit,
627 3614 666 3674 ad
692 3634 785 3672 suum
810 3612 1004 3696 Episcopum
1028 3613 1135 3674 redire
1170 3616 1221 3674 fa·

108 3708 172 3772 ciat.
215 3703 253 3767 V.
279 3705 345 3786 149.

501 3799 588 3885 Quid
606 3803 668 3862 sint
692 3799 835 3867 letaniae.

183 3914 286 3980 CXX.
326 3909 477 3974 Letaniae
497 3917 603 3974 autem
620 3909 742 3968 Graeco
758 3906 887 3967 nomine
901 3906 1115 3991 appellantur,
1140 3926 1223 3988 quae

110 3998 216 4062 Latine
239 3999 391 4058 dicuntur
411 3993 612 4074 Rogationes.
654 3989 741 4047 luter
763 3989 897 4048 letanias
920 3999 1027 4049 autem
1051 4001 1224 4050 etexomo·

111 4081 236 4164 logesim
258 4082 320 4142 hoe
343 4076 456 4144 differt,
480 4074 568 4154 quod
594 4069 826 4152 exomologesis
850 4091 907 4152 pro
928 4073 995 4132 sola
1016 4081 1222 4152 peecatorum

112 4162 304 4224 confessione
333 4167 488 4239 aguntum
511 4154 647 4214 letaniae
668 4174 759 4231 vero,
781 4174 863 4234 quae
889 4153 1073 4213 indicantur
1094 4164 1223 4234 propter

110 4245 283 4330 rogandum
306 4245 412 4304 Deum
440 4248 472 4302 et
503 4235 734 4323 impetrandam
754 4233 946 4334 *in'aliquo
974 4235 1223 4326 misericordiam

887 4349 996 4420 52*
