2926 4986
231 338 307 414 694
660 355 944 422 cumutamus

231 501 275 570 Et
285 499 349 563 hoc
371 516 436 559 nou
452 493 513 566 soli
526 495 664 576 iaciant,
681 497 737 560 sed
756 519 829 563 cum
837 497 1034 564 Conclericis
1049 497 1101 560 vel
1117 517 1190 560 cum
1200 496 1254 580 his
1274 501 1350 583 qul-

228 583 289 643 hus
312 579 491 662 Episcopus
516 593 572 640 aut
611 581 781 664 Presbyter
820 583 956 652 iusserit.
1007 581 1075 643 Nec
1107 580 1167 663 ipsi
1191 581 1351 666 Episcopi

228 664 282 726 vel
297 661 480 744 Presbyteri
495 661 556 722 soli
571 660 709 723 habeant
721 685 882 726 accessum
901 665 940 726 ad
966 661 1187 732 huiuscemodi
1214 664 1351 728 feminas

229 745 288 813 scd
306 744 363 810 ubi
388 742 510 813 Clerici
523 754 704 827 praesentes
720 755 813 825 sunt,
835 758 891 809 aut
909 767 1020 830 graves
1038 744 1139 832 aliqui
1165 741 1351 807 Christiani.

519 852 569 913 De
595 851 803 937 appellatione
835 855 956 936 primae
976 852 1071 919 sedis.

313 956 441 1022 XXIX.
482 959 525 1018 Ut
541 957 661 1044 primae
676 957 759 1019 sedis
779 957 957 1042 Episcopus
973 981 1037 1020 nou
1058 957 1240 1052 appelletur
1260 955 1353 1038 prin·-

231 1063 307 1126 ccps
323 1041 547 1116 Sacerdotem,
570 1049 625 1135 aut
640 1061 780 1102 summus
796 1043 969 1119 Sacerdos,
991 1050 1047 1102 aut
1061 1040 1185 1126 aliquid
1203 1039 1354 1102 huiusce·

231 1124 336 1204 modi,
357 1123 414 1186 sed
432 1131 557 1184 tautum
572 1143 694 1206 primae
712 1123 797 1186 sedis
811 1124 996 1207 Episcopus.

453 1228 502 1288 De
518 1229 651 1290 arbitrio
667 1228 819 1314 Episcopi
841 1251 913 1322 erpa
924 1221 1126 1325 poenitentes.

311 1331 416 1404 XXX.
457 1331 702 1402 Poenitentibus
717 1335 894 1418 secundum
913 1323 1126 1395 differentiam
1135 1340 1354 1417 peccatorum,

231 1415 384 1508 Episcopi
400 1413 551 1508 arbitrio,
571 1415 944 1505 poenitentiaetempora
969 1417 1191 1486 decernantur.

519 1589 521 1596 ,
606 1521 656 1586 De
674 1523 974 1586 manumissionibus.

313 1628 440 1694 XXXI.
481 1621 745 1694 Manumissiones
762 1627 795 1688 in
810 1627 954 1692 Ecclesia
971 1625 1192 1696 celebrandae.
1236 1623 1277 1689 V.
1303 1625 1355 1690 52.

258 1731 300 1800 Ut
313 1735 429 1794 nemin-i
436 1716 638 1813 sitfacultas,
652 1735 766 1798 relicta
775 1735 950 1818 principali
963 1732 1133 1806 Cathedra,
1145 1737 1180 1796 in
1189 1730 1335 1796 Ecclesia

352 1817 386 1876 in
402 1839 459 1880 sua
476 1817 614 1878 dioecesi
626 1816 680 1878 uel
693 1819 728 1878 in
751 1837 784 1877 re
797 1817 931 1900 propria
945 1816 1063 1878 diutius
1082 1815 1231 1877 residere.

315 1918 461 1983 XXXII.
501 1923 627 1990 Placuit
644 1932 681 1984 ut
694 1921 816 1986 nemini
833 1922 874 1986 sit
905 1921 1059 2001 facultas,
1094 1920 1207 1983 relicta
1228 1916 1354 2004 princi·

233 1999 300 2086 pali
337 2001 514 2081 cathedra,
553 2007 594 2068 ad
623 2004 718 2066 aliam
750 2003 927 2066 Ecclesiam
969 2004 1003 2063 in
1049 2001 1189 2066 dioecesi
1233 1999 1353 2063 consti·

235 2093 335 2144 tutam
353 2105 387 2144 se
416 2087 583 2162 conferre,
613 2087 666 2149 vel
689 2088 723 2147 in
754 2107 789 2148 re
816 2085 945 2170 propria
963 2085 1085 2148 diutius
1107 2105 1204 2168 quam
1229 2089 1355 2164 oportet

225 2168 448 2227 coustitutum
471 2189 581 2229 curam
603 2170 657 2234 rel
683 2167 973 2250 frequentationem
993 2189 1104 2251 agere,
1132 2175 1166 2229 et
1187 2162 1354 2251 propriam

233 2248 363 2334 plebem
381 2250 564 2331 neglegere,
603 2252 695 2328 Laio.
1417 2251 1421 2256 ’

400 2355 450 2416 De
465 2353 682 2436 defensoribus
695 2355 855 2417 Ecclesiae
876 2357 895 2416 la
912 2357 992 2437 Rege
1005 2353 1182 2440 poscendis.

316 2451 474 2520 XXXIII.
514 2459 705 2522 Defensores
723 2461 938 2522 Ecclesiarum
959 2462 1107 2525 adversus
1124 2456 1282 2544 potentias
1299 2455 1354 2523 Se‹

236 2539 395 2628 salarium
414 2541 467 2605 rel
484 2541 620 2604 divitum
644 2543 681 2636 ah
706 2546 895 2634 Imperatore
912 2555 986 2606 suut
1005 2543 1169 2627 poscendi.

414 2649 482 2715 ,De
515 2669 647 2716 occursu
677 2649 869 2716 Clericorar‘n
896 2649 942 2711 ad
960 2649 1142 2714 Concilium.

317 2751 476 2820 XXXIV.
516 2753 643 2815 Placuit
657 2763 693 2814 ut
711 2753 987 2834 quotienscunque
1010 2753 1194 2816 Concilium
1219 2769 1357 2832 cougre-

226 2836 378 2918 .gandum
396 2844 462 2912 est,
482 2835 632 2918 Episcopi
658 2844 689 2896 et
703 2835 900 2917 Presbyteri,
922 2836 978 2916 qui
1000 2857 1106 2916 neque
1131 2842 1230 2896 aetate
1250 2853 1356 2912 nequa

238 2919 450 2999 aegritudine,
464 2919 522 2977 aut¹
536 2919 597 2978 alia
620 2917 758 3000 graviori
780 2919 965 2981 necessitate
981 2918 1212 2999 impediuntur,
1233 2935 1361 2994 compe-2

226 3007 344 3060 vtenter
362 2993 539 3072 occurrant.
580 3001 676 3077 Quod
694 2998 720 3060 si
753 3021 921 3063 occurrere
939 3021 1004 3062 nou
1023 3000 1199 3084 potuerint,
1221 3017 1356 3060 excusas

239 3081 342 3143 tiones
358 3104 429 3144 suas
446 3082 480 3141 in
503 3083 653 3142 tractoria
669 3082 878 3150 subscribant.

228 3229 231 3236 .
260 3188 310 3248 De
325 3188 455 3248 Laetare
472 3189 563 3248 unius
578 3188 748 3248 Ecclesiae·
764 3190 797 3248 in
812 3189 876 3248 alia
892 3187 1034 3254 Ecclesia
1052 3207 1114 3248 non
1131 3181 1357 3269 promovendo.

329 3289 468 3353 XXXV.
509 3293 635 3354 Placuit
653 3302 688 3353 ut
703 3293 759 3372 qui
773 3293 871 3352 semel
887 3290 920 3350 in
933 3291 1076 3352 Ecclesia
1094 3289 1218 3372 legerit,
1240 3291 1279 3350 ab
1296 3288 1359 3349 alia

242 3373 387 3434 Ecclesia
403 3375 442 3434 ad
463 3375 667 3436 clerumnon
687 3383 903 3436 teneaturaut
918 3381 1151 3456 promoveatur·
1190 3373 1234 3440 Et
1255 3383 1293 3436 ut
1318 3371 1361 3439 ah

242 3455 352 3519 electis
372 3455 535 3522 ludicibus
553 3459 672 3520 nonsit
688 3457 932 3540 provocandum.

543 3564 591 3624 De
616 3565 796 3624 remissione
816 3563 1052 3652 poenitentium.
1156 3605 1160 3612 -

320 3665 478 3734 XXXVI.
518 3667 725 3728 Paenitentes
739 3666 925 3748 quicunque
945 3687 984 3727 ex
1004 3663 1199 3748 gravioribus
1219 3666 1289 3729 sive
1319 3688 1361 3731 ex

227 3750 416 3812 ¹levioribus
440 3749 542 3830 culpis
562 3749 793 3831 poenitentiam
827 3757 965 3830 gerunt,
994 3751 1019 3810 si
1046 3749 1136 3828 nulla
1166 3750 1363 3812 interveniat

198 3850 200 3854 ·
244 3833 426 3915 aegritudo,
449 3831 562 3914 quinta
575 3831 656 3891 feria
670 3840 742 3892 ante
761 3831 882 3892 Pascha
899 3833 944 3892 eis
966 3829 1201 3893 remittendum.
1250 3835 1362 3902 Caete-

240 3937 314 3976 rum
338 3917 377 3978 de
399 3915 542 3998 pondere
569 3915 763 3979 aestimando
787 3913 979 3980 delictorum
1000 3911 1178 3981 Sacerdotis
1207 3927 1255 3978 est
1280 3913 1364 3975 iudi-

244 4020 326 4064 care.
369 3997 408 4060 V.
434 3999 499 4062 152.

481 4104 529 4163 De
546 4125 609 4164 non
629 4101 806 4163 invadenda
824 4103 951 4162 alterius
961 4104 1123 4190 parochia,
1188 4149 1190 4156 .

324 4207 501 4270 XXXVII.
541 4209 613 4271 Non
643 4217 769 4292 oportet
795 4209 961 4269 transferri
987 4209 1141 4274 terminos
1166 4211 1184 4270 d
1212 4209 1365 4277 Patribus

244 4291 449 4372 constitutos,
472 4303 507 4354 ut
532 4292 664 4356 alterius
682 4291 865 4376 parochiana
895 4291 1139 4373 altcr'invadat,
1170 4303 1264 4381 atque
1293 4291 1367 4358 illic
