2910 4986
575 363 690 423 LIBER
724 351 889 424 QUINTUS

459 563 993 670 CAPITULARIUM

161 777 273 844 LIBRI
294 772 398 838 TRES
427 763 717 834 POSTERIORES
750 754 958 823 COLLECTI
979 751 1016 856 ,A
1042 742 1286 812 BENEDICTO

633 888 800 951 LEVl'lA.

158 1119 238 1223 De
257 1149 571 1240 conglutinatione
584 1145 732 1211 istorum
752 1151 786 1206 rt
805 1128 1134 1205 communicatione
1151 1138 1288 1218 septem

160 1253 395 1334 Librorum,
430 1245 684 1339 Capitaloram
705 1238 874 1306 videlicet
897 1231 1167 1301 dominicorum
1189 1249 1286 1316 qua·

160 1357 339 1442 literqae,
368 1345 511 1438 quilius,
541 1356 575 1410 et
598 1368 622 1411 a
647 1338 776 1430 quibam
796 1333 949 1411 collecti,
978 1328 1288 1414 ordinationum
1372 1407 1377 1418 ι

167 1450 375 1542 conscripti
392 1471 469 1513 esse
486 1451 759 1516 monstrantur,
786 1455 938 1510 «sericeas
956 1428 1099 1497 indicat
1118 1425 1238 1514 lectio,
1254 1433 1289 1490 et
1344 1460 1350 1464 -

352 1548 414 1638 qui
430 1547 539 1613 etiam
558 1541 638 1610 istis
649 1537 866 1630 panduntur
888 1526 1091 1599 versiculis.

303 1668 440 1736 Quattuor
459 1661 605 1732 explicitis,
626 1660 722 1709 Lector
744 1652 895 1708 venerande
914 1646 1045 1712 Libellis,
1137 1706 1142 1721 ι

339 1735 394 1802 Qui
414 1734 554 1784 Canonum
574 1726 764 1780 recitantium
784 1722 901 1774 tenenda
920 1720 1006 1779 satis,

303 1808 433 1877 Qriosque
455 1813 529 1870 pater
547 1799 683 1869 quondam
700 1794 809 1860 collegit
824 1791 920 1843 nobilis
941 1797 1003 1860 apte

338 1873 480 1938 ansegisus
507 1888 603 1931 ovans,
624 1868 723 1918 ductus
741 1881 828 1915 amore
844 1862 915 1922 Dei,

304 1945 434 1998 Arrtcurio
450 1943 578 1999 demtum,
599 1954 678 2005 quem
697 1945 764 1986 tunc
784 1931 920 2000 Mogontia
935 1943 1067 1984 alimmum

336 2013 494 2064 Pontificem
515 2009 626 2069 tenuit,
646 2005 826 2076 praecipiente
843 2003 904 2064 pio,

300 2088 363 2138 Post
377 2082 541 2135 Benedictus
555 2096 602 2145 ego
617 2086 707 2128 ternos
726 2075 817 2126 Levita
837 2071 954 2125 Libellos

335 2152 458 2214 Adncui,
480 2150 556 2216 Legis
575 2144 635 2217 quis
653 2145 781 2198 recitatur
795 2161 875 2212 opus;

303 2224 378 2295 Quos
400 2230 476 2290 patet
495 2222 627 2280 inventos,
645 2214 777 2267 Praelatio
797 2213 890 2284 pandit
907 2220 939 2264 ut
956 2210 1030 2282 ipsa,

336 2291 490 2343 Distinctirn
511 2289 599 2341 titulis
617 2285 815 2354 subpositisque
833 2283 893 2334 siris.

300 2362 355 2414 llos
370 2361 452 2424 igitur
469 2360 588 2424 relegens
603 2356 701 2408 devoto
720 2364 829 2424 pectore
842 2351 949 2410 biblos,

245 2467 247 2476 ,
336 2431 479 2482 Gratanter
497 2429 605 2480 studeas
619 2425 751 2488 fundere,
772 2440 867 2492 posco,
885 2433 996 2491 preces.

304 2501 439 2570 Quatinus
454 2509 562 2552 aeterno
587 2497 723 2548 donentur
739 2511 849 2544 munere
868 2491 952 2542 caelo.

335 2569 409 2625 Haec
428 2571 472 2640 pia
488 2575 635 2621 sanxerunt
651 2566 698 2637 qui
717 2579 828 2636 quoque
845 2563 904 2612 iura
925 2561 978 2629 pie,

282 2730 423 2786 INCIPIT
442 2729 676 2801 SEQUENTIUM
696 2725 950 2784 CAPITULORUM
969 2719 1175 2776 PRAEFATIO.

164 2806 412 2921 praecedentes
435 2865 572 2938 quatuor
586 2852 703 2914 Libelli
723 2851 878 2912 nonnulla
906 2847 1205 2931 gloriosissimorum
1220 2847 1287 2906 Ku-

163 2943 228 3004 roli
249 2950 342 3020 atque
363 2938 555 2998 Hludouvici
574 2939 804 3019 Imperatorum
827 2933 994 2992 continent
1012 2929 1177 3010 Capitale,
1203 2949 1287 3012 quae

168 3046 280 3087 corum
312 3031 453 3104 tempore
481 3020 519 3078 ab
551 3019 705 3100 Ansegiso
732 3017 851 3078 Ahbale
880 3024 954 3076 sunt
972 3013 1106 3086 collecta
1132 3021 1227 3093 atque
1252 3011 1287 3072 in

163 3103 458 3192 praedictiscoacta
473 3101 622 3175 Libellis,
645 3101 727 3162 sicut
744 3099 777 3158 in
803 3098 978 3158 eorundem
999 3095 1164 3177 prooemio
1181 3094 1288 3156 conti·

164 3198 269 3250 netur.
311 3187 373 3246 Sed
392 3186 467 3266 quia
490 3184 528 3242 ab
545 3205 582 3244 eo
599 3205 658 3244 nec
678 3181 781 3242 media
793 3227 802 3256 ,
830 3180 944 3256 atrati
971 3201 1101 3256 sumus,
1123 3188 1197 3238 sunt
1218 3179 1288 3238 ior-

164 3272 247 3334 sitan,
268 3269 399 3328 inventa
415 3268 464 3328 vel
481 3267 631 3342 collecta,
655 3285 783 3325 neeesse
802 3272 869 3321 erat
885 3263 953 3322 utt
975 3261 1122 3322 fidelibus
1152 3261 1287 3322 ubicun-

164 3374 226 3435 que
258 3349 398 3409 inveniri
419 3349 611 3430 potuissent,
634 3355 884 3428 quaererentur,
907 3354 938 3404 et
966 3344 1005 3403 ob
1032 3344 1287 3406 recordationem

163 3443 327 3500 tantorum
349 3432 545 3512 principum,
576 3430 628 3489 vel
654 3429 830 3488 eorundem
860 3428 1081 3507 Capitulorum
1115 3426 1287 3488 utilitatem

161 3516 430 3578 coadunarentur.
474 3515 678 3592 Quapropter
699 3532 733 3570 ea
754 3531 835 3590 quae
851 3507 906 3568 ille
922 3519 976 3568 aut
995 3508 1139 3569 invenire
1168 3509 1287 3590 nequi·-

163 3600 230 3673 vit,
254 3606 308 3654 aut
324 3594 464 3655 inserere
483 3597 613 3654 sortasse
629 3593 750 3668 noluit,
773 3601 804 3651 et
822 3590 876 3649 illa
894 3612 975 3672 quae
992 3591 1192 3668 postmodum
1208 3593 1224 3650 d
1251 3589 1288 3648 fi-

162 3679 288 3745 delibus
301 3687 425 3740 sauctae
447 3677 506 3735 Dei
522 3675 702 3750 Ecclesiae,
725 3683 757 3734 et
770 3674 899 3754 Pipnini
918 3697 952 3734 ac
976 3673 1087 3734 Karoli
1101 3682 1194 3751 atque
1209 3673 1288 3732 Hlu·

161 3761 290 3823 douvici
310 3759 478 3822 didicimus
496 3758 528 3815 in
551 3757 707 3818 iamdictis
730 3757 861 3816 Libellis
891 3755 1020 3814 minime
1046 3776 1110 3814 esse
1144 3755 1285 3831 inserta,

158 3865 218 3926 pro
227 3842 287 3904 Dei
304 3839 530 3923 omnipotentis
545 3859 661 3916 amore,
681 3849 711 3900 et
726 3849 852 3900 sunctae
869 3837 930 3900 Dei
947 3836 1111 3897 Ecclesiae
1127 3857 1162 3896 ac
1176 3857 1286 3896 servo-

157 3947 231 3985 rum
242 3925 310 3986 eius
323 3934 417 4004 atque
429 3922 523 3981 totius
537 3921 648 4003 populi
664 3922 815 3999 utilitate,
832 3921 972 3979 fideliter
986 3917 1178 3998 investigare
1192 3939 1286 3978 cura-

148 4008 272 4083 ·vimus,
292 4017 323 4066 et
340 4007 372 4064 in
387 4005 487 4064 tribus
502 4004 769 4083 subsequentibus
789 4002 921 4062 Libellis
933 4001 1082 4060 distincte
1098 4021 1170 4060 cum
1183 3999 1286 4060 titulis

159 4090 223 4151 suis
241 4090 431 4160 coadunare,
449 4108 484 4144 ac
496 4087 665 4146 llludouvi·=
678 4108 696 4145 o
710 4085 940 4163 Hlotharioque
955 4092 1049 4162 atque
1061 4082 1285 4142 Karolo-nobi·

159 4171 286 4231 lissinris
315 4170 473 4250 Regibus,
495 4167 569 4228 filiis
584 4166 707 4227 seilicet
730 4165 923 4228 Hludouvici
945 4163 1078 4242 piissimi
1110 4163 1286 4244 lmperato·

158 4252 223 4326 ris,
245 4252 390 4314 habenda
406 4260 437 4310 et
447 4251 590 4310 omnium
603 4249 857 4311 Christianorum
875 4247 1022 4307 fidelibus
1040 4245 1196 4306 tradenda
1210 4247 1286 4309 scri·
1360 4303 1362 4308 .

156 4334 233 4396 bere
256 4356 320 4398 uon
341 4332 536 4404 distulimuss
558 4339 593 4394 ut
613 4332 733 4395 scirent
757 4331 897 4414 qualiter
926 4327 1014 4390 iuxta
1048 4349 1190 4390 normam
1216 4329 1284 4406 ari,
