2948 4990
227 319 304 396 ote
379 389 381 397 ,

244 475 295 558 67.
325 472 368 538 Ut
384 496 473 538 nemo
484 474 695 558 poenitentem
718 473 763 542 al·

328 561 423 618 terius
431 558 599 640 parochiae
615 555 762 616 absolvat.

243 639 293 706 68.
321 641 370 702 De
380 641 556 704 criminosis
565 659 627 698 nou
637 657 764 719 promo·

328 724 444 786 vendis.

242 807 294 888 69.
323 795 371 866 De
378 809 417 866 iis
432 803 592 887 quinariis
605 803 763 887 passioni·

326 887 382 949 ltus
406 886 526 950 inretiti
544 900 624 947 sunt.

243 986 292 1054 70.
320 972 369 1030 De
395 971 526 1032 mortuis
556 984 669 1032 temere
698 986 763 1031 non

325 1051 514 1116 iudicandis.

242 1154 294 1218 7¹.
321 1135 371 1195 De
398 1135 594 1200 contentione
618 1128 761 1193 uitanda.

243 1235 293 1312 7²5
316 1217 414 1298 Quod
432 1218 523 1292 mali,
546 1219 628 1280 bona
650 1215 762 1276 minis·

325 1299 453 1372 trando,
470 1300 529 1361 sibi
544 1308 684 1361 noceant.

245 1379 293 1464 73.
325 1379 368 1442 Ut
378 1386 504 1448 vivente
512 1385 598 1455 viro,
611 1379 666 1442 ael
675 1400 761 1440 uuo-

325 1483 382 1537 re,
407 1485 495 1527 nemo
527 1485 633 1526 eorum
668 1460 762 1522 alteri

324 1548 467 1630 coniugio
483 1547 654 1629 copuletur.

243 1627 293 1712 pl.
321 1629 370 1688 De
386 1642 538 1713 potestate
563 1627 713 1714 Episcopi
726 1626 762 1686 in

320 1714 476 1794 paroclzia
491 1733 556 1772 sua.

245 1789 293 1874 75·
325 1791 367 1853 Ut
379 1815 468 1854 nemo
487 1790 761 1854 Clericorumabs-

325 1894 384 1953 que
398 1874 763 1959 eonsensuEpiscopisui

321 1957 501 2040 Principem
516 1956 619 2018 adeat.

244 2036 293 2119 76.
321 2038 369 2107 De
381 2051 533 2121 potestate
555 2039 708 2123 Episcopi
726 2039 761 2098 in

324 2122 415 2182 rebus
433 2121 658 2181 ecclesiasticis.

243 2219 291 2283 77.
324 2198 365 2264 Ut
392 2202 531 2263 Clericus
557 2216 651 2264 extra
675 2223 762 2262 suam

320 2286 516 2369 parochiam,
538 2286 652 2364 absque
673 2286 760 2345 Pon·

321 2365 417 2450 tificio
438 2367 493 2427 sui.
508 2369 675 2448 permissu,
698 2385 762 2428 non

323 2445 556 2533 proficiscatur.

242 2527 291 2612 78.
320 2531 466 2614 Qualiter
481 2528 632 2614 Episcopi
646 2550 763 2612 prove·

323 2616 446 2676 leantur.

240 2713 289 2777 79.
319 2694 415 2776 Quod
429 2695 527 2756 turbis
546 2691 763 2756 electionesE-

320 2781 522 2861 piscopornm
556 2797 619 2836 non
648 2797 761 2837 conce-

323 2859 449 2920 dantur.

240 2937 291 3002 80.
325 2941 367 3002 Ut
381 2940 532 3022 Episcopi
547 2939 696 2999 terminos
705 2962 761 3020 pa

324 3025 449 3084 roeltiae
469 3039 541 3082 suae
573 3039 636 3088 non
656 3035 760 3082 trans-

325 3117 404 3164 eant.

223 3183 292 3248 ¹81.
324 3185 365 3247 Ut
377 3183 539 3269 Episcopi,
563 3184 624 3244 nisi
648 3183 758 3262 uocati,

667 333 955 398 ceettuintuvn
1044 283 1046 292 Ι

833 469 885 536 86.
917 467 1109 536 Ucaecasaro
1118 475 1204 538 locus
1213 476 1296 538 unde
1307 480 1355 563 ip·

914 576 947 618 se
962 570 1009 616 est
1017 558 1217 632 concedatur,
1227 561 1282 622 ubi
1295 574 1356 622 tes·

916 651 961 698 tes
969 640 1082 701 babere
1100 655 1203 723 queat.

834 717 884 800 87.
918 720 960 780 Ut
972 720 1147 805 Episcopus
1154 737 1225 785 ante
1240 726 1355 784 iustam

914 801 1132 886 definitionem
1174 806 1354 866 nullatenus

910 888 1044 968 propria
1066 889 1224 972 potestati
1240 891 1355 971 prive-

914 978 975 1026 tur.

831 1041 882 1110 88.
913 1045 955 1109 Ut
977 1051 1059 1110 nulli
1073 1054 1242 1113 criminoso
1261 1051 1355 1112 liceat

913 1150 1058 1194 accusare
1070 1135 1269 1218 Episcopum.

829 1208 881 1294 89.
910 1213 1110 1279 DePrimate
1132 1217 1355 1280 inaccusatis-

910 1315 948 1353 ne
967 1294 1118 1383 Episcopi
1131 1297 1320 1383 expetendo.

832 1392 883 1456 90.
916 1373 958 1438 Ut
993 1395 1157 1444 accusator
1185 1380 1353 1466 culpabilis

911 1479 974 1519 non
994 1465 1175 1548 recipiatur.

830 1557 881 1621 9¹·
908 1538 1046 1606 Utaemo
1057 1547 1283 1608 ecclesiasticus
1293 1557 1354 1606 tes·

912 1621 1033 1704 lificari
1047 1631 1261 1712 compellatur.

830 1722 881 1784 9²·
908 1706 956 1765 De
976 1707 1118 1771 Concilio
1147 1709 1331 1774 universali.

830 1786 880 1866 93.
908 1787 958 1847 De
978 1796 1080 1852 causis
1105 1793 1302 1877 specialibus.

828 1867 880 1948 94.
912 1867 953 1928 Ut
971 1873 1234 1957 Metropolitanus
1254 1875 1288 1934 in
1302 1871 1350 1932 ol-

914 1955 1009 2014 tcrius
1052 1961 1222 2038 provincia
1271 1955 1354 2015 nillil

910 2052 1098 2116 praesumat.

832 2108 884 2196 95.
913 2114 957 2175 Ut
980 2121 1266 2184 contradicentibus
1287 2137 1353 2180 non

912 2200 1076 2263 ordinetur
1095 2205 1279 2288 Episcopus.

828 2273 878 2359 96.
909 2280 1004 2362 Quod
1022 2299 1084 2346 tres
1100 2287 1251 2370 Episcopi
1255 2305 1349 2368 prae·

908 2365 1347 2452 cepto'Arcltiepiscopiordi-

906 2465 982 2505 nare
994 2451 1324 2536 possintEpiscopum.

826 2541 877 2604 97.
904 2526 956 2586 Dc¹
981 2533 1228 2595 contradictione
1255 2531 1346 2592 ordi-

906 2612 1041 2672 nationis
1057 2614 1216 2698 Episcopi.

826 2684 878 2769 98.
909 2689 951 2750 Ut
970 2692 1196 2780 Chorepiscopi
1219 2693 1347 2757 modum

906 2792 1069 2837 mensurae
1100 2781 1154 2862 qui
1185 2781 1219 2838 in
1248 2781 1348 2839 sacris

909 2854 1083 2934 Canonibus
1102 2860 1269 2944 praefixus
1289 2873 1346 2939 est,

907 2957 970 2997 non
992 2941 1156 3004 excedant.

826 3035 877 3100 99.
907 3018 1021 3098 Quales
1051 3045 1204 3106 personae
1228 3023 1274 3084 ad
1296 3022 1347 3086 ac'·

907 3108 1096 3165 cusationem
1127 3129 1192 3169 non
1228 3106 1347 3168 admit-

912 3193 1027 3247 tantur.

322 3281 509 3330 extrasuam
517 3266 685 3327 dioecesim
692 3269 761 3327 nul·
809 3281 876 3327 100.
907 3262 949 3324 Ut
965 3271 994 3328 si
1012 3292 1106 3329 unum
1122 3272 1241 3330 crimen
1254 3293 1348 3332 aecu-

239 3393 242 3400 -
322 3352 368 3410 las
387 3349 602 3410 ordinationes
610 3349 747 3430 faciant.

240 3429 292 3494 82.
324 3431 420 3514 Quod
436 3452 471 3490 ea
485 3451 562 3508 quae
581 3432 615 3500 in
629 3433 760 3514 provin-

323 3516 373 3576 cia
398 3512 519 3594 agenda
541 3526 632 3583 sunt,
660 3514 759 3595 ipsius

318 3597 499 3680 prouinciae
520 3593 668 3670 Synodus
691 3593 760 3654 dis-

319 3691 436 3760 penset.

239 3759 290 3824 83.
317 3761 365 3820 De
381 3771 534 3842 potestate
549 3758 700 3818 Primatis
712 3757 760 3819 di-

322 3862 474 3904 oeceseos.

238 3927 295 4003 84.
327 3925 369 3988 Ut
391 3933 587 3984 accusatores
619 3921 759 3984 Cle-rico·

319 4029 389 4070 rum
409 4007 475 4064 sine
491 4003 677 4086 probatione
694 4026 758 4067 non

237 4145 240 4150 .
317 4090 539 4172 recipiantur..

235 4171 286 4238 85.
313 4172 354 4234 Ut
372 4169 557 4231 criminosus
581 4189 683 4230 vocem
706 4191 755 4230 ac-

318 4249 448 4315 cusandi
465 4270 528 4312 non
551 4249 671 4317 habeat.

907 3362 1026 3410 satores
1044 3353 1220 3432 adprobare
1242 3353 1350 3436 nequi·

907 3434 1030 3506 verint,
1059 3434 1099 3494 de
1130 3437 1260 3496 caeteris
1283 3458 1347 3498 non

909 3511 1125 3581 adnn'ttantur.

810 3609 877 3657 101.
911 3593 952 3655 Ut
965 3609 1058 3658 testes
1076 3597 1233 3678 inframv.
1249 3619 1349 3661 annos

816 3679 819 3688 ’
906 3681 1015 3738 aetatis
1036 3703 1098 3741 non
1127 3681 1329 3762 recipiantur.

811 3775 876 3817 102.
909 3755 950 3818 Ut
967 3761 1082 3822 Clerici
1104 3763 1171 3820 sive
1198 3761 1351 3846 Episcopi

910 3840 1015 3901 asnis
1038 3845 1352 3922 Metropolitanisvel

907 3926 1224 4006 comprovincialibus
1261 3927 1351 3988 audi·

910 4018 1012 4072 untur.
1240 4055 1244 4060 .

810 4087 876 4150 103.
910 4086 946 4148 Si
968 4091 1037 4172 auis
1054 4087 1227 4175 Episcopus
1251 4088 1353 4174 depo-

840 4177 842 4182 ’
910 4174 989 4236 situs
1016 4174 1188 4234 Romanum
1217 4171 1353 4256 Pontifi-

904 4273 970 4316 cem
992 4256 1221 4338 appellaverit,
1255 4275 1352 4316 causa
