2910 4986
544 341 661 398 mana
696 339 839 396 Paratus
1056 304 1062 316 '
1188 307 1257 384 an

126 504 252 544 necnon
270 493 303 544 et
319 482 510 546 in.decretis
529 483 647 546 Leonis
659 485 784 566 Papae,
807 490 843 540 ut
862 499 923 540 nec
937 469 1089 538 Monachi
1105 491 1166 532 nec
1181 469 1258 536 Cle·

123 566 181 626 rici
196 586 260 640 nec
274 566 456 649 Presbyteri
478 566 512 626 in
532 566 687 628 secularia
710 564 839 646 negotia
856 566 1031 623 transeant.
1073 554 1155 617 ibid.
1170 574 1198 615 e.
1211 573 1260 614 22.

365 675 421 736 De
446 675 548 733 servis
574 675 704 734 alterius
724 693 789 733 non
808 665 1031 731 sollicitandis.

201 752 337 818 XXIII.
378 755 461 816 Item
481 755 515 814 in
539 757 653 818 eodem
675 753 826 816 Concilio
848 749 1047 836 praecipitur
1073 757 1109 808 at
1131 767 1261 808 servum

122 839 255 902 alterius
276 838 385 898 nullus
408 837 563 900 sollicitet
586 839 626 900 ad
648 838 834 900 clericalem
852 835 906 898 vel
926 831 1149 894 monachalem
1172 829 1261 890 ordi-

122 942 194 984 nem
220 921 293 983 sine
321 921 488 983 voluntate
509 931 542 984 et
564 921 698 983 licentia
720 919 845 982 domini
864 917 924 979 sui.
966 914 1050 978 Ibid.
1073 935 1100 974 c.
1123 933 1172 973 aa.

294 1027 343 1086 Dc
365 1028 536 1089 stabilitate
556 1027 787 1111 Episcoporum
807 1025 861 1084 nel
884 1023 1088 1082 Clericornm.

199 1107 330 1172 XXIV.
371 1108 457 1172 Item
486 1110 521 1170 in
562 1110 675 1171 eodem
708 1106 859 1170 Concilio
894 1105 979 1164 insra
1011 1103 1075 1164 duo
1098 1101 1260 1184 capitula,

123 1214 250 1254 necnon
276 1203 309 1254 et
329 1192 361 1251 in
383 1192 584 1270 sardicensi,
606 1203 643 1253 ut
662 1215 722 1253 nec
737 1191 916 1274 Episcopus
937 1207 998 1248 nec
1020 1185 1140 1247 Clerici
1155 1194 1260 1246 trans·

121 1277 260 1358 migrent
283 1276 323 1336 de
341 1275 471 1337 civitate
497 1277 531 1338 in
548 1255 738 1337 civitatem'
762 1273 847 1336 Ibid.
871 1294 897 1333 c.
918 1272 967 1330 25.

323 1383 372 1442 De
388 1385 588 1460 Presbyteris
606 1405 668 1443 non
692 1378 832 1442 absoluti
856 1376 1055 1441 ordinandis.

201 1461 313 1525 XXV.
355 1465 439 1526 Item
463 1467 496 1526 in
519 1466 629 1526 eadem
649 1463 791 1546 syuodo,
815 1471 851 1522 ut
874 1461 985 1521 nullus
1005 1457 1148 1519 alisolute
1169 1456 1260 1518 ordi-

123 1555 218 1607 netur
237 1556 271 1607 et
296 1547 366 1608 sine
392 1547 660 1631 pronuntiatione
683 1545 865 1607 stabilitatis
890 1543 954 1604 loci
983 1542 1024 1603 ad
1050 1563 1148 1623 quem
1170 1540 1259 1606 ordi-

123 1639 224 1690 natur.
267 1629 354 1692 Ibid.
376 1652 401 1690 c.
418 1633 467 1708 24.
527 1644 540 1657 ‘

315 1735 365 1794 De
383 1739 549 1820 proposito
565 1733 794 1798 Monachoram
808 1748 839 1795 et
855 1733 1059 1794 Clericornm.

115 1844 117 1848 ·
198 1815 331 1879 XXVI.
372 1818 456 1880 Item
477 1821 511 1879 in
534 1819 649 1882 eodem
672 1818 840 1897 Concilio,
861 1827 898 1877 ut
918 1813 1039 1876 Clerici
1061 1823 1092 1875 ct
1110 1813 1261 1874 Mormchi

122 1900 157 2043 ilp,
165 1921 220 2042 ppo
235 1900 404 2046 prpposito
430 1911 462 1964 et
478 1912 572 1981 voto,
600 1901 689 1985 quod
704 1903 775 1964 Deo
789 1900 1026 1984 promiserunt,
1040 1906 1260 1980 permaneant.

159 2005 168 2041 ι
194 2003 239 2043 .c.
259 2005 277 2042 2
305 2027 313 2043 .

284 2090 334 2148 De
354 2089 521 2151 Monacleis
538 2091 593 2173 qui
612 2090 656 2150 ad
674 2091 856 2152 clericatum
865 2090 1095 2172 provehantur.

164 2207 167 2212 ·
200 2169 350 2233 XXVII.
393 2173 477 2233 Item
498 2175 533 2232 in
565 2174 712 2235 Decretis
742 2173 925 2234 Innocentii
950 2173 1054 2252 Papae
1083 2173 1122 2232 de
1149 2166 1262 2230 eadem

124 2272 174 2329 rc,
202 2261 240 2313 ut
262 2253 463 2332 Monachus,
492 2257 518 2316 si
553 2255 593 2316 ad
614 2256 804 2316 clericatum
827 2254 1041 2340 provehatur,
1061 2251 1261 2338 propositum

126 2335 329 2398 monachicae
347 2338 557 2420 professionis
578 2361 643 2400 non
667 2340 799 2400 amittat.
841 2337 925 2400 ltid.
941 2360 966 2398 c.
985 2335 1034 2396 26.

404 2445 452 2504 De
474 2447 597 2525 negotio
620 2446 814 2507 Clericornm
835 2447 919 2505 inter
939 2465 980 2503 se.

201 2521 366 2588 XXVIII.
409 2527 491 2588 Item
520 2528 554 2588 in
581 2528 695 2590 eodem
721 2527 888 2605 Concilio,
917 2535 954 2586 ut
979 2526 1006 2587 si
1027 2523 1148 2585 Clerici
1175 2522 1264 2584 iuter

125 2625 155 2665 se
176 2607 345 2688 negotium
369 2609 504 2690 aliquod
526 2610 721 2689 habuerint,
743 2613 836 2673 dsuo
850 2608 1012 2693 Episcopo
1026 2605 1261 2684 diiudicentur,

127 2695 156 2747 et
171 2709 235 2750 non
255 2691 274 2749 a
292 2691 499 2754 secularibus.
542 2693 627 2760 Ibid.
643 2716 669 2754 c.
689 2715 737 2774 27.

274 2799 325 2858 De
341 2802 573 2885 conspiratione
593 2799 786 2862 Clericorum
804 2799 859 2859 atel
873 2799 1113 2861 Monachornm.

202 2875 333 2942 XXIX.
375 2881 458 2944 Item
478 2882 511 2942 in
529 2884 642 2946 eodem
658 2881 828 2959 Concilio,
848 2890 883 2943 ut
897 2902 959 2943 nec
976 2881 1097 2943 Clerici
1119 2903 1180 2942 nec
1195 2882 1263 2942 Mo-

128 2959 217 3020 nachi
241 2963 515 3044 conspirationem
537 2967 590 3030 vel
614 2964 745 3027 insidias
772 2973 886 3025 contra
912 2974 1073 3049 pastorem
1098 2985 1193 3026 suum
1214 2965 1262 3031 fa·

129 3041 216 3104 ciant.
260 3045 344 3107 Jttd.
362 3068 387 3108 c.
403 3048 462 3110 28:

302 3154 351 3213 De
370 3157 566 3228 accusatione
587 3156 740 3217 laieorum
765 3167 876 3216 contra
891 3154 1081 3239 Episcopos.

205 3259 306 3320 XXX.
347 3258 431 3320 Item
453 3261 487 3320 in
514 3263 629 3324 eodem
650 3260 819 3340 Concilio,
842 3271 879 3323 nt
902 3260 979 3322 laici
1003 3263 1181 3346 Episcopos
1208 3270 1263 3322 aut

131 3337 268 3430 Clericos
286 3362 352 3401 non
369 3355 541 3423 accusent,
564 3344 731 3427 nisiprius
760 3365 871 3406 eorum
885 3345 1080 3408 discutiatur
1098 3344 1262 3408 existima·
1339 3385 1345 3394 -

131 3423 220 3484 tionis
236 3423 357 3507 opinIo.
398 3426 483 3486 leid.
505 3449 531 3488 c.
548 3448 597 3511 29.

443 3534 492 3594 De
510 3537 708 3615 monasteriis
725 3536 794 3598 Deo
812 3534 936 3598 dicatis.

204 3637 324 3698 XXXI.
364 3637 448 3701 Item
469 3641 504 3700 in
521 3640 653 3720 eodem,
675 3652 710 3702 ut
733 3643 805 3704 loca
827 3665 912 3726 quae
929 3644 1028 3707 semel
1056 3645 1126 3706 Deo
1156 3640 1289 3703 dicata!

132 3727 200 3778 sunt
222 3730 259 3780 ut
276 3723 468 3783 monasteria
492 3722 577 3800 sint,
604 3736 756 3786 maneant
778 3737 937 3810 perpetuo
956 3725 1169 3803 monasteria,
1200 3744 1261 3785 nec

132 3801 246 3878 posunt
264 3804 349 3866 ultra
366 3805 437 3866 fieri
454 3805 612 3866 secularia
629 3807 822 3870 habitacula.
864 3808 948 3871 lbid.
967 3818 993 3871 c'.
1012 3812 1063 3872 30.
1138 3833 1141 3842 ’

343 3911 472 3997 Defide
490 3924 614 3972 sanctae
636 3914 802 4000 Trinitatis
815 3913 1043 3998 praedicanda.

206 4013 351 4080 XXXII.
400 4018 437 4078 In
475 4019 625 4080 Concilio
660 4020 918 4103 Carthaginensi.
967 4022 1077 4085 Primo
1117 4020 1262 4082 omnium

137 4112 256 4160 necesse
276 4110 323 4161 est
338 4109 373 4159 ut
390 4100 468 4162 tides
483 4112 609 4163 sanctae
626 4103 813 4182 Trinitatis,
832 4115 864 4165 et
883 4104 1114 4168 incarnationis
1128 4105 1261 4182 Christi,

136 4178 301 4260 passionis,
330 4185 597 4262 resurrectionis,
627 4194 661 4245 et
681 4187 877 4249 ascensionis
898 4187 932 4246 in
955 4188 1062 4251 coelos
1086 4187 1263 4272 diligenter

138 4262 271 4326 omnihus
289 4266 503 4350 praedicetur.
545 4268 628 4330 laid.
648 4291 672 4330 c.
692 4271 739 4330 δι.
764 4311 768 4317 .
