2910 4984
477 311 644 372 'ADDITIO
678 313 842 378 QUARTA.

125 456 259 534 aliems,
282 462 315 517 et
333 473 406 516 cum
424 452 583 518 fructibus
608 455 773 541 praeteriti
800 453 952 542 temporis
981 455 1092 520 eadem
1114 459 1245 542 praedia

124 538 263 600 alienata
280 557 457 622 reposcere,

218 643 267 703 De
288 644 336 701 bis
356 641 460 702 Laicis
483 644 537 725 qni
558 657 787 727 contemptores
805 642 964 704 Canonum
989 645 1163 707 extiterint.

206 725 273 789 LX.
314 726 357 784 Ut
368 723 455 783 Laici
472 737 705 810 contemptores
721 729 890 787 Canonum
907 728 1245 809 excommunicentur,

123 807 245 869 Clerici
261 808 384 866 honore
403 805 583 896 priventur.
628 807 706 870 VII.
727 809 797 891 457.

130 912 172 974 Ut
186 914 323 997 populus
342 924 411 972 ante
431 915 616 996 completam
631 915 762 974 Missam
780 926 811 973 et
823 911 1067 975 benedictionem
1087 927 1247 997 acceptam

488 996 596 1076 egredi
617 1018 679 1058 non
698 1008 887 1078 praesumat.

209 1074 293 1142 LXI.
335 1079 417 1138 Cum
435 1077 476 1140 ad
494 1077 698 1140 celebrandas
718 1077 826 1139 Missas
840 1077 873 1136 in
890 1076 951 1137 Dei
971 1076 1100 1138 nomine
1126 1099 1247 1140 conve·

127 1159 233 1237 nitur,
254 1161 390 1241 populus
409 1179 471 1220 non
497 1170 569 1221 ante
585 1160 727 1236 discedot
742 1181 836 1240 quam
844 1159 956 1220 Missae
969 1161 1151 1222 solemnitas
1161 1183 1246 1222 eorn-

131 1243 268 1325 pleatur.
316 1243 357 1302 Et
381 1243 435 1302 uhi
458 1243 635 1325 Episcopus
658 1240 776 1319 fuerit,
805 1241 1065 1302 benedictionem
1089 1243 1249 1326 accipiant

126 1321 317 1386 Sacerdotis.
360 1326 528 1385 Sacerdote
550 1335 657 1386 autem
673 1323 807 1385 verbum
820 1324 853 1383 in
873 1323 1017 1385 Ecclesia
1033 1323 1248 1408 faciente,qui

126 1426 271 1487 egressus
290 1405 328 1465 de
345 1407 503 1467 auditorio
515 1407 630 1485 fuerit,
653 1406 960 1471 excommunicatur.
1004 1407 1080 1467 VII.
1099 1427 1169 1489 ²77·

126 1513 176 1572 De
196 1512 245 1570 bis
264 1513 318 1593 qui
334 1513 541 1574 ecclesiastica
566 1513 685 1574 ieiunia
712 1513 829 1596 absque
852 1512 1034 1573 necessitate
1060 1511 1247 1574 dissoluont.

208 1615 304 1677 LXII.
346 1616 380 1678 si
401 1617 473 1698 quis
496 1639 607 1679 eorum
622 1617 679 1699 qui
704 1616 921 1678 continentiae
949 1616 1097 1695 student,
1129 1617 1247 1700 absque

127 1697 317 1758 necessitate
338 1719 490 1780 corporea
502 1700 618 1760 tradita
633 1701 666 1758 in
683 1721 850 1761 commune
868 1700 988 1760 ieiunia
1002 1708 1034 1758 et
1052 1700 1090 1758 ab
1103 1702 1247 1762 Ecclesia

128 1778 284 1840 custodita
303 1783 518 1860 superbiendo
538 1781 698 1863 dissolvit,
720 1781 849 1844 stimulo
865 1804 941 1848 suae
966 1781 1168 1863 cogitationis
1186 1783 1249 1842 im-

130 1861 265 1944 pulsus,
287 1863 454 1924 anathema
470 1864 520 1925 sit.
1192 1875 1193 1880 ’

269 1967 311 2028 Ut
329 1981 552 2029 sacramentnm
570 1969 800 2029 Catecbumenis
816 1989 878 2029 non
894 1969 1092 2051 praebeatur.

213 2047 328 2115 LXIII.
369 2051 452 2112 Item
467 2051 590 2133 placuit
607 2059 644 2109 ut
658 2051 754 2112 etiam
768 2072 827 2134 per
848 2051 1094 2114 solemnissimos
1121 2053 1249 2136 pascha·

129 2129 176 2190 les
193 2128 261 2192 dies
276 2143 507 2194 sacramentum
521 2132 661 2214 corporis
680 2143 712 2194 et
731 2133 1031 2215 sanguinisDomini
1049 2137 1248 2199 catechume-
1292 2203 1295 2210 ,

130 2211 181 2272 nis
204 2233 270 2272 non
291 2214 401 2291 detur,
424 2216 485 2276 uisi
507 2216 638 2276 solitum
662 2215 752 2286 salis;
784 2216 860 2296 quia
891 2215 916 2276 si
941 2216 1053 2277 fideles
1084 2241 1143 2300 per
1174 2220 1248 2281 illos

130 2293 198 2354 dies
213 2307 407 2357 sacramenta
422 2319 486 2358 non
504 2307 639 2374 mutant,
649 2319 709 2358 nec
721 2297 967 2358 catechumenos
981 2309 1107 2393 oportet
1116 2311 1248 2368 mutare.

131 2377 220 2517 Qpae
234 2378 457 2522 {loppafiepiam
478 2381 496 2440 is
515 2380 644 2466 publice
666 2379 905 2463 poenitentibus
927 2401 1058 2442 omnmo
1085 2383 1250 2464 sequenda

131 2477 188 2517 cs.
302 2511 309 2528 ,
331 2483 347 2520 2
393 2512 400 2528 .

128 2563 177 2624 De
198 2565 246 2624 bis
267 2567 321 2645 qui
341 2567 527 2651 rebaptizati
547 2567 595 2628 rel
613 2565 828 2651 reconfirmati
841 2579 924 2642 sunt,
936 2566 1015 2649 qnid
1033 2570 1074 2630 sit
1086 2568 1249 2649 agendum.

211 2669 324 2738 LXIV.
365 2675 413 2734 De
429 2673 479 2735 his
493 2674 550 2755 qui
567 2673 752 2755 rebaptizati
767 2673 835 2734 sine
861 2672 967 2753 aliqua
987 2677 1173 2737 necessitate
1193 2677 1248 2736 vel

129 2762 288 2815 tormento
306 2755 385 2836 lapsi
403 2766 494 2834 suut,
515 2757 636 2838 placuit
651 2765 687 2815 ut
705 2754 790 2817 circa
807 2776 860 2815 eos
876 2754 932 2814 illa
950 2757 1108 2818 Nicaenae
1124 2758 1248 2842 Synodi

129 2843 244 2898 statuta
267 2847 440 2898 serventur
462 2859 544 2921 quae
573 2840 612 2900 de
642 2836 948 2920 praevaricatoribus
979 2841 1149 2902 constituta
1181 2861 1250 2904 esse

129 2927 325 2990 noscuntur;
348 2919 381 2980 id
402 2931 464 2998 est,
482 2930 518 2980 ut
534 2932 657 3004 septem
676 2921 768 2984 annis
779 2921 864 2980 inter
878 2919 1124 2984 catechumenos
1139 2933 1246 3000 orent,

130 3009 163 3061 et
183 3000 304 3062 duobus
318 3001 403 3060 inter
420 2999 607 3074 catholicum
630 3013 662 3064 et
675 3011 799 3084 postea,
821 3001 1040 3064 moderatione
1059 3014 1091 3065 et
1112 3007 1252 3066 clemen-

128 3081 174 3142 tia
194 3081 360 3165 Episcopi,
384 3084 532 3146 fidelibus
555 3085 588 3144 in
610 3085 771 3146 oblatione
797 3096 830 3147 et
853 3084 1045 3148 eucharistia
1070 3088 1249 3149 communi-

130 3173 213 3225 cent.
257 3167 360 3244 Quam
374 3167 507 3226 formam
522 3177 698 3249 sequantur
710 3177 741 3228 et
762 3167 988 3229 reconfirmati.
1018 3234 1021 3242 ¹

128 3273 179 3332 De
194 3271 322 3332 Clericis
338 3273 392 3356 qui
413 3270 459 3332 ad
476 3271 671 3333 Seculariam
692 3270 904 3354 defensionem
918 3272 1100 3356 confugiunt
1115 3290 1252 3361 propter

309 3349 311 3356 ’
480 3355 708 3415 districtionem
732 3356 902 3437 Episcopi.

211 3434 308 3501 LXV.
349 3435 477 3497 Placuit
491 3447 527 3497 ut
543 3437 706 3514 Clericus,
727 3438 754 3498 si
769 3437 884 3497 relicto
905 3436 1009 3500 officio
1034 3461 1092 3499 suo
1119 3453 1251 3525 propter

130 3516 362 3580 districtionem
376 3519 416 3580 ad
436 3519 611 3580 secularem
629 3521 759 3580 fortasse
783 3519 974 3600 confugerit,
996 3532 1030 3584 et
1049 3521 1074 3582 is
1095 3525 1135 3582 ad
1154 3547 1251 3607 quem

129 3601 266 3663 recurrit
281 3603 431 3663 solatium
444 3602 473 3661 ei
489 3601 683 3662 defensionis
700 3601 903 3684 impenderit,
919 3623 993 3663 cum
1010 3605 1124 3665 eodem
1144 3607 1253 3669 chc·

130 3681 245 3746 clesiae
259 3684 483 3746 communione
505 3684 656 3766 pellatur.
700 3685 758 3745 Vt.
781 3684 847 3760 145.

241 3827 244 3840 ·
525 3790 573 3848 Dc
598 3789 812 3872 turpiloquiis.

210 3871 326 3935 LXVI.
371 3870 513 3933 Clericos
530 3871 681 3932 scurriles
696 3881 728 3932 et
741 3872 847 3934 verbis
867 3872 1014 3958 turpibus
1036 3872 1194 3936 ioculares
1214 3875 1252 3938 ab

128 3951 233 4016 officio
253 3955 476 4017 detrahendos,

215 4062 264 4120 De
287 4061 416 4120 Cice-icis
437 4058 544 4139 quiin
565 4058 710 4119 convicio
726 4071 851 4120 cantare
870 4057 1149 4143 praesumpserint.

209 4143 339 4207 LXVII.
382 4140 500 4202 Clerici
524 4140 610 4200 inter
632 4142 742 4222 epulas
764 4152 927 4205 cantantes
952 4141 1151 4228 supradictae
1178 4166 1252 4208 een·

116 4224 248 4286 'tentiae
269 4223 438 4293 severitate
456 4231 675 4312 coerceantur.
747 4285 751 4293 ,
1281 4231 1287 4238 ”
