2910 4984
202 273 277 350 858
598 295 882 356 carnutensem

203 436 360 497 lumniam
377 417 632 498 Ecclesium'aut
651 439 813 502 Clericnm
831 440 962 521 fatigare
978 437 1171 514 tentaverit,
1199 447 1234 498 et
1257 437 1327 499 vic·

201 528 253 579 tus
268 518 381 596 luerit,
403 518 443 578 ab
456 518 620 582 Ecclesiae
633 519 799 582 liminibus
819 530 852 584 et
870 521 887 583 t
907 519 1065 584 catholica
1085 517 1330 602 communione,

203 600 265 662 nisi
290 601 387 683 digne
405 602 621 683 poenituerit,
643 612 838 666 coerceatur.
881 602 939 666 VI.
958 604 1026 685 157.
1051 602 1118 666 158.

201 709 250 768 Ne
267 706 405 768 Clericus
419 707 474 766 nel
489 707 662 768 Monachus
681 710 749 768 sinc
766 709 893 768 licentio
906 706 1058 792 Episcopi
1074 710 1125 768 sui
1140 706 1329 796 proficisca-

202 802 264 856 tur.
309 789 365 850 Ex
389 789 528 852 Concilio
545 788 733 870 Agotbensi,
753 790 889 873 capitulo
911 793 1041 864 xxxvnr.
1082 789 1125 852 Ut
1150 791 1217 853 'sinc
1244 790 1331 876 epis·

223 873 289 935 tela
308 869 460 954 Episcopi
480 873 609 934 suinon
632 873 724 932 liccat
745 873 865 942 Clerico
885 871 940 933 'vel
954 873 1110 947 Monaclro
1128 869 1307 958 proficisci.

284 972 419 1041 CLVII.
460 976 594 1038 Clericis
610 975 688 1060 ¹sine
716 975 981 1037 commendatitiis
1006 977 1328 1061 epistolisEpiscopi

202 1058 251 1122 sui
271 1057 404 1120 licentia
422 1079 487 1118 non
502 1067 608 1140 pateat
629 1060 793 1140 evagandi.
835 1060 879 1120 In.
894 1058 1059 1119 Monacbis
1082 1081 1211 1142 quoque
1233 1082 1330 1142 prae·

201 1139 300 1202 sentis
313 1140 489 1202 sententiae
506 1142 606 1200 forma
627 1151 780 1208 serretur.
823 1141 919 1218 Quod
936 1141 961 1201 si
979 1141 1151 1202 verborum
1173 1142 1327 1225 increpa-

201 1223 290 1286 tione
307 1243 370 1282 non
395 1221 623 1301 emendaverit,
636 1223 731 1286 etiaim
748 1223 933 1285 verberibus
950 1223 1117 1286 statuimus
1134 1246 1209 1287 eum
1230 1245 1327 1286 coer-

203 1304 279 1366 ceri.
324 1303 399 1366 VII.
416 1305 484 1386 269.

201 1412 249 1474 Ne
266 1411 404 1472 Clericus
425 1410 491 1470 sine
509 1411 665 1494 permissu
685 1408 836 1494 Episcopi
853 1410 903 1470 sui
919 1409 1152 1494 proficiscatur.
1172 1411 1230 1473 Ex
1246 1411 1327 1475 Ome-

221 1493 295 1558 cilio
318 1491 506 1572 Agctlaensi,
528 1493 665 1576 capitulo
685 1514 738 1554 nn.
766 1493 829 1552 'De
857 1491 987 1554 Cle'ricis
1007 1494 1063 1574 qui
1083 1495 1150 1556 sinc
1169 1494 1306 1580 epistola

509 1573 675 1658 Pontificis
698 1574 748 1634 sui
756 1571 1016 1666 proficiscuntur.
1071 1579 1074 1586 '

283 1649 432 1754 CLVlll,
472 1680 645 1763 Presbyter
663 1688 718 1741 aut
736 1679 899 1740 Diaconos
914 1679 966 1739 rel
982 1679 1130 1740 Clericus
1145 1678 1216 1742 sine
1231 1679 1325 1742 Anti·

201 1761 282 1826 stitis
298 1763 348 1824 sni
369 1762 514 1845 epistolis
531 1763 706 1842 ambulans,
722 1759 980 1822 communionem
1004 1761 1035 1823 ei
1058 1763 1170 1824 nullus
1193 1763 1325 1850 impen-

202 1845 266 1912 dat.
310 1845 368 1908 VI.
394 1846 459 1922 154.

199 1949 249 2012 Dc
263 1949 312 2012 lais
330 1949 386 2034 qni
400 1951 588 2034 inpropriis
601 1951 777 2033 prouinciis
795 1972 859 2012 non
877 1950 1111 2013 communicant.
1132 1941 1193 2014 Ex'
1210 1950 1323 2014 Conci-

497 2031 541 2093 lio
568 2031 745 2115 Africano,
767 2033 904 2118 capitulo
924 2053 1013 2094 xvns.
1124 2033 1127 2040 ’

259 2189 261 2198 ,
279 2132 396 2201 CLIX.
436 2137 562 2199 Placuit
575 2147 611 2200 ut
635 2137 820 2235 quicunque
840 2159 905 2199 non
923 2137 1159 2202 communicans
1185 2137 1217 2198 in
1242 2161 1324 2222 pro-

183 2243 185 2248 ·
199 2218 269 2302 pria
282 2218 466 2301 provincia,
489 2220 522 2280 in
538 2219 610 2281 aliis
622 2221 797 2302 provinciis
810 2221 864 2282 vel
887 2221 1105 2281 transmarinis
1120 2220 1264 2304 partibus
1281 2224 1323 2286 ad

199 2301 500 2363 communicandum
514 2302 707 2386 obrepserit,
729 2302 882 2366 iacturum
899 2302 1134 2364 communionis
1152 2303 1205 2366 vel
1225 2305 1323 2367 cleri-

200 2394 287 2446 catus
302 2382 449 2467 excipiat.

433 2489 481 2548 De
491 2488 708 2572 patratoribus
726 2486 925 2550 diuersorum
938 2488 1100 2550 malornm.

283 2569 381 2633 CLX.
425 2572 508 2633 Sunt
521 2591 597 2632 sane
617 2571 816 2634 diversorum
844 2572 999 2634 malorum
1019 2581 1211 2653 patratores,
1238 2595 1323 2657 qnos

199 2664 231 2716 et
252 2655 306 2714 lex
320 2653 429 2714 divina
443 2652 600 2736 improbat
619 2663 652 2715 et
668 2653 876 2724 condemnat;
897 2675 956 2735 pro
980 2675 1118 2733 quorum
1143 2657 1241 2718 ctiam
1270 2659 1326 2719 di·-

197 2737 299 2798 versis
314 2734 487 2796 sceleribus
507 2746 541 2796 et
554 2734 682 2815 flagitiis
697 2735 835 2816 populus
856 2736 939 2796 fame
958 2744 990 2796 ct
1006 2735 1198 2816 pestilentia*
1212 2738 1325 2822 flagel-

196 2821 301 2895 latur,
322 2827 354 2877 et
369 2818 531 2879 Ecclesiae
547 2816 866 2894 statusfinfirmatur,
895 2826 928 2877 et
947 2827 1083 2899 regnam
1108 2818 1323 2900 periclitatur.

194 2899 239 2962 Et
254 2921 448 2982 quemqnam
464 2899 543 2960 haec
563 2897 598 2958 in
614 2899 710 2960 sacris
732 2898 868 2980 eloquiis
892 2899 966 2960 satis
992 2899 1056 2960 sint
1077 2912 1250 2978 exsecrata,
1261 2925 1322 2968 nos

197 2983 412 3044 necessarium
424 2979 638 3064 praevidimus
654 2981 771 3041 iterum
789 2990 896 3044 nostra
916 2981 1133 3045 admonitione
1154 2992 1187 3044 et
1204 2984 1321 3046 exhor-

197 3065 317 3124 tatione
345 3075 439 3158 atque
468 3061 686 3146 prohibitione
715 3062 897 3144 praecaveri
931 3063 1061 3124 omnino
1089 3074 1256 3146 oportere;
1272 3067 1319 3128 si-

197 3155 252 3208 cut
265 3156 340 3207 sunt
361 3147 555 3207 diversarum
572 3144 788 3227 pollutionum
802 3154 1000 3227 patratores,
1031 3166 1109 3226 quas
1139 3168 1213 3208 cum
1239 3171 1321 3210 mas

195 3229 278 3291 culis
292 3239 324 3289 et
338 3228 507 3311 pecoribus
519 3227 671 3290 nonnulli
684 3226 905 3288 diversissimis
921 3227 1022 3288 modis
1038 3227 1219 3302 admittunt;
1234 3251 1320 3312 quae

196 3311 478 3392 incomparabilem
489 3310 697 3372 dulcedinem
705 3308 838 3390 piissimi
848 3307 1006 3372 Creatoris
1018 3310 1058 3370 ad
1073 3311 1321 3376 amaritudinem

195 3402 421 3476 provocantes,
443 3403 532 3454 tanto
548 3392 675 3475 gravius
694 3391 890 3473 delinquunt
906 3401 1027 3471 quanto
1047 3402 1157 3454 eontra
1172 3403 1321 3455 naturam

194 3483 339 3557 peccant.
380 3476 444 3537 Pro
462 3497 527 3558 quo
556 3475 653 3535 ctiam
674 3473 795 3534 scelere
818 3471 893 3555 igne
919 3474 1048 3534 coelesti
1079 3475 1319 3558 conflagratae,

99 3563 101 3566 ’
195 3557 381 3638 infernique
400 3558 490 3618 hiatu
508 3556 653 3639 quinque
675 3555 838 3638 absorptae
854 3563 929 3616 sunt
944 3554 1104 3634 civitates,
1134 3579 1264 3619 necnon
1285 3567 1321 3622 et

194 3639 407 3722 quadraginta
424 3649 454 3700 et
470 3662 508 3701 co
522 3638 657 3720 amplius
671 3635 773 3698 millia
790 3635 896 3718 stirpis
912 3636 1135 3700 Beniamineae
1159 3659 1316 3702 mucrone

193 3727 336 3784 fraterno
356 3723 501 3784 confossa
518 3729 602 3783 sunt.
642 3723 729 3782 Haec
749 3739 845 3800 porro
865 3718 985 3782 iudicia
1004 3728 1036 3780 et
1055 3720 1221 3783 evidentes
1246 3721 1319 3784 rin·

194 3805 297 3868 dictae
319 3804 482 3866 declarant
500 3825 595 3886 quam
611 3800 796 3867 detestabile
817 3810 850 3862 et
859 3801 1056 3885 ,exsecrabile
1071 3803 1156 3884 apud
1174 3803 1319 3864 divinam

194 3888 388 3948 maiestatem
410 3887 471 3949 hoc
494 3887 608 3947 vitium
633 3894 730 3950 extet.
771 3883 893 3946 Scimus
915 3882 1001 3942 enim
1023 3884 1174 3963 quoniam
1201 3886 1319 3946 talium

193 3969 364 4030 criminum
381 3979 556 4050 patratores
572 3969 639 4028 Lex
663 3968 828 4042 Romana,
851 3985 932 4046 quae
958 3974 1005 4025 est
1024 3967 1167 4026 omnium
1198 3967 1320 4027 hnma-

196 4074 307 4112 narum
322 4060 422 4110 mater
438 4054 574 4134 Legum,
596 4052 670 4131 igne
688 4048 822 4109 cremari
842 4047 940 4125 iub-et.
982 4045 1081 4108 Vobis
1108 4069 1182 4130 ergo
1207 4049 1318 4108 omni-

194 4137 251 4194 bus
285 4134 474 4194 terribiliter
500 4133 748 4208 denuntiamus,
781 4129 955 4209 vestrisque
985 4129 1128 4207 cunctis,
1158 4153 1194 4192 nc
1223 4131 1319 4193 robis

130 4206 134 4216 ’
193 4216 527 4298 l'amulantibusatque
544 4214 695 4292 subditis,
719 4235 783 4280 ursa
801 4213 966 4288 vobiscum
992 4211 1051 4276 sub
1082 4212 1144 4274 Dei
1168 4214 1319 4276 districto
