2910 4984
515 315 673 408 anunm
696 359 699 363 .
719 315 871 375 usuris.
1186 289 1262 368 ets

128 480 191 544 tur,
205 466 290 608 5qnlisa
313 473 420 622 neppp'e
440 463 553 526 absens
574 481 634 547 per
654 458 754 520 alium
783 463 1010 522 accusassent
1029 457 1263 542 ¹accusaripo·

129 561 201 618 test.
279 552 337 612 ΙΙ..
411 591 418 606 ·
1005 581 1008 586 <

126 661 177 720 De
201 651 345 717 omnibus
356 651 605 735 possessionibus
619 651 639 710 ia
652 660 858 733 praeceptore
882 649 1058 733 possessori
1078 644 1263 729 reddendis.

212 758 304 824 CIll.
349 759 469 820 Omnes
491 755 718 842 possessiones,
741 764 773 814 et
796 755 903 816 omnia
924 754 985 816 sibi
1006 754 1144 830 sublata,
1165 763 1263 836 atque

127 849 253 908 fructus
277 851 411 903 cunctos
437 851 509 903 ante
535 841 626 902 litem
650 847 860 900 contestatam
877 847 1068 922 praeceptor
1082 835 1264 921 *possessori

128 936 332 1074 resmlllaatisto
354 1009 423 1069 loco
442 1005 559 1076 desum
583 1003 736 1088 quaedam
762 1003 919 1088 capitula.

294 1115 342 1174 De
361 1114 509 1184 incestis,
535 1109 623 1194 quod
639 1095 701 1171 uon
723 1111 787 1170 sint
811 1109 943 1190 legitimi
956 1109 1096 1172 heredes·
1136 1107 1140 1112 ’

126 1249 133 1255 ‘
211 1218 298 1285 CIV.
342 1219 463 1278 Omnes
484 1239 576 1280 nosse
599 1216 860 1297 volumusquod
886 1217 1001 1278 incesti
1025 1236 1105 1279 non.
1125 1218 1189 1282 sint
1211 1218 1261 1280 le·
1300 1221 1302 1225 ’

129 1306 232 1389 gitimi
251 1302 400 1376 heredes,
422 1301 479 1362 sed
504 1301 636 1360 infamia
660 1300 724 1360 sint
754 1308 879 1381 notatae
914 1309 1069 1382 utraeque
1093 1325 1261 1384 personae.

127 1390 272 1468 ideoque
293 1379 514 1467 proximorum
537 1384 654 1465 copula
675 1382 728 1444 vel
751 1392 878 1463 stupra,
892 1383 992 1464 'quasi
1012 1387 1170 1465 quaedam
1195 1395 1262 1446 tur-

127 1471 255 1554 pissima
272 1466 381 1549 pestis,
405 1466 547 1527 cavenda
571 1475 635 1535 est;
657 1463 811 1547 quoniam
834 1463 947 1526 incesti
970 1487 1078 1546 ‚usque
1101 1469 1140 1529 ad
1168 1489 1261 1530 cuno·

129 1555 233 1612 nicam
259 1547 494 1630 separationem
516 1547 680 1609 Ecclesiae
709 1568 768 1629 per
788 1546 951 1628 publicam
969 1549 1191 1629 poenitentiae
1215 1572 1261 1610 se·

128 1634 353 1709 tisl'aetionem‚
376 1630 474 1712 magis
496 1630 583 1692 inter
602 1651 838 1711 energumenos
862 1629 915 1689 vel
945 1631 1132 1709 audientes,
1164 1653 1262 1716 quam

121 1719 214 1778 inter
232 1713 445 1775 Christianos
473 1712 649 1774 catholicos
678 1711 807 1793 utrique
830 1733 903 1772 cum
919 1713 1078 1778 *omnihus
1098 1714 1164 1778 suis
1185 1724 1261 1776 sunt

126 1798 279 1858 habendi.
321 1795 357 1856 V
353 1795 381 1861 I.
402 1797 476 1872 410.

173 1903 214 1963 Ut
237 1903 330 1962 licent
350 1901 506 1980 litigatori
523 1901 673 2044 uitiatarbal
686 1921 810 1960 causum
834 1899 1054 1983 appellationis
1079 1902 1218 1967 remedio

602 2005 637 2042 su
673 2004 776 2047 enare.
1159 2016 1161 2022 ι

209 2088 278 2153 CV.
322 2089 447 2150 ludices
468 2089 636 2149 observare
662 2088 780 2150 debent
805 2097 840 2147 ut
868 2087 964 2150 liceat
986 2088 1139 2172 litigatori
1164 2090 1260 2154 vitia-

126 2187 190 2236 tam
215 2193 339 2236 causam
360 2171 585 2254 appellationis
606 2171 750 2231 remedio
775 2171 961 2249 sublevare,
993 2182 1026 2233 et
1044 2173 1258 2256 appellatores

109 2280 195 2319 ,nec
219 2257 252 2315 in
277 2275 438 2314 carcerem
462 2254 622 2334 redigant,
645 2276 705 2313 nec
734 2254 923 2314 amititibus
951 2255 1071 2316 faciant
1093 2255 1259 2316 custodiri.

131 2340 195 2402 Sed
218 2337 377 2419 agendum
400 2336 565 2417 negotium
587 2358 679 2396 suum
700 2336 796 2396 liberi
818 2337 1009 2408 observent;
1032 2358 1092 2397 nee
1114 2337 1208 2416 etiam
1223 2338 1258 2398 in

131 2419 327 2504 supplicium
345 2419 509 2480 destinatis
533 2415 717 2501 appellandi
740 2442 804 2480 vox
825 2420 1015 2501 denegetur.
1059 2419 1137 2483 VII.
1156 2417 1227 2484 251.

464 2534 535 2610 ,De
559 2535 701 2594 oratione
721 2533 905 2595 obedientis.
966 2573 969 2600 ;

213 2639 300 2712 CVI,
344 2639 519 2702 Sciendum
548 2661 623 2700 sane
651 2648 699 2700 est
728 2640 877 2700 omnibus
901 2639 977 2722 quia
1003 2640 1098 2704 citius
1125 2645 1262 2708 exaudi.

129 2737 182 2790 tur
205 2749 270 2786 una
293 2723 473 2787 obedientis
492 2722 611 2800 oratio,
633 2743 730 2804 quam
753 2723 865 2782 decem
886 2722 987 2784 millia
1001 2729 1240 2811 contemptoris.

185 2857 227 2918 Ut
256 2875 460 2939 unaquaeque
484 2854 649 2938 provincio
670 2854 689 2911 t
708 2851 870 2914 Iudicibus
882 2855 1024 2939 propriis
1044 2855 1214 2921 iudicetur.

211 2959 317 3024 CVII.
359 2957 576 3041 Praecipimus
601 2967 637 3017 ut
654 2945 721 3018 ¹non
744 2957 938 3040 degradetur
957 2981 1170 3045 unaquaeque
1188 2987 1261 3048 pro.

128 3042 254 3122 vincia,
275 3041 331 3103 sed
357 3042 442 3123 apud
467 3040 668 3123 semetipsam
694 3040 809 3100 habeat
836 3042 963 3104 Iudices
990 3038 1175 3128 Episcopus.
1215 3050 1259 3110 Et

129 3126 317 3208 quicunque
331 3145 458 3184 causam
474 3121 633 3200 habuerit,
656 3122 673 3181 t
687 3124 752 3184 suis
766 3123 931 3186 iudicibus
949 3125 1123 3205 iudicetur,
1140 3138 1172 3190 et
1191 3151 1257 3192 non

130 3209 169 3269 ab
198 3207 323 3283 alienis,
346 3207 381 3266 id
406 3214 462 3280 est,
485 3205 502 3263 t
523 3227 597 3266 suae
621 3205 711 3265 iustis
733 3205 896 3270 indicibus
917 3208 1125 3292 provinciae,
1150 3221 1183 3279 et
1196 3234 1262 3276 non

129 3291 169 3351 ab
191 3290 345 3366 externis,
375 3287 437 3350 nisi
463 3287 564 3348 fuerit
583 3288 788 3370 appellatum.

244 3394 340 3478 Quod
362 3413 606 3475 unumquemque
631 3396 711 3454 iuste
736 3406 767 3454 et
790 3396 843 3477 pie
870 3396 977 3458 uiuere
1004 3410 1157 3482 oporteat.

212 3499 336 3567 CVllI.
377 3501 496 3562 Notum
516 3520 582 3560 esse
597 3498 745 3560 omnibus
763 3500 912 3564 volumus¹
923 3524 1020 3586 qnam
1037 3503 1131 3586 iuste,
1146 3509 1264 3587 sobrie,

130 3609 225 3669 quam
248 3585 345 3656 etiam
375 3582 428 3666 pic
458 3581 567 3644 vivere
596 3581 742 3642 debeant.
787 3584 982 3662 ,Iusteeuim
1004 3585 1116 3654 rivere
1138 3601 1266 3675 oportet

129 3669 308 3732 secundum
327 3685 509 3748 sermonem
533 3663 732 3725 dominicum
758 3667 1029 3751 praecipientem:
1064 3672 1205 3746 Luceni„
1219 3675 1269 3736 in.

129 3753 217 3833 quit,
247 3752 440 3810 luuvestra
466 3768 572 3820 corum
598 3749 792 3824 hominibus,
824 3763 859 3822 ut
889 3749 1015 3822 uideant
1039 3753 1136 3838 opera
1159 3770 1268 3820 uestra

130 3835 224 3904 boun,
246 3846 276 3893 et
293 3831 474 3912 glorificent
492 3828 620 3888 Putrem
640 3841 772 3888 vestrum
793 3831 896 3913 quiin
917 3833 1013 3893 coelis
1030 3847 1086 3894 est.
1112 3837 1189 3906 ,Ηοο
1204 3849 1268 3904 est:

130 3916 183 3976 Sic
206 3916 288 3978 iuste
309 3913 420 3988 vivite,
443 3921 480 3970 ut
507 3909 566 3970 filii
589 3911 672 3971 lucis
697 3913 856 3989 nominari
882 3916 1025 3978 valeatis.
1051 3918 1167 3996 'Quod
1192 3944 1269 3986 vero

129 3997 234 4059 sobrie
261 3997 371 4058 vivere
404 3993 520 4055 debeat
548 3993 700 4075 quisque,
732 4007 842 4058 monet
869 3997 1102 4079 Evangelium‚
1135 4003 1268 4070 diceus:
1297 4007 1310 4029 *

131 4077 246 4150 Videte
273 4085 311 4138 ne
328 4089 503 4156 graventur
525 4074 623 4136 corda
638 4089 746 4136 nestra
769 4080 803 4136 in
830 4081 962 4163 crapula
984 4093 1015 4142 et
1041 4084 1221 4160 ebrietate,¹
1238 4104 1267 4150 ct

129 4163 213 4220 curis
243 4161 334 4220 liuius
357 4162 445 4218 uitae.
490 4158 548 4219 Pie
572 4158 667 4219 etiam
685 4159 795 4240 nivere
808 4162 861 4240 vel
880 4162 1042 4243 patienter
1059 4171 1268 4242 monetPan.

130 4244 180 4303 lns
212 4241 433 4318 exhortando,
466 4239 599 4302 dicens:
628 4241 949 4329 Inromui‘patieutia
970 4257 1001 4306 et
1027 4246 1182 4324 doctrina¹
1225 4256 1267 4324 Et
