2948 4990
586 349 701 414 assas
736 347 893 408 sexsus.
1202 327 1274 402 651

147 491 194 560 Ul
208 514 246 558 ea
267 488 399 558 inlibata
421 493 833 638 serventurlquaeuPatrum
859 489 1275 588 auctom'tasxcatlaolicorum

604 597 655 656 ege
683 587 828 638 instituit.
1122 589 1124 592 ·

231 675 442 743 CCCLXVll.
483 673 530 740 Ea
555 702 637 766 qaae
662 680 747 742 circa
766 677 957 740 catholicam
985 677 1091 762 legem
1116 680 1169 740 vel
1198 677 1277 750 olim

142 759 310 822 ordinavit
328 761 515 844 antiquitas,
539 765 591 825 vel
612 772 783 846 parentum
805 770 988 823 nostrorum
1004 762 1175 824 auctoritas
1197 760 1277 823 reli·

143 841 235 924 giosa
257 843 440 921 constituit,
474 846 525 907 vel
550 857 657 907 nostra
683 845 838 908 serenitas
856 842 1036 918 roboravit,
1068 846 1196 906 novella
1221 867 1277 906 su-

141 925 336 1020 perstitione
362 927 530 1006 submota,
560 929 685 1012 integra
714 936 747 989 et
776 926 930 991 inviolata
960 927 1116 989 custodiri
1150 927 1277 1012 praeci-

139 1028 261 1090 pimus.
615 1023 619 1032 ’
945 1039 949 1044 ·

152 1111 215 1184 ‚Ut
229 1113 402 1198 priuilegia
417 1136 496 1199 qnae
518 1127 651 1200 propter
677 1115 872 1196 Religionem
895 1116 1039 1180 instituta
1056 1129 1144 1190 saut,
1166 1115 1257 1181 natta

423 1199 677 1262 interminatione
699 1219 783 1260 nova
806 1198 1016 1261 mutuentur„

160 1377 161 1381 Ἰ
229 1303 457 1369 cchxvut.
483 1305 555 1369 Non
570 1327 690 1368 novum
703 1303 829 1387 aliquid
844 1302 1004 1387 praesenti
1014 1302 1279 1391 sanctioneprae·
1333 1323 1337 1336 ’

142 1383 300 1466 cipimus,
324 1385 382 1448 sed
403 1387 459 1456 alla
478 1409 560 1471 quae
585 1387 663 1452 olim
681 1387 841 1451 videntur
859 1386 994 1465 indulta,
1011 1386 1182 1456 firmamus.
1201 1388 1276 1454 Pri-

142 1467 266 1550 vilegia
283 1465 382 1550 igitur
403 1491 485 1551 quae
506 1470 584 1532 olim
603 1469 787 1532 reverentia
806 1468 973 1551 religionis
997 1467 1154 1548 obtinuit,
1175 1471 1277 1552 mati7

142 1549 208 1612 lari
229 1547 289 1628 sub
313 1571 437 1633 poenae
464 1551 846 1615 etiaminterminatione
869 1550 1095 1634 prohibemus,
1126 1551 1170 1620 ita
1189 1575 1276 1637 quo-

142 1653 212 1774 que
235 1640 271 1692 ut
292 1633 351 1716 qui
369 1634 533 1701 Ecclesiae
562 1635 798 1719 obtemperant,
818 1633 982 1698 Ecclesiae
1011 1633 1178 1698 beneficiis
1197 1657 1275 1722 per-

159 1723 304 1781 ruantur.
683 1719 686 1728 “

150 1820 193 1883 Ut
210 1822 239 1880 si
253 1819 476 1906 Claorepiscopi
493 1823 631 1902 aliquam
649 1824 913 1884 consecrationem
928 1835 983 1882 aut
1002 1821 1273 1906 confirmationem

159 1917 162 1922 '
206 1904 208 1912 ‘
303 1902 455 1984 fecemnt,
479 1903 517 1964 ab
535 1901 701 1993 Episcopis
718 1907 866 1966 canonice
889 1903 1109 1984 reformentur.

230 2011 427 2072 CCCLXlX.
468 2011 643 2072 Hominum
666 2013 883 2091 confirmatio,
920 2009 1162 2091 Ecclesiarum,
1191 2013 1273 2074 alta-

142 2095 249 2161 rium,
272 2093 455 2176 virginum,
484 2093 705 2172 chrismatum,
733 2097 1014 2178 Presbyterorum,
1042 2090 1272 2180 Diaconorum,

145 2186 179 2237 et
201 2173 479 2236 subdiaconorum
500 2173 755 2240 consecrationes
777 2178 793 2238 d
816 2175 1061 2260 Choreplscopis
1082 2177 1204 2257 factae,
1234 2179 1274 2241 ab

142 2255 312 2340 Episcopis
342 2258 399 2340 qui
428 2259 582 2321 canonice
609 2260 748 2321 ordinati
775 2271 866 2338 sunt,
894 2258 1116 2322 reformandae
1139 2261 1274 2323 canoni-

143 2363 248 2422 ceque
264 2350 338 2400 sunt
356 2341 566 2424 peragendae,
578 2342 654 2423 quia
666 2339 895 2424 Chorepiscopi
913 2341 994 2412 haec
1004 2340 1191 2423 contingere
1206 2364 1273 2405 non

144 2423 339 2497 debuerunt.
379 2423 589 2505 Nequaquam
609 2423 697 2486 enim
723 2424 795 2486 talis
819 2425 979 2486 ordinatio
999 2421 1051 2484 vel
1073 2425 1274 2488 consecratio

143 2505 310 2566 reiteratio
327 2527 393 2566 esse
416 2507 433 2566 d
449 2505 662 2589 prudentibus
683 2516 714 2568 et
733 2517 819 2568 recte
840 2505 1036 2589 sapientibus
1056 2504 1197 2584 videtur,
1216 2507 1274 2570 sed

144 2587 237 2648 irrita
260 2591 343 2664 (nec
372 2609 465 2669 agere
496 2597 689 2670 potuerunt,
722 2609 786 2648 non
818 2589 904 2650 enim
930 2609 966 2649 ea
993 2585 1135 2648 tribuere
1159 2590 1274 2650 value-

143 2679 223 2730 runt
244 2691 325 2750 quae
347 2691 410 2728 non
437 2665 638 2751 habuerunt)
670 2670 888 2732 indubitanter
908 2672 978 2730 fore
1004 2668 1196 2750 agnoscitur.
1237 2669 1274 2733 si

145 2752 219 2832 quis
242 2763 348 2812 autem
370 2751 680 2837 chorepiscoporum
698 2753 820 2838 aliquid
842 2775 881 2813 ex
901 2751 1072 2834 praedictis
1092 2773 1185 2834 agere
1203 2763 1275 2816 teu-

143 2835 271 2912 taverit,
296 2857 358 2894 non
378 2844 462 2911 acta,
485 2835 540 2896 sed
562 2835 746 2918 imperfecta
768 2845 863 2917 atque
893 2833 982 2896 irrita
1010 2844 1123 2911 erunt,
1153 2845 1186 2894 et
1205 2836 1273 2919 ipse

145 2916 234 2976 omni
258 2916 474 2979 ecclesiastico
506 2915 769 2979 inrevocabiliter
799 2927 904 2979 careat
930 2915 1039 2999 gradu.
1084 2916 1219 3001 Capitol.
1241 2940 1271 2984 a.

145 3020 217 3080 799·
239 3019 264 3058 ⁶·
287 3021 333 3070 λ,
1077 3075 1079 3082 ,
1191 3075 1192 3078 ,

143 3103 194 3162 De
222 3104 363 3181 generali
384 3106 477 3165 totius
504 3103 617 3189 populi
642 3104 868 3188 supplicatione
892 3102 981 3189 apud
1003 3105 1185 3189 Principem
1210 3128 1273 3191 pro

144 3183 352 3250 Sacerdotula
375 3207 469 3246 causa
486 3208 524 3245 ne
543 3189 576 3246 in
594 3187 713 3246 hostem
732 3199 786 3246 aact
804 3208 939 3270 pugnam
955 3203 1131 3269 pergerent,
1149 3201 1179 3248 et
1196 3210 1273 3273 qua·

144 3267 174 3324 le
187 3267 233 3326 eis
247 3267 388 3328 omnibus
404 3288 448 3328 ex
463 3269 520 3330 ltoc
535 3271 694 3328 immineat
706 3270 891 3352 periculum.
920 3269 970 3329 Ex
983 3269 1139 3350 Capitulis
1152 3271 1271 3332 Domni

142 3346 255 3408 Karoli
280 3349 480 3430 Imperatoris
501 3349 676 3414 Wormatia
705 3349 898 3432 generaliter
930 3350 1086 3430 decretisr
1116 3365 1210 3434 atque
1232 3355 1272 3414 ab

186 3429 332 3492 omuibus
350 3431 490 3510 firmatis,
514 3442 547 3494 et
567 3432 691 3493 cunctis
709 3432 853 3514 prolege
871 3433 1019 3494 tenenda
1034 3437 1230 3502 contraditis.
1265 3479 1267 3486 ›

229 3536 406 3602 CCCLXX.
447 3537 556 3598 Flexis
581 3559 689 3598 omnes
702 3557 871 3619 precamur
885 3537 1059 3620 poplitibus
1077 3539 1273 3605 maiestatem

143 3626 281 3679 vestram
307 3627 342 3676 ut
364 3619 515 3701 Episcopi
541 3620 711 3702 deinceps,
740 3619 822 3680 sicut
850 3619 1023 3695 hactenus,
1059 3643 1124 3682 non
1148 3647 1271 3686 vexen-

144 3708 200 3759 tur
224 3699 378 3764 hostibus.
422 3703 486 3762 Sed
511 3703 642 3782 qnando
672 3725 726 3762 vos
749 3723 870 3782 nosque
893 3702 926 3762 in
953 3701 1076 3764 bostem
1097 3707 1271 3788 pergimus,

143 3780 206 3862 ipsi
232 3783 378 3864 propriis·
391 3783 555 3844 resideant
574 3784 606 3842 in
624 3784 799 3866 parochiis,
811 3787 945 3866 Deoque
968 3785 1108 3845 fideliter
1123 3789 1272 3849 famulari

144 3864 317 3942 studeant,
348 3874 380 3925 et
409 3887 520 3926 eorum
542 3877 741 3928 sacrosancta
761 3867 938 3927 ministeria
965 3867 1120 3927 canonice
1150 3880 1182 3930 et
1201 3875 1271 3931 De'o

143 3945 272 4028 placide
291 3966 444 4029 peragere
465 3957 618 4029 satagant,
641 3955 737 4030 atque
760 3971 818 4030 pro
846 3950 936 4010 vohis
959 3957 991 4010 et
1013 3960 1131 4009 cuncto
1153 3954 1274 4014 exerci-

145 4037 182 4086 tu
205 4037 329 4107 vestro,
357 4051 420 4089 una
438 4051 511 4090 cum
529 4029 675 4092 omnibus
700 4031 761 4092 sibi
789 4031 979 4108 commissis,
1002 4051 1092 4091 orare
1121 4032 1270 4115 viriliter,

144 4109 320 4192 Missusque
340 4112 520 4189 decantare,
544 4121 576 4171 et
598 4113 729 4174 letanias
749 4123 844 4194 atque
867 4114 1081 4195 eleemosynas
1103 4135 1195 4196 agere
1212 4119 1272 4179 ‹le-

145 4201 279 4253 certent.
323 4194 485 4270 Quosdam
508 4194 594 4254 enim
612 4215 652 4255 ex
672 4195 717 4256 eis
740 4196 773 4255 in
793 4195 938 4256 hostibus
960 4202 993 4254 et
1011 4194 1142 4276 praeliis
1158 4199 1271 4262 vulne·

144 4281 228 4337 ratos
250 4273 404 4356 vidimus,
427 4284 460 4338 et
482 4276 635 4361 quosdam
657 4277 790 4363 periisse
813 4277 1031 4362 cognovimus.
1082 4277 1169 4346 Haec
1193 4303 1271 4366 vero,
