2926 4986
231 307 305 418 783
648 319 950 386 carirnmnnn.

228 496 263 541 aa
276 470 383 556 potius
396 467 536 530 filiorum
551 467 786 550 appetendum,
813 474 846 528 et
860 474 897 528 ut
921 464 1108 550 virgluitas,
1129 465 1214 528 siout
1233 470 1353 532 Docto·

198 627 201 636 ⁴
228 551 280 623 res
290 554 391 616 nostri
405 551 553 629 tradunt,
573 570 674 631 usque
689 546 864 629 adnuptias
879 553 922 612 sit
931 548 1162 626 custodienda,
1181 559 1213 610 et
1227 562 1263 616 ut
1273 574 1354 612 uxo·

228 661 281 704 res
299 637 454 698 habentes
475 653 581 714 neque
601 631 751 714 pellicem
773 649 878 712 neque
895 631 1109 695 concubinam
1129 630 1247 693 hahere
1263 635 1355 695 debe·

228 731 301 791 ant3
325 717 485 801 quomodo
502 716 597 776 etiarn
613 713 647 772 in
668 713 809 775 castitate
830 736 946 778 uxores
960 737 1031 776 suas
1046 713 1200 796 diligero,
1226 715 1353 797 eisque,

228 813 340 887 utpote
358 801 424 864 vasi
443 796 628 873 infirmiori,
650 795 808 857 honorem
825 796 970 859 debitum
993 796 1130 874 debeant
1149 797 1353 880 impendere;

229 897 262 950 et
277 884 366 966 quod
380 880 564 943 commixtio
585 879 722 940 carnalis
738 899 809 939 cum
838 881 994 942 uxoribus
1017 880 1119 962 gratia
1139 880 1210 940 fieri
1242 880 1355 942 debeat

226 968 349 1056 prolis,
368 987 432 1025 non
450 961 634 1044 voluptatis;
653 971 685 1021 et
703 961 844 1044 qualiter
864 963 881 1023 d
897 964 984 1024 coitu
1005 963 1250 1044 praegnantium
1272 986 1352 1024 uxo·

226 1071 300 1114 rum
316 1048 395 1111 viris
408 1045 635 1108 abstinendum
652 1043 693 1104 sit
706 1088 716 1121 ,
748 1065 882 1105 necnon
899 1056 932 1106 et
943 1044 1083 1128 qualiter
1095 1053 1261 1106 menstruo
1272 1056 1354 1106 tem-

225 1154 305 1218 pore
320 1130 452 1192 viris‘ab
466 1127 618 1188 uxoribus
628 1126 690 1188 suis
700 1125 927 1188 abstinendum
945 1129 1005 1205 sit,
1032 1135 1063 1188 et
1083 1127 1246 1210 quodnisi
1261 1150 1355 1189 causa

225 1211 467 1289 fornicationis,
491 1219 527 1272 ut
547 1207 704 1270 Dominus
725 1207 788 1287 ait,
811 1231 875 1270 non
898 1211 940 1272 sit
963 1231 1046 1272 uxor
1067 1209 1274 1284 dimittenda,
1297 1213 1354 1274 sed

224 1298 332 1382 potius
349 1293 552 1362 sustinentla3
575 1301 607 1351 et
623 1289 711 1374 quod
729 1289 762 1349 hi
783 1291 839 1374 qui
856 1315 950 1354 causa
970 1291 1195 1354 fornicationis
1219 1291 1353 1356 dimissis

225 1379 380 1442 uxoribus
391 1377 456 1438 suis
472 1375 547 1436 alias
563 1374 704 1448 ducunt,
726 1374 857 1434 Domini
872 1375 1032 1436 sententia
1047 1375 1187 1436 adulteri
1211 1397 1279 1437 esse
1300 1399 1354 1437 no·

164 1487 171 1495 ·
223 1471 351 1532 tentum
374 1460 441 1522 sive
459 1457 553 1518 etiam
571 1455 712 1538 qualiter
726 1455 846 1518 incesta
865 1457 1052 1518 Christianis
1067 1459 1207 1519 cavenda
1220 1459 1303 1538 sint,
1321 1469 1354 1520 et

224 1545 313 1626 quod
330 1544 401 1604 loca
413 1543 482 1602 Deo
498 1539 601 1600 dicata
619 1539 821 1622 frequentius
842 1537 1053 1622 devotiusque
1076 1541 1094 1601 a
1113 1539 1283 1620 fidelibus,
1312 1542 1354 1602 ad

223 1629 330 1689 Deum
347 1623 545 1686 exorandum
561 1622 686 1705 sibique
702 1621 875 1704 propitium
889 1624 1094 1701 faciendum,
1116 1623 1181 1684 sint
1194 1625 1351 1694 adeunda3

224 1719 259 1770 et
275 1707 364 1792 quod
380 1706 414 1765 in
434 1704 575 1766 basilicis
596 1706 666 1764 Deo
684 1701 795 1764 dicatis
811 1725 876 1765 non
897 1705 938 1766 sit
956 1703 1075 1766 fabulis
1097 1705 1225 1784 otiosis,
1248 1706 1353 1789 turpi·

222 1791 348 1871 busque
367 1798 400 1850 et
419 1785 587 1848 obscoenis
600 1785 939 1865 sermocinationibus,
960 1786 1156 1862 vacandum,
1176 1796 1208 1849 et
1223 1789 1354 1872 negotia

222 1870 380 1938 secularia
393 1869 587 1950 publicaque
603 1867 720 1951 placita
734 1867 895 1942 habenda;
919 1879 951 1932 et
971 1869 1059 1952 quod
1075 1871 1132 1951 qni
1146 1867 1226 1932 baec
1240 1871 1273 1930 in
1287 1873 1353 1932 Ec-

222 1954 330 2018 clesiis
349 1953 411 2012 Dei
430 1952 571 2028 faciunt,
595 1950 714 2012 maiora
732 1951 794 2012 sibi
814 1963 946 2033 peccata
961 1955 1175 2014 accumulent.
1196 1956 1245 2014 De
1267 1954 1352 2015 iusto

221 2037 345 2098 iudicio
367 2033 560 2110 iudicando,
583 2042 614 2093 et
630 2053 801 2094 munerum
822 2035 1007 2117 acceptione
1029 2037 1180 2096 cavenda.
1199 2036 1249 2096 De
1269 2037 1353 2097 falso

220 2116 407 2182 testimonio
426 2115 575 2190 vitando,
604 2125 636 2176 et
657 2119 697 2178 de
724 2115 922 2179 detractione
947 2117 1093 2195 vitanda,
1113 2137 1240 2179 necnon
1261 2121 1352 2181 etde

220 2201 355 2266 caeteris
372 2220 454 2280 quae
474 2198 606 2280 longum
620 2207 669 2258 est
681 2197 894 2265 dinumerare.
915 2201 998 2261 Sunt
1006 2201 1102 2262 etiam
1117 2199 1280 2284 aliapluia
1291 2202 1355 2263 fla·-

221 2285 299 2370 gitia
311 2279 552 2366 pernecessario
564 2280 765 2362 corrigenda,
791 2302 875 2362 quae
890 2303 948 2344 nos
962 2282 1035 2344 ideo
1050 2282 1105 2344 hic
1128 2281 1271 2346 inserere
1282 2307 1353 2346 non

221 2367 438 2430 necessarium
455 2363 621 2440 duximus,
643 2363 795 2446 quoniam
815 2363 889 2427 satis
914 2364 1083 2427 evidenter
1104 2365 1138 2424 in
1154 2367 1268 2428 vestris
1286 2369 1353 2428 Ca-

218 2451 334 2536 pitulis
346 2471 383 2509 ea
400 2445 629 2530 comprehensa
642 2465 709 2506 esse
727 2446 861 2525 scimus,
885 2469 967 2528 quae
987 2470 1042 2510 vos
1058 2457 1160 2510 restra
1175 2449 1354 2510 anctorita-

220 2544 253 2596 te
274 2543 308 2593 et
321 2530 485 2594 Fidelium
495 2528 644 2590 consultu
660 2548 720 2611 per
735 2538 881 2590 strenuos
897 2531 1008 2592 Missos
1022 2539 1145 2592 vestros
1158 2533 1355 2615 corrigenda

221 2635 290 2678 esse
304 2612 483 2677 censuistis.
504 2613 590 2673 Haec
607 2632 665 2672 nos
683 2609 794 2702 fideles
813 2619 846 2672 et
859 2611 1056 2674 devotissimi
1078 2615 1190 2674 famuli
1202 2624 1233 2675 et
1246 2624 1356 2676 orato·

220 2719 272 2762 res
284 2696 402 2774 vestri,
425 2695 515 2759 iuxta
530 2692 721 2776 parvitateln
737 2714 851 2756 sensus
869 2695 988 2772 nostri,
1011 2706 1107 2778 prout
1122 2695 1261 2758 brevitas
1271 2705 1355 2758 tem·

244 2780 308 2841 oris
325 2777 493 2861 permisit,
516 2775 696 2836 secundum
713 2785 853 2836 sanctam
873 2778 1111 2840 ordinationem
1128 2789 1286 2858 vestram,
1308 2781 1354 2840 de

219 2802 270 2925 iis
286 2881 369 2944 quae
383 2861 423 2922 ad
445 2868 583 2920 nostram
601 2866 633 2918 et
646 2857 917 2920 Consacerdotnm
931 2859 1354 2944 subiectorumqnenostro·

219 2967 294 3008 rum
316 2942 551 3006 correctionem
572 2949 604 3001 et
635 2940 892 3002 emendationem
918 2944 1082 3026 pertinere
1108 2945 1351 3029 perspeximus,

220 3048 350 3090 necnon
363 3036 396 3088 et
413 3026 452 3087 de
469 3022 520 3083 his
533 3042 615 3104 quae
624 3023 752 3104 populis
766 3026 943 3086 necessario
961 3028 1182 3090 annuntianda
1191 3029 1223 3088 et
1237 3029 1354 3090 admo·

219 3109 327 3174 nenda
338 3106 569 3189 praevidimus,
587 3103 670 3166 illud
687 3104 783 3167 etiam
797 3107 886 3188 qnod
897 3117 1021 3170 vestrae
1039 3110 1152 3192 pietati
1174 3110 1354 3192 deposcen-

220 3193 298 3256 dum
312 3191 406 3252 modo
431 3188 662 3265 iudicavimus,
684 3209 785 3269 pauca
806 3189 846 3248 de
859 3190 969 3252 multis
982 3213 1064 3272 quae
1085 3192 1119 3252 in
1138 3193 1254 3254 nostris
1273 3215 1354 3254 con-

219 3274 370 3336 ventibus
389 3281 475 3368 qesta
492 3280 567 3331 sunt
586 3280 810 3352 excerpentes,
829 3271 862 3330 iu
878 3294 979 3334 unum
987 3273 1166 3356 redigendo
1181 3275 1354 3338 succincte

220 3366 255 3420 et
269 3355 440 3416 ordinatim
460 3352 690 3414 adnotavimus.
711 3353 777 3414 Sed
795 3375 987 3436 quamquam
1008 3357 1121 3418 ordine
1141 3368 1353 3441 praepostero

219 3435 262 3502 de
281 3437 331 3500 his
349 3459 432 3519 quae
447 3435 620 3519 praemissa
631 3445 725 3512 sunt,
746 3447 853 3496 vestro
869 3438 1089 3500 ardentissimo
1104 3440 1265 3502 desiderio
1279 3442 1354 3525 pri·

162 3528 166 3536 '
219 3543 257 3582 us
274 3519 456 3582 satisfacere
473 3518 681 3600 elegerimus,
704 3515 789 3578 illud
801 3529 906 3580 tamen
925 3522 1012 3604 quod
1024 3523 1058 3582 in
1071 3523 1174 3604 capite
1185 3524 1275 3606 prins
1288 3546 1354 3606 po-

218 3603 363 3664 nendum
380 3603 505 3678 fuerat,
530 3611 563 3661 et
581 3601 622 3662 ad
637 3609 775 3662 uestram
790 3601 974 3684 specialiter
988 3625 1157 3686 personam
1176 3605 1355 3667 ministeri-

217 3706 337 3767 umque
350 3684 513 3766 pertinere
528 3705 565 3744 co
589 3683 753 3760 novimus,
776 3684 962 3746 nullatenus
974 3686 1131 3748 oblivioni
1145 3687 1351 3758 tradidimusa

146 3803 147 3808 κ
209 3769 274 3832 'sed
286 3768 392 3849 potius
410 3775 531 3831 vestrae
542 3705 637 3827 saluti
650 3764 900 3848 prospicientes,
917 3769 1226 3852 nonnullacapitula
1237 3791 1354 3834 neces-

214 3849 444 3915 sa'riafideliter
455 3848 661 3930 collegimus,
680 3857 713 3909 et
726 3848 814 3910 vobis
823 3849 1025 3912 familiariter
1041 3852 1269 3924 admonitionis
1281 3875 1355 3938 gra·

216 3933 260 3995 tia
266 3930 460 4015 porrigenda
474 3931 661 3992 devovimus
669 3955 677 4000 ;
694 3939 730 3990 ut
742 3941 850 4012 aperte
864 3942 960 4014 atque
970 3932 1119 3996 distincte
1129 3932 1355 4017 inspiciendo,

217 4015 355 4097 legendo
371 4023 403 4075 et
416 4012 600 4090 audiendo,
620 4021 724 4074 restra
736 4035 931 4096 cognoscere
953 4017 1052 4098 possit
1066 4016 1198 4082 solertia
1213 4019 1253 4080 de
1296 4019 1355 4079 ui-

212 4095 274 4159 b'ns
286 4107 318 4158 et
329 4118 388 4180 pro
403 4095 521 4190 quibus
533 4094 566 4154 in
586 4095 766 4157 memoratis
780 4097 991 4160 conventibus
1011 4097 1149 4177 uostris,
1164 4041 1356 4165 secundum

214 4179 331 4242 virium
344 4177 589 4264 possibilitatem
605 4181 804 4261 nostrarum,
819 4177 959 4244 fideliter
977 4181 1146 4269 egerimus.
