2910 4984
494 341 651 400 oncino
683 340 853 406 cunnos:
1009 327 1011 339 '
1158 327 1231 434 oet

205 480 432 547 Antiochenam
450 482 644 561 Concilium,
714 499 765 565 29.
797 481 839 544 Ut
852 482 927 546 dum
945 501 1104 557 accinctus
1117 487 1174 550 uel
1185 491 1232 550 iuo

206 567 342 647 capitulo
359 587 435 626 xxti.
682 609 685 623 .
794 563 918 627 dicatus
931 569 1104 658 Episcopus
1121 573 1233 632 Roma·

123 645 175 724 24·
196 646 245 709 De
259 649 397 729 primatu
413 647 505 709 Sedis
519 661 646 731 aposto*
671 695 672 702 κ
795 667 869 708 num
893 654 1095 735 appellaverit
1117 655 1230 714 Ponti-

132 739 139 750 “’
205 730 307 804 licae‚
338 732 389 789 cui
417 731 645 815 Episcoporum

194 809 333 895 finitiva
364 814 482 875 iudicia
511 829 541 875 et
567 835 645 874 con·

203 895 431 973 gregandarum
452 897 644 974 synodorum

120 1008 123 1014 .
204 977 374 1060 priuilegia
390 993 461 1038 sunt
474 990 643 1039 reseruata.

204 1057 249 1118 Et
265 1057 305 1118 de
325 1062 475 1124 canonica
494 1058 646 1200 Episctpi

204 1143 381 1205 vocatione.
427 1143 482 1204 Ex
512 1163 589 1220 syno
615 1143 643 1199 is

205 1222 374 1299 Romanis,
398 1227 534 1308 capitulo
555 1244 641 1294 xcix,

204 1315 234 1361 et
245 1325 287 1365 ee
300 1307 434 1368 decretis
443 1307 519 1366 Iulii
526 1307 642 1389 Papae.

119 1381 171 1449 25.
196 1381 237 1446 Ut
262 1386 291 1444 si
318 1391 387 1471 quis
420 1390 643 1469 Metropolita-

202 1489 276 1529 num
291 1485 465 1554 suspectum
486 1470 640 1541 habuerit,

786 728 888 812 ficem
890 777 902 804 ,
912 736 999 795 nulla
1010 739 1040 795 ei
1044 735 1147 796 laesio
1152 735 1231 817 fiat,

795 833 892 890 neque
901 818 1014 901 aliquis
1023 821 1086 878 eius
1099 819 1233 900 arripiat

793 893 911 968 sedem,
921 904 1016 960 autin
1031 902 1229 961 eiastocoon

794 974 923 1038 dinetus·
937 982 1121 1066 EpiscopuS,
1142 997 1230 1042 ante-

817 1081 888 1118 uam
908 1063 974 1122 eius
993 1087 1085 1124 causa
1099 1065 1232 1123 Romani

793 1080 899 1225 i'apcm
912 1147 954 1204 sit
967 1149 1131 1206 terminata
1150 1144 1231 1204 iudi-

792 1223 851 1287 cio.·
862 1223 916 1286 Eoo
924 1230 1033 1310 attilus
1043 1249 1149 1311 supra,
1161 1247 1230 1286 cum

793 1306 903 1384 quibus
929 1323 960 1368 ct
984 1311 1081 1370 ruttlta
1104 1306 1229 1369 sancto-

793 1407 863 1447 rum
881 1391 1012 1452 Patrum
1025 1404 1054 1452 et
1077 1412 1229 1452 canonum

793 1466 920 1530 decreta
943 1475 1147 1534 consentiunt.
1216 1475 1218 1484 ’

203 1573 222 1610 a
246 1549 291 1608 ud
301 1554 472 1613 Primatem
484 1551 641 1612 audiatur.
710 1544 762 1611 50·
788 1549 837 1610 De
852 1551 1081 1636 Episcoporum
1093 1577 1133 1639 ap
1155 1554 1239 1616 ella·-

232 1653 257 1692 oc
292 1636 432 1696 Concilio
467 1633 642 1695 Chalcedo-

202 1712 340 1776 donense
350 1762 362 1789 ,
384 1716 521 1798 capitulo
538 1737 614 1777 xvn.

119 1793 171 1856 06.
191 1797 240 1856 De
274 1801 480 1859 accusationis
511 1798 640 1875 ordine,

205 1891 235 1939 et
249 1892 283 1938 ut
301 1881 465 1960 nonsocz'le
479 1881 640 1962 quisquam

207 1975 376 2023 accusetur.
416 1964 471 2024 Eae
490 1977 642 2038 sentasy·

202 2043 288 2104 nodo
317 2046 472 2115 Romana,
503 2045 639 2126 capitulo

204 2147 252 2193 ιη
273 2147 411 2208 cumque
422 2141 451 2186 ct
467 2128 641 2186 aliocsanc-

201 2210 302 2268 tiones
346 2215 571 2292 Imperatorum
609 2220 640 2267 et

201 2289 398 2365 synodalium
411 2291 640 2374 Episcoporum

202 2375 402 2434 concordant.

792 1633 930 1694 tionead
941 1638 1111 1698 Romanam
1143 1638 1199 1698 'ecl
1215 1674 1229 1687 ·

790 1717 892 1786 siam,
921 1720 1041 1798 qttoties
1060 1721 1226 1780 necessitas

791 1802 981 1880 exposcerit,
997 1798 1227 1883 cuiEpiscopo·

791 1883 1226 1960 rumetsummaaegotiasin-

789 1961 893 2039 gulari
905 1964 1074 2046 privilegio
1085 1967 1105 2024 h
1116 1966 1225 2025 Patri-

790 2044 846 2103 bus
866 2060 1026 2104 reseruata
1048 2060 1128 2107 suut.
1168 2047 1225 2109 Est·

788 2124 898 2203 quibus
918 2148 1031 2210 supra,
1059 2149 1129 2188 cum
1153 2132 1226 2212 qui·

790 2208 845 2268 bus
863 2202 999 2270 maxime
1014 2224 1124 2271 cuncta
1134 2231 1225 2273 cano·

789 2308 861 2348 num
897 2302 927 2350 et
953 2305 1130 2352 sanctorum
1162 2292 1223 2353 Pa·

785 2381 868 2429 trum
883 2373 1009 2432 decreta
1027 2374 1203 2435 concinunt.

122 2464 172 2532 27.
191 2452 238 2514 Ut
258 2471 401 2516 accusato
420 2455 575 2536 Episcopo
594 2453 636 2514 li·
705 2445 755 2508 δι.
784 2451 832 2510 De
850 2472 943 2514 causa
964 2453 1111 2536 Lapicini
1127 2454 1223 2540 Epis⁴

199 2551 268 2597 cent
296 2539 454 2620 appellare
486 2538 638 2619 apostoli-

201 2640 270 2680 cam
293 2621 420 2692 Sedem,
447 2622 477 2684 si
496 2621 635 2684 uoluerit.

120 2744 124 2750 .
202 2702 257 2763 Ea·
298 2703 409 2764 edictis
436 2701 637 2778 synodalibus

787 2535 868 2615 copi.
900 2535 955 2596 Ex
968 2537 1099 2618 epistola
1107 2537 1222 2597 Eeonis

713 2681 716 2686 .
787 2613 903 2699 Papae,
921 2616 1082 2698 Africanis
1093 2619 1224 2704 Episco-

784 2697 834 2779 pis
853 2698 983 2760 directa.

201 2786 258 2846 sah
289 2786 466 2846 Theodosio
494 2785 637 2864 Impera·
706 2773 755 2843 ἂι.
783 2779 1222 2864 DeLaicispraesumentibuc

202 2882 269 2928 tore
313 2867 476 2941 decretis,
513 2866 637 2945 eiusque

202 2952 385 3009 auctoritate
449 2949 639 3008 roboratis.-

198 3049 278 3108 quae
306 3032 334 3089 si
358 3031 426 3108 quis
451 3031 636 3110 quaesierit,

137 3179 139 3186 Α
202 3113 237 3169 in
267 3112 330 3171 suis
361 3112 498 3171 inveniet
517 3109 644 3198 Epist&

202 3191 302 3254 larum
326 3194 425 3254 libris.

122 3265 172 3335 28.
192 3273 240 3332 De
266 3289 408 3336 accusato
436 3276 484 3334 uel
499 3274 639 3338 iudicato

202 3357 379 3438 Episcopo,
402 3359 431 3416 si
454 3359 565 3419 bonam
583 3379 641 3442 pu·

787 2859 948 2945 disputare
985 2863 1025 2924 de
1064 2867 1225 2946 rel1'gione.

786 2941 842 3006 Ex
861 2945 1071 3021 Synodalibus
1101 2951 1222 3008 statutis

790 3039 820 3086 et
845 3028 1074 3108 Imperatorum
1096 3031 1221 3100 edictis,

788 3127 832 3169 ex
861 3110 941 3172 libro
970 3131 1031 3180 nrt.
1056 3111 1229 3173 Theodosii

791 3191 1013 3273 Imperatoris,
1034 3193 1073 3256 de
1098 3197 1145 3255 his
1171 3195 1226 3277 qui

789 3292 884 3414 spper
916 3276 1065 3356 religione
1095 3289 1229 3338 eonten-

816 3369 879 3416 tent.

205 3441 320 3499 caverit
340 3443 452 3502 hahere
466 3453 640 3510 causam‚et
708 3436 759 3498 53.
786 3437 899 3498 Nullus
922 3441 1111 3520 Monachus,
1137 3462 1226 3516 proe-

203 3523 367 3582 uolueritis
383 3525 520 3583 Rontano
534 3522 641 3583 audiri
713 3527 717 3535 ”

202 3603 358 3685 Pontifice
366 3650 377 3677 ,
401 3607 420 3665 h
446 3605 533 3682 nullo
560 3625 646 3688 pro-x

203 3674 364 3758 ltihcdtur,
387 3688 448 3748 sed
465 3688 567 3746 libere-
583 3688 639 3748 hoc

203 3769 234 3827 ei
255 3782 286 3828 ct
310 3771 423 3852 absque
458 3769 522 3829 ullo
547 3770 643 3854 impe«

206 3847 345 3910 dimcnto
360 3852 559 3917 coucedatur.
572 3851 641 3912 .Ex

203 4013 259 4073 ota
286 4026 317 4074 et
340 4014 528 4075 Sardiceuse
559 4015 643 4076 Con·

791 3533 839 3580 ter
864 3523 991 3583 Domini
1019 3525 1225 3594 Sacerdotes,

790 3603 903 3665 audeat
921 3604 1116 3690 praedicare.
1179 3608 1231 3665 Do

792 3688 922 3756 epistola
932 3690 1045 3749 Leonis
1065 3691 1169 3772 Papae
1187 3685 1231 3748 ud

795 3767 1022 3831 Theodoritum.
1039 3771 1114 3849 Cyri
1132 3770 1234 3853 Epic«

792 3871 903 3936 copam
921 3852 1051 3918 directa.
1141 3915 1145 3921 ,
1225 3864 1227 3870 “

202 3934 312 4012 ortibus
340 3955 455 4014 supra,
486 3954 554 3993 cum
576 3937 643 4013 qui·
709 3931 762 4010 54
789 3934 837 3994 De
860 3934 1067 3995 Delatorihus.
1089 3933 1144 3995 Eu
1153 3935 1231 3996 Con·

793 4017 868 4076 cilio
886 4015 1135 4078 Heliberritano.

205 4096 330 4171 cilium,
359 4109 390 4157 ct
423 4097 489 4158 alio
516 4097 644 4158 decreto
712 4094 764 4164 55,
794 4097 914 4158 Clerici·
935 4113 1131 4160 accusatores
1154 4097 1231 4179 fra·

203 4196 354 4236 conatuum
397 4193 427 4239 et
466 4193 644 4242 sauctorum

188 4259 335 4320 ·Patrum
354 4259 556 4330 concordant.

794 4185 877 4242 trum
912 4180 959 4240 ad
981 4183 1234 4242 ‘conamunionent

722 4278 740 4296 ”
800 4257 1006 4345 recipiantur,
1024 4278 1085 4326 non
1102 4261 1146 4326 od
1163 4260 1246 4324 cta„
