2910 4986
316 1071 376 1134 IN
430 1072 716 1133 CHRISTI
768 1073 1095 1137 NOMINE..

121 1194 311 1285 Incipiunt
341 1193 515 1284 Capitale
548 1193 695 1281 Regum
726 1203 761 1260 et
792 1193 1082 1287 Episcoporurn,
1120 1195 1247 1265 innxi-

121 1318 244 1386 meque
269 1291 446 1362 nobilium
472 1291 635 1360 oninium
669 1293 925 1379 Francorum,
962 1294 1016 1362 nd
1048 1295 1249 1384 reprimen-

226 1392 297 1459 dos
323 1391 603 1483 Neopbytornnr
629 1390 737 1482 qnasi
762 1392 946 1460 Fidelium
972 1391 1141 1463 diversos

418 1493 419 1504 ’
534 1489 828 1559 adinventiones,

455 1605 611 1668 Increrr
654 1628 896 1669 enarrarre.

119 1717 330 1830 Dominante
350 1790 410 1852 per
432 1769 541 1830 secula
570 1768 698 1828 infinita
723 1769 866 1830 omnium
896 1769 1094 1837 dominatore
1122 1777 1249 1840 Christo

118 1854 279 1915 Salvatore
295 1862 415 1928 nostro,
430 1854 581 1913 Creatore
607 1850 776 1912 universae
799 1861 977 1932 creaturae,
997 1875 1082 1918 anno
1096 1860 1250 1926 lucerna·
1276 1859 1283 1868 ¹

117 1937 208 1998 tionis
220 1935 324 2018 ipsius
335 1931 585 2010 DCCCXXVII,
595 1933 776 1994 indictione
796 1935 836 2010 V,
862 1955 947 1995 anno
967 1957 1042 1998 vero
1055 1941 1131 2002 XIII
1149 1944 1252 2025 Impa-

96 2021 153 2079 ¹rii
184 2017 489 2100 gloriosissimorum
513 2015 702 2097 Principum
725 2015 842 2075 Domni
873 2016 1069 2080 Hludouvici
1101 2024 1250 2107 Augusti,

13 2167 18 2175 Ι
118 2100 306 2162 christianae
324 2096 503 2180 Religionis
519 2097 626 2179 magni
646 2096 863 2180 propagatoris
889 2100 935 2172 (ac
960 2099 1101 2163 filiorum
1118 2107 1187 2168 eius
1208 2112 1249 2184 a),

116 2185 296 2258 Aristonus,
310 2180 408 2241 nullis
417 2178 686 2262 praecedentibus
701 2179 834 2256 meritis,
844 2179 899 2239 sed
911 2182 1010 2260 gratia
1019 2186 1250 2269 omnipotentis

117 2265 173 2324 Dei
184 2265 287 2339 Abba,
297 2285 356 2344 pro
368 2283 474 2322 amore
483 2260 585 2321 bonae
598 2262 769 2321 memoriae
777 2261 895 2321 Domni
904 2263 1015 2324 Karoli
1027 2267 1134 2350 Magni
1144 2272 1250 2354 Impe-

118 2347 226 2407 ratoris
238 2344 496 2406 Christianorum
507 2353 602 2424 atque
617 2343 914 2425 praecellentissimi
932 2367 968 2406 ae
983 2347 1117 2430 piissimi
1129 2350 1250 2415 Domni

120 2427 312 2490 Hludouvici
333 2426 471 2508 Augusti
490 2425 577 2484 filiii
602 2427 667 2485 sius
684 2426 809 2486 sincera
831 2425 1019 2507 dilectione,
1039 2430 1120 2494 haec
1140 2434 1251 2494 subter

121 2511 277 2591 descripta
299 2508 437 2570 adunavi
461 2449 626 2590 Capituib:
650 2529 731 2588 quae
758 2507 975 2588 proculdubio
998 2513 1074 2594 quia
1095 2515 1135 2575 ad
1162 2536 1251 2576 sanc·

120 2601 164 2652 tae
181 2592 349 2652 Ecclesiae
366 2591 548 2672 profectum
567 2592 751 2664 factasunt,
772 2611 830 2671 pro
854 2590 927 2650 utili
952 2592 1086 2654 firmiter
1109 2597 1248 2656 tenenda

120 2684 189 2735 sunt
204 2675 290 2755 lege.
332 2675 480 2732 Fuerunt
498 2693 634 2753 namque
654 2672 829 2751 quondam,
850 2681 993 2755 tempore
1009 2677 1166 2757 praedicti
1182 2701 1249 2737 ma-

122 2756 171 2836 gni
185 2755 307 2815 Domni
324 2753 436 2815 Karoli
456 2753 675 2836 Imperatoris,
701 2773 827 2813 necnon
859 2764 891 2814 et
921 2777 1009 2819 nunc
1029 2761 1247 2839 praefatorum

120 2837 305 2918 Principum
323 2835 385 2895 hoc
408 2837 441 2894 in
463 2845 605 2917 tempore
619 2834 739 2895 Domni
755 2835 890 2917 piissimi
908 2838 1105 2900 Hludouvici
1128 2842 1250 2924 Augus-

122 2920 143 2978 ti
164 2930 194 2980 et
205 2917 536 3001 praeclarissimorum
547 2917 688 2979 filiorum
709 2917 780 2978 cius
793 2918 891 2995 iussu,
905 2939 964 3000 per
985 2920 1158 2984 intervalla
1173 2935 1250 2984 tern-

120 3023 239 3083 porum,
258 3001 301 3066 ad
322 3000 535 3068 Christianam
562 2999 766 3080 Religionem
789 3001 1050 3080 conservandam,
1083 3015 1178 3088 atque
1210 3008 1249 3067 ad

123 3084 322 3145 concordiam
335 3082 421 3164 pacis
438 3093 470 3144 et
479 3082 663 3144 dilectionis
680 3081 713 3140 in
727 3082 873 3142 Ecclesia
889 3082 1046 3145 catholiea
1064 3089 1248 3166 tenendam,

123 3166 209 3226 edita.
252 3165 320 3226 Sed
336 3165 412 3246 quia
429 3165 461 3224 in
483 3164 616 3227 diversis
641 3163 773 3245 sparsim
797 3163 915 3246 scripta
939 3167 1169 3233 membranulis
1190 3194 1250 3254 per

123 3247 318 3309 diversorum
335 3247 434 3329 spatia
448 3257 627 3330 temporum
643 3247 782 3324 lucrant,
800 3266 840 3306 ne
856 3246 1014 3308 oblivioni
1032 3253 1249 3332 traderentur,

121 3351 174 3410 pro
189 3329 367 3392 dilectione
385 3329 494 3408 nimia,
511 3340 547 3389 ut
562 3329 722 3414 praefatus
740 3349 821 3405 sum,
834 3330 1071 3410 praedictorum
1086 3336 1250 3417 gloriosis·
1298 3342 1301 3350 ’

122 3413 269 3472 simorum
290 3412 491 3493 Principum,
508 3421 541 3472 et
561 3430 743 3495 praemere
767 3410 982 3475 sanctissimae
998 3417 1100 3498 prolis
1124 3441 1248 3494 eorum,

123 3495 173 3554 sed
188 3505 220 3555 et
233 3515 296 3576 pro
319 3504 445 3556 sanctae
469 3494 633 3555 Ecclesiae
655 3501 750 3569 statu,
769 3492 890 3575 placuit
919 3495 999 3556 mibi
1025 3500 1188 3582 praedicta
1214 3501 1247 3559 in

121 3572 178 3636 hoc
199 3577 315 3637 libello
332 3576 471 3637 adunare
488 3596 570 3658 quae
597 3574 745 3642 invenire
773 3576 865 3658 potui
895 3578 1044 3661 Capitula
1065 3584 1248 3662 praedicto-

123 3677 190 3716 rum
204 3658 397 3740 Principum
410 3660 498 3720 iussu
518 3659 687 3740 descripta,
703 3667 740 3717 ut
754 3658 796 3718 ad
811 3670 937 3720 sanetae
952 3662 1116 3724 Ecclesiae
1133 3674 1250 3725 statum

124 3737 280 3823 longaevis
303 3741 560 3803 conservandum
575 3740 783 3821 temporibus,
803 3751 900 3823 atque
918 3742 959 3803 ad
981 3745 1131 3808 meritum
1155 3769 1250 3828 prae-

13 3868 19 3892 ,
124 3820 253 3882 fatorum
265 3822 456 3906 Principum
470 3822 639 3904 gloriosius
659 3823 691 3880 in
712 3823 778 3884 vita
791 3833 947 3906 perpetua
964 3830 1249 3906 augmentandum,

124 3905 297 3981 proficiant.
318 3904 431 3966 Amen.
453 3905 518 3968 Sed
531 3905 593 3967 hoc
620 3913 732 3964 notum
755 3905 796 3966 sit
819 3905 959 3983 Lectori,
983 3908 1059 3987 quia
1086 3911 1251 3990 praedicta

126 3983 277 4068 Capitale,
293 4009 375 4069 quac
392 4008 450 4072 per
469 3987 641 4050 intervalla
662 3996 841 4069 temporum
862 3986 1044 4069 apraefatis
1063 4001 1138 4051 sunt
1152 3994 1250 4052 Prin-

126 4068 239 4151 cipibus
261 4071 360 4147 edita,
382 4070 414 4131 in
430 4079 569 4152 quatuor
599 4069 732 4130 distinxi
756 4067 883 4130 libellis.
928 4069 989 4131 Illo
1017 4071 1141 4133 scilicet
1166 4097 1249 4158 qum

127 4212 348 4230 ἡ*

157 4306 187 4364 o)
205 4302 237 4352 al.
256 4321 316 4356 mss.
337 4315 362 4356 et
379 4303 519 4357 Hlotbarii
538 4304 664 4358 Caesaris
685 4293 739 4362 nat
757 4302 822 4356 eius.
