2926 4986
537 355 651 414 unua
675 355 872 414 seruans.
1185 341 1253 413 tot

122 508 249 562 tantur.
289 499 332 566 Et
352 521 429 570 oum
445 509 598 584 purgatus
618 498 719 561 fuerit
741 495 800 561 sub
828 505 1002 582 conspectu
1025 497 1178 581 publico,
1211 497 1257 559 ita

134 583 264 646 demum
281 582 448 649 ordinetur
463 584 649 666 Episcopus.

145 687 197 751 ‚Ue
215 686 437 774 Chorepiseopi
459 687 585 748 modam
610 703 774 747 mensurae
796 687 852 770 qui
883 685 917 744 in
939 685 1037 746 sacris
1057 685 1233 750 Canonibus

432 769 597 854 praefixus
620 780 676 846 est,
698 787 761 828 non
783 767 946 829 excedant.

212 871 370 950 XCVIII.
410 874 582 936 Emersisse
604 873 891 956 reprehensibilem
923 881 956 933 et
983 873 1076 934 valde
1106 874 1258 936 inolitum

123 953 223 1019 susum
244 955 472 1039 comperimus,
495 979 533 1018 eo
556 955 788 1040 quodquidam
805 955 1055 1036 chorepiscopi,
1080 960 1165 1018 ultra
1186 981 1257 1018 mo-

129 1041 207 1101 dum
230 1059 322 1099 suum
342 1039 600 1121 progredientes,
623 1049 654 1099 et
670 1039 789 1100 donum
805 1037 904 1096 sancti
920 1039 1057 1120 Spiritus
1076 1061 1132 1118 per
1155 1040 1254 1122 impo-

128 1122 280 1182 sitionem
304 1143 457 1184 manuum
480 1122 622 1199 tradant,
645 1131 677 1182 et
695 1120 756 1178 alia
772 1140 854 1200 qaae
868 1119 943 1180 solis
967 1121 1176 1182 Pontificibus
1204 1123 1258 1182 de-

127 1203 248 1265 bentur
264 1213 375 1264 contra
393 1205 439 1264 sas
460 1199 635 1286 peragant,
662 1200 848 1284 praesertim
872 1223 945 1260 cum
968 1201 1095 1262 nullum
1119 1225 1158 1264 es
1183 1226 1257 1284 sep-

129 1285 276 1366 tuaginta
297 1284 481 1367 discipulis,
503 1308 641 1366 quorum
657 1284 797 1365 speciem
823 1284 856 1342 in
880 1284 1024 1344 Ecclesia
1056 1295 1189 1366 gerunt,
1210 1287 1256 1346 le·

130 1376 226 1448 gatar
245 1368 475 1430 donamsancti
496 1369 632 1450 Spiritus
642 1385 819 1448 permanus
829 1366 1063 1446 impositionem
1073 1368 1251 1430 tradidisse.

126 1450 226 1526 Quod
246 1457 353 1510 autem
382 1451 457 1510 solis
480 1448 639 1531 Apostolis
661 1467 837 1529 eorumque
853 1497 856 1506 .
871 1449 1108 1510 successorihus
1132 1448 1255 1531 proprii

128 1533 171 1592 sit
190 1531 285 1591 officii
301 1533 427 1592 tradere
445 1533 600 1612 Spiritum
623 1540 790 1606 sanctum,
813 1529 896 1590 liber
921 1532 1062 1590 Actuum
1082 1533 1254 1612 Apostolo-

127 1634 202 1672 rum
216 1614 319 1673 docet.
363 1616 399 1673 ln
421 1615 569 1674 Concilio
585 1635 662 1674 vero
680 1611 878 1673 Caesariensi
894 1612 938 1670 ita
957 1612 995 1672 de
1009 1612 1255 1694 Chorepiscopis

129 1693 267 1775 hahetur
287 1695 455 1778 seriptum:
480 1696 705 1778 Clrorepiscopi
727 1715 846 1778 quoque
870 1693 915 1752 ad
927 1695 1107 1777 exemplum
1127 1695 1253 1775 paridem

127 1788 160 1835 et
172 1775 313 1856 formam
335 1779 531 1858 septuaginta
547 1779 690 1837 videntur
716 1796 792 1835 esse.
838 1773 880 1836 Ut
906 1777 1112 1836 comministri
1136 1790 1252 1846 autem,

126 1871 260 1940 propter
286 1859 420 1917 studium
457 1860 543 1940 qacod
567 1879 639 1937 erga
666 1878 820 1942 pauperes
851 1859 1018 1927 exlzc'lrent,
1042 1857 1253 1918 'honorantem

129 1939 209 1998 Item
225 1939 256 1997 in
275 1939 422 2000 Concilio
438 1940 652 2017 Antiocheno,
671 1940 810 2022 capitulo
836 1939 980 1999 decimo:
1014 1939 1076 2020 Qui
1105 1941 1138 1996 in
1169 1941 1252 1998 vicis

126 2019 193 2079 arel¹
208 2024 455 2104 possessionibus
489 2023 713 2105 Chorepiscopi
737 2022 954 2092 nominantur,
983 2022 1122 2103 picamvis
1143 2041 1252 2079 manus

128 2103 355 2184 impositionem
370 2103 596 2185 Episcoporum
609 2104 817 2186 perceperint,
842 2116 872 2162 et
901 2115 934 2161 ut
959 2101 1113 2186 Episcopi
1140 2123 1251 2161 conse-

128 2186 210 2242 erati
224 2187 298 2256 siat,
320 2197 422 2244 tamen
438 2198 559 2245 sanctae
584 2185 713 2262 Synodo
738 2185 856 2266 placuit
880 2188 913 2243 ta
935 2185 1061 2244 modum
1080 2186 1271 2267 proprium·

126 2278 360 2342 recognoscant,
385 2279 414 2325 et
438 2269 608 2346 gubernent
636 2269 787 2327 subiectas
809 2268 869 2327 sihi
886 2265 1056 2339 Ecclesiae,
1082 2283 1248 2348 earumque

121 2345 334 2408 moderamine
350 2365 483 2432 curaque
496 2351 633 2409 contenti
648 2350 723 2420 sirat-

217 2453 330 2533 Quales
348 2474 501 2536 personae
529 2452 573 2513 ad
595 2447 821 2513 accusationem
847 2471 909 2512 non
937 2451 1153 2512 admittantur.

126 2601 132 2606 -
199 2555 331 2624 xcix,
368 2556 497 2618 Placuit
515 2568 551 2619 ut
579 2578 686 2617 omnes
716 2555 799 2617 servi
829 2556 882 2618 vel
910 2555 1036 2632 liberti,
1069 2579 1243 2640 omnesque

124 2637 261 2717 infames
285 2660 451 2720 personae,
474 2641 514 2700 ad
531 2640 762 2700 accusatio-nem
783 2659 847 2697 non
868 2637 1084 2715 admittantur,
1109 2642 1160 2700 vel
1183 2663 1248 2702 ome

124 2740 182 2861 aps
199 2741 281 2814 guas
311 2721 351 2781 ad
379 2724 555 2785 accusanda
576 2721 707 2804 publica
733 2719 866 2781 crimina
891 2719 1154 2804 leges'publicae
1181 2742 1245 2782 non

115 2823 141 2860 a
165 2811 304 2869 mittunt,

126 2895 128 2901 ’
166 2905 209 2967 Ut
224 2907 253 2966 si
264 2929 364 2968 unum
378 2910 495 2970 crimen
508 2901 701 2970 accusatores
719 2905 902 2989 adprobare.
916 2907 1114 2989 nequiverint
1120 2951 1132 2980 ,
1161 2907 1201 2970 de

462 2994 590 3051 caeteris
608 3012 669 3050 non
685 2989 899 3052 admittantur.

123 3165 129 3172 ³
207 3091 243 3156 C.
286 3097 412 3156 Placuit
434 3107 467 3156 ut
480 3097 762 3178 quotienscunque
790 3092 925 3155 Clericis
951 3091 989 3154 ab
1008 3096 1243 3160 accusatoribus

119 3175 223 3235 multa
247 3177 379 3244 crimina
402 3179 602 3254 obiciuntur,
637 3187 668 3237 et
692 3197 790 3236 unum
817 3198 856 3236 ex
879 3176 971 3258 ipsis,
1005 3178 1043 3238 de
1069 3199 1134 3258 quo
1154 3182 1242 3262 prius

113 3258 256 3340 egerint,
278 3261 450 3342 adprobare
473 3283 537 3321 non
559 3259 729 3336 valuerint,
745 3259 784 3318 ad
804 3267 928 3318 caetera
942 3279 1006 3318 non
1024 3261 1240 3330 admittantur.

227 3363 268 3424 Ut
289 3379 380 3426 testes
405 3365 490 3447 infra
513 3389 574 3426 xiv.
592 3385 695 3424 annos
716 3365 826 3423 aetatis
845 3385 908 3423 non
936 3367 1137 3448 recipiantur.

203 3469 258 3536 CI.
300 3472 411 3534 Testes
430 3473 469 3532 ad
487 3471 703 3542 testimonium
716 3491 780 3528 non
801 3469 1024 3548 admittendos,
1047 3473 1103 3555 qui
1123 3495 1182 3534 nee
1202 3477 1242 3536 ad

111 3554 360 3614 accusationem
383 3555 506 3614 admitti
527 3553 687 3636 praecepti
705 3561 789 3628 sunt,
812 3554 865 3613 nel
890 3575 969 3633 quos
988 3554 1053 3636 ipse
1078 3567 1243 3618 accusator

121 3636 163 3696 de
189 3653 245 3696 sua
272 3637 364 3697 domo
386 3636 584 3718 produxerit.
624 3636 675 3695 Ad
700 3634 915 3702 testimoniam
940 3645 1045 3696 autem
1070 3638 1153 3698 infra
1177 3662 1241 3700 xiv.

109 3719 229 3778 ,aetatis
243 3740 316 3779 suae
336 3741 436 3779 annos
456 3719 565 3778 nullus
581 3718 772 3782 admittatur.

136 3821 187 3881 ,Ut
204 3823 317 3884 Clerici
336 3826 405 3885 siue
430 3824 581 3908 Episcopi
601 3823 620 3880 ci
642 3825 705 3881 suis
727 3823 983 3905 Metropolitanis
1008 3827 1056 3895 vei
1074 3847 1220 3913 compro,-

485 3904 672 3966 oincialihus
695 3905 872 3982 audiantur.

201 4007 272 4070 CII.
315 4012 461 4072 Canones
479 4011 649 4070 Africanae
673 4010 876 4092 provinciae,
907 4013 961 4074 *vel
991 4013 1083 4074 etiam
1112 4015 1240 4078 decreta

117 4090 267 4166 Nicaeae,
290 4092 450 4154 inferioris
476 4094 588 4174 gradus
608 4092 750 4154 Clericos
770 4092 837 4154 sive
859 4093 942 4176 ipsos
964 4097 1149 4180 Episcopos‚
1175 4099 1239 4161 suis

116 4173 370 4254 ‘Metropolitanis
392 4175 584 4254 apertissime
600 4177 837 4249 ,commiserunt
881 4177 1137 4238 ¹Prudentlssime
1155 4183 1241 4242 enim

109 4253 559 4342 »iustissimeque-delinierunt
577 4258 931 4348 qtraecuirque‘,negotia
947 4257 981 4329 in
998 4260 1064 4332 suis
1076 4260 1159 4337 Iocis
1180 4267 1239 4344 ,iili-i
