2948 4990
223 277 298 362 042
648 297 937 360 cararussssou

224 451 293 502 tum
312 440 453 524 aliquem
472 440 710 522 incurrerit,'et
728 442 830 506 fuerit
852 440 952 506 nimio
974 442 1146 506 necessitas
1169 459 1234 504 non
1260 461 1360 525 posse

222 523 379 608 plurimos
400 544 607 608 congregare,
629 547 670 590 uc
693 527 726 588 in
755 524 894 602 crimine¹
907 533 1046 607 maneat,
1067 549 1087 588 a
1109 523 1283 590 duodecim
1306 523 1359 588 E·

222 605 363 692 piscopis
384 607 543 674 audiatur.
847 609 850 614 ’

226 711 269 774 Ut
287 711 440 798 Episcopi
460 715 566 798 plebes
590 716 709 777 alienas
734 737 797 779 uon
823 727 992 800 usurpent,
1016 727 1047 776 ct
1071 727 1106 776 ut
1125 733 1215 775 nemo
1239 733 1284 776 ex
1308 714 1358 775 eis
1450 719 1451 804 j

306 796 456 876 collegam
473 819 561 857 suum
581 799 616 858 in
636 798 774 860 dioecesi
801 799 856 862 uel
879 798 978 862 aliubi
1001 796 1270 884 supergrediatur.
1450 807 1451 892 l

305 899 488 965 CCCVIII.
529 903 657 966 Placuit
677 916 713 967 nt
734 905 752 968 i
774 906 866 968 nullo
881 905 1042 990 Episcopo
1065 911 1266 988 usurpentur
1284 903 1341 986 ple

218 983 274 1048 bes
285 985 492 1064 alienae,nec
509 987 866 1074 aliquisEpiscoporum
879 987 1142 1074 supergrediatur
1158 987 1193 1048 iu
1211 986 1353 1050 dioecesi

219 1070 378 1153 collegam
397 1091 500 1132 suum.

217 1173 266 1236 De
282 1175 439 1260 Episcopo
467 1178 523 1259 qui
538 1177 577 1238 ab
597 1176 702 1262 aliquo
727 1177 901 1264 impetitur,
923 1178 979 1240 uel
997 1179 1028 1238 si
1051 1179 1117 1263 ipse
1138 1177 1352 1259 quaestionem

207 1279 210 1285 '
234 1259 375 1344 aliquam
387 1258 542 1330 retulerit,
564 1272 597 1318 ut
612 1280 672 1342 per
687 1259 862 1348 Episcopus
881 1259 1009 1323 Iudices
1022 1282 1119 1322 causa
1132 1261 1328 1322 terminetur.

298 1339 445 1410 CCCIX.
487 1339 520 1402 Si
549 1341 621 1436 quis
648 1341 827 1426 Episcopus
849 1343 868 1403 d
890 1365 1054 1428 quoquam
1080 1342 1267 1424 impetitur,
1292 1340 1348 1406 vel

213 1432 270 1492 ille
292 1429 433 1511 aliquam
450 1431 672 1508 quaestionem
684 1425 842 1503 retulerit,
855 1445 915 1508 per
932 1425 1110 1510 Episcopus
1130 1420 1254 1487 iudIces
1271 1445 1349 1486 cau·
1450 1479 1451 1486 ,

212 1537 247 1582 sa
267 1512 415 1590 finiatur,
436 1510 506 1572 sive
533 1525 614 1590 quos
642 1507 688 1570 eis
712 1507 870 1572 Primntes
900 1506 1068 1587 dederint,
1090 1507 1160 1572 sive
1184 1527 1266 1593 quos
1288 1506 1351 1592 ipsi

211 1595 337 1657 vicinos
359 1615 400 1656 ex
421 1611 583 1654 consensu
603 1589 798 1674 delegerint.

215 1702 258 1765 Ut
274 1701 378 1762 nullus
400 1697 576 1784 Episcopus
597 1696 695 1756 alium
718 1695 911 1782 Episcopum
931 1697 1092 1758 conculcet
1113 1711 1168 1760 aut
1181 1695 1345 1784 impediat.

291 1803 418 1872 CCCX.
460 1805 503 1864 Ut
523 1802 634 1864 nullus
650 1799 830 1884 Episcopus
843 1801 944 1862 alium
962 1803 1133 1866 conculcet
1149 1803 1350 1888 Episcopum

209 1891 263 1953 vel
284 1886 562 1973 supergrediatur,
591 1893 646 1946 ant
668 1883 803 1967 aliquod
829 1883 860 1945 ei
879 1883 1123 1948 incommodum
1139 1886 1245 1949 iaciat.

271 1995 319 2058 Ne
338 1991 520 2070 Presbyteri
533 1991 588 2052 uel
601 1991 738 2050 Diaconi
760 1992 826 2049 sine
843 1993 1033 2052 conscientia
1052 1989 1285 2078 Episcoporum

572 2093 699 2132 susorum
727 2072 853 2155 aliquid
871 2087 974 2152 agam.

291 2155 439 2222 CCCXI.
481 2157 523 2216 Ut
539 2154 721 2236 Prochyteri
744 2155 795 2216 sel
819 2155 956 2218 Diacoui
979 2154 1049 2219 sine
1081 2156 1278 2220 conscIentia
1298 2160 1345 2220 E-

209 2247 416 2331 piscoporum
432 2253 565 2300 suorum
586 2236 670 2297 nihil
693 2246 797 2320 agant.

304 2351 354 2410 De
368 2351 439 2410 loco
457 2343 565 2406 dando
582 2347 751 2429 peregrino
773 2343 932 2428 Episcopo
947 2347 981 2404 in
998 2365 1059 2428 quo
1076 2343 1244 2428 sacrificet.
1265 2348 1268 2358 '

240 2447 245 2452 ⁴
294 2453 462 2520 CCCXII.
483 2453 548 2550 'Ut
565 2450 737 2548 peregrino
759 2450 919 2534 Episcopo
941 2452 1033 2513 locus
1057 2449 1258 2514 sacrificandi
1284 2452 1344 2515 de-

211 2555 277 2620 tur,
298 2549 394 2621 atque
415 2538 556 2618 benigne
578 2542 781 2616 suscipiatur.
906 2539 910 2548 '

212 2649 261 2713 De
282 2670 345 2713 non
367 2641 605 2707 condemnando
627 2643 683 2705 illo
706 2644 793 2702 casius
811 2662 904 2703 eausa
919 2638 1088 2719 diligenter
1113 2645 1176 2701 u'on
1198 2655 1244 2702 est
1264 2663 1344 2703 exa-

716 2725 843 2786 minata.
915 2769 918 2775 -

296 2808 474 2875 CCCXIII.
513 2808 584 2870 Non
606 2817 654 2868 est
675 2807 795 2868 iustum
813 2805 1029 2870 condemnare
1051 2806 1231 2870 eumenius
1250 2827 1345 2868 causa

211 2897 255 2961 ad
275 2894 452 2980 liquidum.
469 2913 533 2952 non
560 2899 608 2952 est
628 2890 814 2952 examinata.

372 3001 421 3062 De
446 3002 494 3059 lais
513 2999 567 3081 qui
579 2994 669 3079 salse
683 2993 845 3077 fratribus
870 2997 1019 3082 capitalia
1040 2997 1187 3058 obiciunt.

299 3105 477 3172 CCCXIV.
518 3105 582 3168 Eos
596 3103 652 3186 qui
671 3099 745 3166 falsa
761 3104 911 3166 iratribus
932 3103 1080 3186 capitalia
1098 3102 1250 3164 obiecisse
1269 3124 1346 3164 eon·

214 3193 292 3256 victi
311 3191 453 3267 fuerint,
466 3185 589 3274 placuit
608 3207 662 3248 eos
688 3209 789 3270 usque
811 3187 990 3248 aderitum
1011 3208 1077 3247 non
1098 3185 1344 3246 communicare.

236 3300 285 3360 Dc
307 3293 493 3379 deponendo
507 3290 675 3354 Sacerdote
695 3293 746 3455 Ji
761 3293 882 3455 Eefsritn3
895 3293 924 3351 si
944 3293 1062 3352 crimen
1082 3291 1214 3372 aliquod
1229 3291 1270 3354 de
1292 3317 1324 3354 se

643 3395 700 3434 eon
718 3395 778 3433 essi
811 3388 923 3435 uerunt.

302 3481 463 3550 CCCXV.
507 3477 710 3543 UtSacerdos
722 3481 773 3542 vel
784 3481 906 3559 Levita,
925 3483 953 3543 si
969 3481 1008 3544 de
1022 3503 1055 3544 se
1071 3481 1193 3544 crimen
1212 3480 1344 3562 aliquod

219 3571 402 3644 confitetur,
427 3565 615 3648 deponatur.
1445 3597 1446 3606 ,

223 3679 271 3738 De
287 3678 334 3736 lais
348 3673 404 3758 qui
416 3670 539 3734 libellos
547 3667 692 3750 sansosos
709 3670 830 3730 inuenti
841 3669 965 3748 ,fuerint
979 3671 1011 3728 in
1029 3670 1173 3732 Ecclesia
1190 3671 1343 3755 posuisse,

602 3765 636 3809 ut
665 3753 973 3813 anathematizentur.

306 3861 484 3926 CCCXVI.
525 3857 559 3918 Si
575 3858 631 3938 qni
644 3857 779 3924 ¹inuenti
794 3859 925 3920 fuerint·
937 3858 1064 3929 libellos
1081 3859 1217 3920 famosos
1234 3856 1269 3916 in
1284 3857 1346 3918 Ec·

224 3949 322 4012 alesia
343 3963 477 4030 ponere,
499 3941 818 4002 anathematizentur.

229 4056 271 4116 Ut
285 4046 410 4116 delator
420 4039 667 4112 communionem
687 4069 743 4111 uec
762 4050 796 4108 iu
799 4046 905 4131 finem
921 4048 1067 4130 accipiat,
1089 4050 1117 4106 si
1130 4040 1348 4124 inventusfue-

246 4140 289 4198 rit
308 4137 438 4221 quilibet
454 4152 514 4214 per
531 4127 720 4190 delationem
739 4130 804 4190 eius
822 4134 1037 4215 praescriptus
1061 4130 1115 4190 oei
1136 4127 1328 4209 interfectus.

169 4263 173 4270 '
226 4259 232 4322 f
308 4239 500 4306 CCCXVII.
541 4238 674 4302 Del-ator
691 4234 716 4298 si
732 4235 804 4319 quis
821 4237 964 4302 extiterit
979 4236 1205 4321 tidelis,elper
1220 4232 1349 4299 delatio·
