2926 4986
536 317 649 380 crasa
674 300 872 378 serranus.
895 331 903 340 r
1187 301 1258 376 765

124 465 193 524 lum
208 459 383 530 incurrat.'
405 458 448 520 Et
464 457 527 520 hoc
546 457 675 542 populis
696 455 965 534 ‹lenitatiandum-
982 469 1050 538 est),
1082 481 1122 526 ne
1147 459 1258 526 Missas

124 547 158 606 in
174 541 348 627 praedictis
363 539 497 602 inlicitis
516 541 593 602 locis
611 540 834 602 Sacerdotibus
862 551 991 603 cantare
1017 543 1185 620 suadeant,
1204 544 1260 606 rel

122 624 203 688 haec
221 623 346 685 inlicita
358 625 465 684 facere
487 623 693 705 Presbyteros
715 623 948 703 deprecentur]
980 623 1135 706 quoniam
1156 627 1260 708 scrip·
1276 653 1280 658 a

124 717 193 770 tum
208 717 273 768 est:
299 705 382 766 Vide
406 727 444 764 ne
471 705 591 787 offeras
617 705 798 764 holocausta
822 718 877 764 tua
905 707 939 764 in
965 709 1052 767 omni
1076 709 1145 768 loco
1167 729 1260 790 qaaerit,

124 791 268 860 videris,
292 785 402 848 sedin
422 789 599 866 locoqucm
626 787 755 864 elegerit
768 787 922 846 Dominus
953 802 988 848 nt
1014 787 1113 874 ponat
1147 811 1261 863 nonren

93 887 96 898 “
127 893 216 935 suune
233 873 286 932 iti.
329 869 434 930 Satius
449 869 609 950 igiturest
627 869 754 928 Missam
774 869 983 950 nouandire,
998 893 1095 952 quam
1118 893 1186 932 eam
1204 871 1260 930 ubi

128 976 194 1015 non
217 955 312 1030 licet,
335 951 397 1012 nec
413 960 558 1034 oportet,
581 949 745 1010 celebrare
770 959 825 1010 aut
843 951 966 1017 audire.
1007 956 1050 1014 Et
1068 954 1102 1013 in
1118 955 1280 1014 canoni-⁴

128 1039 190 1100 bus
204 1037 324 1116 legitur
338 1044 374 1093 ut
397 1035 507 1096 nullus
521 1032 732 1096 Sacerdotem
758 1032 791 1092 in
808 1033 956 1094 domibus
973 1036 1028 1106 vel
1047 1036 1081 1098 iu
1107 1037 1177 1097 aliis
1209 1036 1262 1095 lo-

129 1121 197 1196 cis,
220 1116 282 1178 nisi
301 1117 334 1176 in
350 1115 505 1178 Ecclesiis
527 1114 705 1192 dedicatis,
728 1114 892 1178 celebrare
918 1117 1032 1178 Missas
1057 1119 1183 1184 audeat.
1227 1116 1262 1178 Si

130 1201 204 1282 quis
218 1191 329 1260 contra
344 1197 427 1268 ¹baec
440 1198 567 1268 decreta
583 1197 695 1279 egerit,
719 1197 879 1274 jcanonica
899 1199 1100 1261 correctione
1117 1201 1262 1265 feriatur.

130 1283 233 1350 Simul
259 1291 289 1342 et
306 1281 368 1340 hoe
381 1289 533 1340 statutum
551 1289 614 1356 est,
638 1289 674 1338 ut
698 1279 808 1339 nullus
835 1280 1006 1344 Sacerdos.
1019 1282 1052 1341 in
1069 1281 1140 1343 aliis
1166 1305 1264 1363 quam

117 1367 255 1444 inDeo
278 1361 390 1424 dicatis
412 1361 513 1438 vasis,
536 1372 568 1424 et
591 1364 629 1422 ab
644 1360 810 1443 Episcopis
840 1364 1049 1441 consecratis,
1080 1364 1262 1426 ministrare

133 1471 191 1512 seu
204 1447 315 1506 Missas
334 1444 498 1505 celebrare
512 1454 706 1530 praesumat:
728 1444 805 1524 quia
825 1446 909 1505 sicut
924 1467 990 1506 non
1011 1456 1058 1507 est
1074 1468 1263 1508 concessum

133 1541 170 1592 ut
190 1527 245 1587 alii
266 1529 376 1590 Missas
398 1535 529 1586 cantent
549 1536 581 1610 et
601 1525 755 1588 sacrificia
770 1535 981 1606 consecrent,
1006 1551 1106 1611 quam
1132 1528 1181 1589 illi
1206 1528 1280 1608 qni¹
1304 1573 1306 1578 ,

132 1614 173 1673 ab
197 1610 364 1692 Episcopis
385 1607 742 1684 suntconsec1·ati,.ita
763 1629 828 1678 non
849 1609 1038 1671 estliciturn
1067 1620 1103 1672 ut
1134 1612 1167 1672 in
1195 1611 1266 1672 aliis
1320 1671 1322 1676 ,

134 1692 281 1757 domibus
296 1693 349 1754 vel
366 1689 537 1765 altaribus,
560 1701 619 1750 aut¹
636 1688 734 1767 vasis,
757 1690 865 1750 Missas
885 1692 1075 1754 Sacerdotes
1098 1693 1265 1754 celebrare

133 1784 360 1860 praesumant,
381 1793 477 1854 quam
497 1772 536 1834 ab
552 1772 718 1856 Episcopis
741 1773 948 1840 consecratis,
986 1775 1070 1834 Sunt
1103 1776 1198 1835 etiam
1225 1775 1265 1835 ab

134 1857 304 1940 Episcopis
328 1855 546 1916 consecranda
577 1865 610 1914 et
630 1853 853 1914 benedicenda
880 1856 1063 1937 corporales
1096 1859 1202 1940 pallae
1229 1878 1266 1919 ae

135 1941 199 1999 alia
218 1939 408 2010 vestimenta
431 1935 658 2014 sacerdotalia,
681 1957 808 1996 necnon
833 1946 866 1997 et
885 1937 992 1998 omnia
1020 1959 1104 2019 quae
1132 1939 1166 1999 in
1191 1961 1268 2000 usus

136 2021 286 2084 basilicae
301 2020 354 2083 vel
377 2019 495 2094 altaris,
517 2018 583 2078 sive
599 2019 631 2078 in
654 2017 833 2081 ministerio
857 2018 1076 2099 Sacerdotem,
1098 2021 1138 2082 ad
1158 2022 1268 2084 divina

139 2103 288 2188 mysteria
306 2101 467 2184 explenda
486 2099 756 2181 complectuntur,
765 2101 916 2183 quatinus
934 2123 1008 2163 cum
1022 2103 1072 2164 his
1091 2105 1267 2166 sacrisDeo

139 2184 292 2249 sacratius
308 2183 373 2245 sive
396 2182 584 2266 placabilius
601 2183 780 2254 ministrare
797 2183 936 2249 valeant.
977 2185 1071 2246 Unde
1088 2195 1120 2246 et
1141 2186 1174 2245 in
1196 2185 1268 2246 aliis

140 2269 323 2332 sanctorum
353 2267 484 2326 Patrem
516 2264 654 2326 decretis
684 2265 816 2346 legitur:
839 2267 1033 2348 Quamquam
1061 2269 1164 2327 Deum
1190 2283 1289 2328 aera

130 2349 208 2438 fide
228 2349 338 2432 ubique
354 2365 446 2408 orare
468 2347 580 2418 liceat,
603 2345 762 2430 sacrificia
778 2368 849 2407 vero
865 2347 985 2428 offerre
1005 2360 1061 2407 aut
1074 2370 1187 2432 corpus
1200 2351 1269 2409 Do-

142 2433 221 2494 mini
239 2428 356 2514 eonfici
368 2427 454 2488 nullo
472 2426 566 2489 modo
590 2429 718 2507 legimus
743 2441 797 2488 aut
825 2431 978 2488 veraciter
1001 2431 1115 2488 scimus
1137 2433 1171 2490 in
1196 2432 1270 2491 aliis

142 2516 222 2575 loeis
242 2508 429 2592 iustefieri‚
452 2511 514 2570 nisi
545 2511 579 2570 in
601 2511 680 2570 loeis
696 2511 764 2572 Deo
782 2507 825 2572 ab
845 2509 1003 2593 Episcopo
1036 2510 1171 2583 dicatis,
1209 2513 1272 2572 nisi

142 2617 238 2657 causa
254 2593 436 2653 hostilitatis
457 2602 511 2650 ant
523 2613 658 2668 summae
677 2593 887 2652 necessitatisr
908 2604 938 2651 et
957 2595 1015 2653 boc
1040 2613 1104 2654 non
1124 2596 1157 2652 in
1179 2615 1285 2653 man-1·

143 2678 283 2738 'sionibus
303 2687 355 2733 aut
372 2675 406 2732 in
425 2672 568 2734 dontibus
590 2695 653 2733 non
669 2675 820 2743 sacratis,
842 2672 901 2732 sed
922 2674 956 2732 in
978 2675 1187 2735 tabernaculis
1214 2675 1272 2734 de-

143 2759 257 2820 dicatis
278 2757 316 2817 ab
332 2757 520 2840 Episcopis,
544 2767 575 2814 et
593 2756 745 2815 altaribus
758 2755 778 2812 la
791 2755 1000 2838 Pontificibus
1021 2777 1112 2816 saera
1129 2760 1274 2819 unctione

145 2841 248 2901 unctis
267 2851 298 2898 et
318 2837 439 2896 diuinis
451 2838 597 2920 precibus
613 2839 823 2906 consecratis,
846 2851 877 2896 et
891 2840 949 2897 boc
966 2859 1087 2897 summa
1111 2859 1154 2898 ex
1169 2853 1274 2900 neees-

143 2925 263 2992 sitate',
285 2933 316 2980 et
332 2921 364 2980 in
382 2921 494 2979 itincre
504 2919 619 3001 procul
637 2918 676 2978 ab
696 2917 840 2978 Ecclesia
856 2921 990 3001 positis,
1013 2941 1051 2979 ne
1078 2922 1213 3003 populus
1233 2922 1276 2980 si-

145 3025 184 3066 ne
201 3003 373 3064 Missurum
391 3001 544 3060 solemnia
558 3013 588 3058 et
604 3002 793 3062 sacramenti
813 3003 956 3083 corporis
970 3013 1002 3062 et
1024 3003 1183 3080 sanguinis
1204 3005 1290 3066 Do-.

146 3087 225 3148 mini
246 3083 349 3145 nostri
380 3079 597 3143 Iesn'Cltristi
620 3083 822 3163 perceptione
842 3096 1011 3149 remaneat.
1052 3081 1101 3143 nh
1133 3085 1276 3168 antiquis

148 3176 254 3228 autem
268 3163 416 3226 Patribus
440 3171 473 3225 et
491 3161 789 3245 praedecessoribus
808 3164 924 3225 nostris
935 3208 945 3243 ‚
966 3165 1057 3225 nulla
1083 3166 1146 3226 alia
1163 3189 1202 3228 ex
1225 3190 1278 3229 oc·

147 3248 294 3324 cesione,
316 3255 371 3306 aut
387 3245 537 3328 pigritia,
560 3247 910 3327 seu-praesumptione,
932 3247 988 3310 sed
1005 3257 1137 3330 propter
1160 3250 1279 3312 dictam

148 3329 388 3404 necessitatem,
410 3328 472 3389 hoc
495 3347 682 3388 concessum
711 3347 779 3388 esse
809 3329 983 3410 legimus.--
997 3329 1103 3390 Aliter
1125 3346 1277 3415 quoque,

149 3413 211 3475 nisi
226 3409 270 3472 'at
287 3411 465 3494 praefixum
484 3418 551 3486 est,
576 3409 609 3468 in
630 3407 710 3469 locis
729 3430 795 3470 non
823 3411 1016 3473 consecratis
1034 3412 1203 3476 Missarum
1225 3437 1279 3478 so-

148 3487 270 3556 lemnia
287 3515 379 3574 agere
399 3513 464 3552 non
497 3492 584 3556 licet.
624 3491 667 3550 Et
692 3491 754 3554 hoc
783 3493 912 3552 nonnisi
936 3514 977 3552 ex
1001 3497 1131 3556 summis
1155 3507 1189 3558 et
1220 3521 1278 3580 pro

148 3576 320 3662 praedietis
336 3575 576 3636 necessitatibus
593 3573 662 3632 fieri
683 3575 754 3634 ullo
781 3575 876 3635 modo
899 3573 993 3646 licet;
1023 3578 1178 3659 quoniam
1211 3584 1279 3642 Lex

149 3659 261 3721 divina
282 3658 451 3720 admodum
463 3657 663 3738 praecipiens
678 3657 739 3718 ait:
775 3657 891 3720 Caveat
930 3658 1058 3740 quisque
1095 3681 1133 3720 ne
1163 3661 1281 3744 offerat

151 3743 332 3801 holocausta
355 3761 410 3798 sita
426 3740 460 3796 in
487 3740 573 3800 omrai
591 3739 660 3798 Ioco
681 3741 956 3820 *quem-Dominus
978 3741 1079 3818 elegit.
1119 3743 1164 3804 Et
1184 3743 1279 3804 alibie

150 3824 242 3882 Recte
256 3819 354 3902 offert
377 3822 432 3902 qui
452 3821 498 3880 ad
517 3820 690 3878 Ecclesiam
702 3823 881 3880 necessitate
893 3837 1141 3907 praeoccupante
1164 3839 1216 3885 aut
1228 3829 1279 3886 in-

141 3902 302 3988 firmitate
321 3907 422 3962 venire
441 3924 505 3962 non
520 3913 648 4042 potest,
675 3914 705 3960 et
733 3903 833 3962 aliubi
868 3905 967 3962 Deum
1000 3918 1080 3964 orat.
1122 3907 1187 3966 Sed
1214 3931 1279 3969 non

152 3991 239 4044 recte
258 3983 373 4044 dividit
391 3983 446 4064 qui
467 3985 500 4042 in
535 3983 599 4043 ocis
618 3983 751 4044 inlicitis
770 3993 802 4044 et
829 3985 982 4046 altaribus
1008 3985 1140 4047 minime
1167 4009 1282 4053 conse-

153 4063 246 4127 cratis
266 4065 433 4127 Missurum
449 4064 680 4126 celebrationes
694 4067 836 4150 peragit.
878 4068 979 4128 Multo
999 4068 1086 4128 enim
1104 4069 1219 4134 melius
1235 4085 1283 4137 est

154 4146 264 4209 Missas
288 4167 353 4206 non
372 4157 500 4208 cantare
519 4156 575 4206 aut
595 4147 724 4224 audire,
746 4169 842 4230 quam
861 4147 894 4208 in
918 4148 999 4210 locis
1019 4149 1153 4212 inlicitis
1173 4154 1281 4219 Missas

155 4237 284 4292 cantare
302 4239 357 4304 aut
370 4229 499 4292 audiret
522 4227 675 4312 quoniam
699 4231 756 4312 qui
775 4231 908 4294 inlicita.
923 4230 988 4316 agit
1003 4240 1041 4292 et
1053 4233 1220 4320 ¹prohibita
1239 4240 1287 4300 fat·¹
1308 4290 1311 4295 .
