2926 4984
512 334 628 392 arnan
649 333 837 398 ‘Qutnrus
1187 311 1257 386 521

357 476 410 536 De
436 477 485 534 lais
513 477 577 559 φιίι
594 487 704 538 contra
729 486 873 534 natrcram
896 485 1036 555 peccaut.

218 577 392 642 LXXXII.
436 580 473 638 In
493 579 641 643 Concilio
656 578 837 661 Ancyrano.
887 578 925 640 Si
940 578 1064 640 inventi
1084 586 1159 639 sunt
1176 577 1264 641 inter

142 687 197 728 vos
220 663 369 742 quicum
389 662 659 744 quadrupedibus,
680 671 735 722 aut
755 683 828 722 cnm
842 660 1089 742 consanguineis
1106 681 1208 742 usque
1222 661 1263 722 nd

136 747 309 828 septimum
329 745 542 826 genuculum,
566 745 619 804 vel
646 743 792 803 masculis
817 752 929 804 contra
947 753 1091 802 naturam
1115 752 1261 822 peccant,

135 830 216 888 dura
240 837 272 888 et
293 825 433 888 districta
445 825 642 906 poenitentia
663 835 737 885 sunt
749 824 930 886 coercendi.
959 824 1264 906 QuapropterEpis-

135 911 209 992 copi
228 920 259 971 et
274 908 467 990 Presbyteri,
492 908 640 988 aquibus
654 907 811 968 indicium
832 905 1050 988 poenitentiae
1068 905 1262 988 iniungitur,

136 1001 300 1053 conentur
313 991 502 1050 omnimodis
520 990 583 1050 hoc
600 989 751 1050 malumst
768 989 1002 1080 consuetudine
1021 989 1192 1072 prohibere
1208 989 1262 1051 vel

135 1074 312 1136 abscidere.
355 1072 438 1134 Ibid.
457 1094 483 1132 c.
497 1073 547 1147 48.

478 1180 533 1240 De
550 1179 723 1239 nominibus
745 1177 924 1243 recitandis,

222 1285 414 1351 LXXXIII.
456 1287 535 1346 Item
553 1285 712 1364 eiusdem,
735 1293 770 1346 ut
795 1285 924 1346 nomina
946 1284 1075 1368 publice
1097 1305 1162 1346 non
1178 1284 1264 1347 reci-

139 1377 251 1430 tentur
267 1377 340 1429 ante
357 1389 469 1452 preces
490 1367 709 1428 sacerdotales.
752 1367 834 1432 rtid.
857 1389 883 1432 e.
909 1367 958 1430 52.

223 1477 278 1536 De
302 1474 458 1534 Canonum
476 1477 625 1534 institutis
647 1476 882 1552 &Presbyteris
906 1498 968 1536 non
990 1463 1182 1555 ignorandis.

223 1579 411 1647 LXXXIV,
454 1582 536 1642 Item
554 1581 706 1658 eiusdem,
723 1593 759 1642 ut
775 1584 858 1642 nulli
873 1583 1037 1644 Sacerdoti
1061 1584 1157 1646 liccat
1175 1583 1264 1666 igno·

136 1683 210 1724 rare
231 1671 414 1724 sanctornm
429 1665 596 1725 Canonnm
608 1663 760 1725 instituta.
783 1665 868 1730 Jtid.
889 1686 914 1731 e.
937 1665 984 1728 53.

303 1770 352 1828 De
370 1768 592 1830 Sacerdotibus
618 1781 730 1858 contra
749 1769 918 1830 decretalia
935 1769 1102 1848 agentibus.

222 1872 393 1936 LXXXV.
436 1873 515 1934 Item
538 1872 699 1948 eiusdem,
722 1882 758 1932 nt
779 1872 806 1932 si
827 1872 900 1952 quis
921 1867 1131 1933 Sacerdotem
1158 1882 1269 1934 contra

140 1956 316 2018 constituta
330 1954 540 2017 decretalium
550 1954 800 2036 praesumptiose
820 1955 931 2033 egerit,
950 1964 982 2016 et
994 1951 1111 2038 corrigi
1127 1957 1270 2018 noluerit

141 2041 182 2099 ab
203 2039 313 2099 officio
336 2060 393 2098 sno
416 2037 650 2099 submoveatur.
692 2035 812 2097 Ibide·
827 2035 875 2100 56.

253 2147 302 2205 De
320 2141 396 2226 fide
421 2143 679 2220 Presbyterorum
701 2142 739 2201 ab
759 2141 924 2226 Episcopis
949 2142 1155 2206 discutienda.

223 2249 415 2314 LXXXVI.
457 2252 499 2310 Ut
510 2248 662 2331 Episcopi
679 2247 853 2329 diligenter
869 2248 1041 2310 discutiant
1052 2273 1111 2331 per
1126 2274 1198 2314 snas
1209 2269 1270 2336 spa·

141 2333 270 2396 roobiae
285 2333 548 2414 Pre'sbyterorum
563 2332 668 2410 fidem,
691 2340 723 2391 et
737 2331 889 2412 baptisma
912 2330 1145 2393 catholicnmet
1159 2337 1273 2398 Missa-

142 2439 215 2478 rum
236 2415 485 2489 celebrationes,
507 2421 543 2472 ut
559 2413 653 2473 fidem
668 2422 787 2473 rectam
802 2422 932 2473 teneant
949 2423 980 2472 et
994 2414 1147 2494 baptisma
1164 2418 1272 2477 catho-

144 2499 246 2558 licum
263 2498 443 2572 observent,
466 2505 497 2554 et
519 2495 688 2556 Missurum
707 2515 818 2578 preces
844 2493 927 2555 bene
954 2495 1155 2577 intellegant,
1179 2509 1210 2560 et
1235 2505 1272 2558 ut

136 2579 258 2664 'psalmi
279 2579 374 2660 digne
387 2577 564 2637 secundum
578 2576 753 2638 divisiones
766 2597 916 2636 versuum
930 2577 1149 2654 modulentur,
1166 2587 1198 2639 et
1212 2571 1272 2642 do-

145 2663 298 2722 minicam
322 2659 498 2728 orationem
512 2659 572 2741 ipsi
595 2659 785 2740 intellegant
805 2666 837 2718 et
854 2659 1002 2718 omnibus
1017 2659 1206 2741 praedicent
1221 2661 1273 2720 'in'-

145 2743 372 2820 telligeudam,
395 2741 584 2822 utquisque
603 2741 683 2813 ,sciat
703 2740 781 2821 quid
806 2739 930 2822 petati
952 2742 1032 2806 Deo.
1072 2741 1114 2800 Et
1130 2750 1175 2801 -ut
1199 2743 1272 2803 Glo-

145 2828 197 2886 ria
218 2827 310 2886 Patri
332 2823 504 2885 cumomni
522 2823 646 2882 honore
665 2821 749 2904 apud
770 2843 881 2882 omnes
902 2830 1059 2898 cantetur,
1083 2832 1114 2881 et
1131 2823 1199 2905 ipse
1214 2827 1273 2884 Sa-

146 2907 260 2968 cerdos
275 2927 347 2966 cum
365 2906 483 2966 sanctis
495 2905 628 2986 Angelis
643 2913 675 2964 ct
691 2905 812 2986 populo
825 2901 886 2962 Dei
901 2903 1063 2965 communi
1079 2925 1158 2966 vnce
1169 2905 1274 2966 ,Sana-
1370 2919 1371 2926 ’

147 3002 210 3060 tus,
231 2986 377 3058 Sanctus,
398 2987 531 3047 Sanctus
554 2987 711 3047 decantet.
753 2985 795 3046 Et
819 2984 1008 3048 omnimodis
1031 2985 1205 3048 dicendum
1224 2996 1272 3055 est

144 3069 347 3150 Presbyteris
364 3079 395 3128 et
407 3068 602 3128 Diaconibns
617 3077 654 3128 ut
670 3089 756 3126 arma
769 3089 833 3127 uon
854 3077 993 3148 portent,
1011 3068 1066 3129 sed
1081 3071 1178 3152 magis
1198 3091 1273 3132 con·

146 3152 248 3211 fidant
265 3152 298 3209 in
321 3150 509 3210 defensione
531 3150 593 3211 Dei
609 3171 705 3231 quam
724 3149 757 3208 in
778 3149 882 3214 armis.
904 3149 987 3210 [bid.
1001 3171 1027 3210 c.
1035 3150 1085 3215 66.

145 3280 196 3342 Dc
212 3279 409 3358 Presbyteris
432 3280 464 3340 in
484 3276 633 3338 Ecclesiis
646 3277 878 3418 ponlstituendis
895 3279 933 3339 ab
951 3277 1139 3363 Episcopis,
1163 3293 1193 3342 et
1209 3303 1272 3345 non

580 3419 584 3428 ,
625 3381 644 3417 ιι
685 3383 704 3418 a
718 3379 767 3420 us.

229 3461 436 3529 LXXXVII.
480 3466 638 3524 Statutum
652 3472 697 3525 est
708 3472 743 3522 ut
754 3463 822 3524 sine
838 3463 1026 3527 auctoritate
1043 3466 1094 3528 vel
1115 3489 1274 3532 consensu

147 3548 391 3629 Episcopornm,
413 3546 594 3630 Presbyteri
612 3547 645 3604 in
672 3545 867 3626 quibuslibet
893 3546 1046 3608 Ecclesiis
1070 3570 1131 3612 nec
1153 3552 1273 3614 consti-

148 3639 280 3690 tuantur
302 3649 361 3687 nee
383 3628 596 3708 expellantur.
638 3628 680 3686 Et
707 3627 733 3688 si
754 3626 827 3686 laici
853 3629 995 3688 Clericos
1021 3631 1194 3710 probabilis
1222 3633 1272 3693 vi-

149 3721 199 3771 tae
226 3721 258 3788 et
282 3709 444 3770 doctrinae
466 3709 632 3792 Episcopis
651 3709 901 3785 consecrandos,
918 3710 1046 3790 suisque
1064 3713 1097 3771 iu
1120 3714 1273 3776 Ecclesiis

150 3792 400 3868 constituendos,
415 3790 601 3868 obtulerint,
612 3791 702 3853 nulla
713 3790 858 3872 qualibet
875 3791 1040 3853 occasione
1059 3814 1112 3854 eos
1127 3795 1273 3863 reiciant.

148 3875 231 3939 Itid.
250 3897 275 3935 e.
299 3876 349 3950 84.

250 3981 299 4040 De
316 3979 403 4038 uillis
421 3980 511 4042 nouis
530 3978 709 4042 etEeclesiis
723 3980 766 4039 in
785 3981 829 4038 eis
848 3981 970 4040 noviter
987 3981 1170 4047 constitutis,

231 4082 453 4143 rtxxxvut.
495 4085 545 4144 ne
570 4081 656 4144 vitris
674 4069 994 4147 novientensis
1021 4087 1053 4145 a
1081 4088 1125 4146 us
1147 4089 1274 4151 novun·

151 4165 340 4244 constitutis,
363 4175 399 4224 nt
413 4165 553 4226 decimae
571 4164 699 4249 deipsis
718 4166 804 4232 villis
817 4169 857 4229 ad
876 4169 1003 4233 easdem
1018 4168 1178 4234 Ecclesiae
1194 4193 1274 4233 con-

152 4247 305 4312 ferantur.
346 4245 430 4311 lttd.
449 4269 475 4310 c.
495 4248 544 4328 87.
