2926 4984
547 321 660 382 tiana
697 313 876 388 ausuras
1193 305 1264 378 573

284 467 333 528 De
352 486 388 527 eo
407 466 461 549 qui
480 463 617 524 alienam
632 483 752 525 servum
773 460 952 552 adsumam
974 463 1121 540 suaserit,

218 572 415 640 CCCXLH.
456 569 570 653 Siquis
580 569 859 630 alienumservum
870 570 911 633 ad
924 569 1200 647 l'urtumsuaserit,
1215 582 1269 635 aiat

128 657 308 740 ad'aliquid
318 658 504 718 damnosum
518 653 550 712 in
564 652 710 713 fraudem
723 652 845 712 domini
861 654 922 730 sni,
945 663 979 714 ut
995 662 1101 736 posset
1120 675 1268 718 accusare

132 765 221 819 enm,
243 751 276 802 et
295 741 379 798 fraus
402 737 468 819 ipsu
488 736 588 796 fuerit
606 736 731 795 detecta
753 757 812 817 per
833 737 1112 818 investigationem
1134 736 1268 814 ludicis,
1291 761 1294 774 ¹

133 825 285 888 dominns
302 843 361 882 nec
378 841 504 881 servum
525 819 647 900 perdat,
672 839 732 879 nec
754 840 812 900 pro
830 819 890 880 hoc
910 819 1051 899 aliquam
1072 818 1168 878 faciat
1185 841 1269 882 com·

132 908 345 992 positionem
375 903 432 964 sed
450 902 505 962 ille
529 901 621 961 cuins
640 901 830 962 conlusione
847 902 899 962 vel
917 902 1139 963 exhortatione
1155 902 1270 962 admis-
1334 899 1336 906 ’

132 1011 205 1052 snm
222 997 280 1066 est,
303 997 456 1067 tanquam
476 985 530 1043 fur
551 985 720 1043 damnetur
728 1007 736 1056 ;
760 994 791 1045 et
814 1007 924 1046 servus
947 985 1036 1066 quod
1056 985 1131 1045 tulit
1143 983 1270 1063 reddat,

132 1081 167 1136 et
188 1072 324 1155 insuper
343 1077 475 1129 centum
496 1065 613 1149 viginti
634 1066 716 1126 ictus
737 1067 882 1149 accipiat.

397 1173 442 1232 De
457 1169 536 1252 fare
558 1185 710 1232 nocturno
735 1185 872 1258 ternpore
899 1186 999 1258 capto.

217 1279 431 1344 CCCXLlH.
473 1279 542 1339 Fur
563 1287 723 1340 nocturno
738 1287 881 1360 tempore
896 1289 1003 1363 captus
1022 1279 1055 1338 in
1074 1281 1172 1358 furta,
1191 1279 1269 1342 dum

133 1373 185 1427 res
209 1363 345 1425 furtivas
369 1383 480 1424 secum
497 1370 613 1444 portat,
636 1361 779 1422 siluerit
801 1364 935 1441 occisus,
958 1363 1050 1422 nulla
1072 1385 1112 1424 ex
1129 1363 1192 1424 hoc
1213 1362 1269 1422 ho-

134 1447 269 1509 micidio
291 1446 425 1528 querela
448 1453 604 1504 nascatur.

253 1547 303 1610 De
320 1570 357 1610 eo
374 1550 429 1632 qui
448 1547 488 1607 de
505 1545 584 1628 sure
605 1548 745 1608 nesciens
764 1549 890 1634 aliquid
909 1554 1149 1636 comparaverit.

219 1653 428 1720 CCCXLIV.
472 1653 506 1714 si
526 1654 597 1734 quis
612 1653 651 1713 de
668 1645 739 1716 fure
757 1657 904 1716 nesciens
920 1657 1046 1738 aliquid
1067 1679 1271 1741 comparave-

135 1737 191 1816 rit,
207 1747 342 1821 quaerat
357 1745 488 1819 accepto
502 1736 603 1818 spatio
619 1738 832 1802 venditorem.
876 1741 980 1817 Quem
1004 1742 1030 1800 si
1048 1763 1113 1799 non
1127 1740 1270 1822 potuerit

137 1822 306 1899 invenire,
335 1821 449 1902 probet
470 1841 502 1879 se
525 1840 598 1878 cnm
619 1827 815 1880 sacramento
841 1830 874 1880 et
896 1821 1029 1882 testibus
1050 1822 1271 1900 innocentem,

138 1914 173 1966 et
190 1903 281 1987 quod
306 1904 391 1985 apud
409 1923 483 1962 eum
508 1901 713 1981 cognoscitur
737 1902 903 1980 restituat,
932 1912 965 1964 et
988 1905 1093 1965 furem
1113 1926 1270 1988 quaerere

138 2009 207 2046 non
230 1985 369 2050 desistat.
413 1982 508 2061 Quod
520 1983 547 2042 si
565 1984 669 2042 furem
681 1984 786 2044 celare
801 1985 952 2064 voluerit,
968 1997 1001 2046 et
1016 1989 1184 2070 periurans
1201 2009 1272 2069 pos·

137 2077 191 2129 tea
211 2069 358 2128 detectus
378 2064 489 2143 fuerit,
512 2073 674 2150 tamquam
695 2067 752 2126 ille
768 2066 826 2127 fur'
843 2068 886 2128 ita
900 2070 957 2130 iste
981 2071 1015 2130 in
1036 2070 1171 2130 crimine
1186 2070 1272 2132 dam-

138 2159 246 2212 netur.
364 2149 366 2160 ¹

137 2260 194 2320 De
211 2277 247 2316 eo
264 2255 323 2336 qui
343 2250 462 2314 occulte
479 2253 513 2312 in
523 2264 613 2312 nocte
632 2249 686 2312 vel
694 2251 697 2261 ’
707 2255 740 2312 in
756 2251 807 2314 die
825 2255 953 2316 alterius
973 2259 1093 2320 animal
1107 2259 1270 2322 occiderit.

223 2360 415 2425 CCCXLV.
458 2359 581 2441 Siquis
600 2362 724 2423 occulte
745 2362 779 2421 in
805 2374 898 2425 nocte
924 2367 976 2427 vel
1002 2367 1032 2426 in
1061 2368 1113 2428 die
1137 2367 1271 2428 alterins

139 2447 301 2508 caballum
323 2455 377 2504 aut
397 2446 513 2504 bovem
528 2451 582 2500 aut
604 2444 736 2526 aliquod
759 2445 876 2505 animal
898 2449 1064 2524 occiderit,
1086 2459 1120 2509 et
1134 2469 1272 2530 negave-

138 2529 194 2605 rit,
217 2537 251 2588 et
269 2536 378 2610 postea
393 2526 511 2589 exinde
531 2525 680 2607 probatus
700 2527 810 2605 fuerit,
833 2536 994 2611 tamquam
1013 2532 1171 2594 furtivum
1187 2551 1271 2592 com·

137 2619 249 2694 ponat.
1151 2696 1153 2700 Ι

222 2717 324 2776 Dece
339 2715 393 2796 qui
411 2711 564 2774 occiderit
578 2713 713 2774 alienum
732 2717 860 2789 animal,
884 2731 916 2778 et
930 2741 994 2780 non
1014 2721 1186 2800 negaverit.

225 2819 434 2885 CCCXLVI.
474 2820 511 2880 Si
528 2821 601 2903 quis
617 2841 711 2880 causa
724 2821 863 2882 faciente
878 2826 1033 2886 occiderit
1050 2827 1192 2886 alienum
1206 2828 1274 2888 ani-

139 2904 215 2982 mal,
237 2914 270 2964 et
289 2925 353 2964 non
373 2903 550 2984 negaverit,
565 2904 669 2964 simile
684 2903 759 2964 dare
776 2925 841 2965 non
859 2908 975 2986 tardet,
992 2919 1022 2969 et
1039 2909 1174 2971 cadaver
1189 2931 1272 2972 mon·

137 2988 187 3046 tui
207 2986 354 3069 accipiat

337 3091 388 3149 De
401 3110 439 3149 eo
459 3091 515 3173 qni
523 3087 683 3171 furtivam
705 3110 773 3149 rem
794 3091 929 3152 scienter
951 3099 1071 3160 emerit.

223 3181 452 3257 CCCXLVII.
495 3195 617 3277 Siquis
642 3195 793 3256 furtivam
802 3179 879 3258 ”rem
899 3200 1039 3266 scienter
1056 3227 1161 3269 emere
1181 3231 1273 3292 prae.

136 3279 320 3360 sumpserit,
343 3287 377 3339 et
401 3279 518 3338 exinde
540 3277 691 3360 probatus
710 3280 829 3358 faerit,
852 3283 990 3344 similem
1006 3311 1074 3350 rem
1092 3291 1206 3352 reddat
1222 3292 1274 3353 illi

139 3363 233 3503 cqqius
263 3360 442 3443 pecuniam,
461 3361 678 3442 comparavite
708 3361 793 3421 salva
818 3363 971 3428 videlicet
997 3372 1065 3432 eius
1093 3372 1216 3435 iustitia
1236 3375 1272 3436 in

139 3467 157 3503 a
186 3465 252 3504 ero.

137 3549 188 3608 De
211 3569 248 3608 eo
271 3542 327 3630 qui
351 3545 391 3607 de
412 3549 532 3607 latrone
552 3545 713 3626 furtivam
735 3568 801 3608 rem
814 3552 948 3612 scienter
964 3556 1011 3614 ad
1032 3559 1273 3623 custodiendum

620 3645 785 3714 acceperit.
1156 3655 1158 3660 ·

225 3735 470 3803 CCCXLVllI.
524 3735 559 3798 Si
580 3736 652 3818 quis
680 3737 720 3797 de
737 3737 862 3800 latrone
877 3740 1027 3804 furtivam
1046 3767 1115 3808 rem
1132 3748 1274 3814 scienter

139 3820 179 3881 ad
196 3820 444 3882 custodiendum
458 3819 631 3903 acceperit,
653 3818 745 3902 quasi
766 3822 820 3881 fur
839 3837 1018 3906 componat.

363 3952 412 4009 De
441 3948 641 4010 sacramentis
669 3948 784 4008 leviter·
803 3971 867 4010 non
895 3953 1048 4018 iurandis.

199 4123 201 4134 ,
225 4053 437 4118 CCCXLIX.
480 4054 638 4119 Volumus
657 4062 693 4112 ut
711 4067 909 4117 sacramenta
926 4058 989 4120 cito
1008 4084 1073 4123 non
1091 4063 1177 4127 fiant.
1208 4069 1274 4134 Sed

143 4139 367 4222 unusquisque
384 4137 487 4199 ludex
504 4137 593 4218 prius
611 4154 739 4197 causam
758 4140 917 4220 veraciter
937 4157 1125 4226 cognoscat,
1147 4159 1183 4209 ut
1199 4173 1273 4216 eum

142 4223 258 4286 veritas
281 4223 381 4282 latere
398 4241 463 4282 non
484 4218 593 4303 possit,
617 4239 678 4282 nec
700 4220 796 4281 facile
817 4223 856 4283 ad
873 4239 1069 4290 sacramenta
1091 4233 1232 4304 veniant.
