2910 4986
559 279 880 348 sterneremus.
940 325 945 339 ,
1196 255 1271 334 us

138 445 283 508 numque
305 445 343 488 ae
361 422 449 486 diem
464 417 498 484 in
514 443 552 486 eo
567 422 675 486 banuo
691 422 781 484 illam
811 442 878 484 esse
901 418 1103 505 permiserit,
1133 415 1271 480 ulterius

139 512 210 571 eam
223 528 289 569 non
312 506 477 590 adquirat,
498 507 554 568 sed
569 506 637 590 ipsa
652 508 729 569 fisco
745 513 854 567 nostro
875 502 1025 567 societur.
1045 499 1199 564 Debitum
1212 520 1271 562 ve·

139 613 177 653 ro
192 589 279 672 quod
301 588 327 651 is
347 589 440 651 cuius
454 609 491 650 ea
508 588 572 652 fuit
592 590 719 652 solvere
741 587 869 666 debuit,
891 605 950 670 per
971 585 1130 647 Comitem
1151 605 1187 646 ac
1213 580 1272 642 mi·

140 673 259 734 nistros
280 674 350 735 eins
366 672 454 732 iuxta
481 671 732 734 aestimationem
755 671 879 747 damni,
903 668 943 730 de
975 670 1071 731 rebus
1098 664 1272 727 mobilibus

141 754 277 838 quaein
297 754 408 816 eadem
425 753 620 835 proprietate
638 754 790 820 inventae
812 751 955 826 suerint,
976 749 1027 813 his
1044 749 1162 832 quibus
1186 747 1274 808 idem

144 836 273 898 debitor
290 835 371 914 fait,
393 836 585 897 exsolvatur.
627 836 724 914 Quod
737 835 763 898 si
776 856 886 898 rerum
902 832 1070 894 mobilium
1086 831 1207 893 ibidem
1224 827 1275 889 in·

141 927 311 981 ventarum
327 918 456 978 tantitas
474 919 514 980 ad
528 919 790 1000 compositionem
807 939 871 978 non
897 914 1078 994 suffecerit,
1100 914 1140 975 de
1159 913 1275 972 immo-

142 1000 263 1062 bilibus
280 1001 483 1082 snppleatur;
506 1009 539 1062 et
554 1003 642 1081 quod
656 1000 872 1084 superfuerit,
894 998 978 1060 sicut
992 999 1115 1060 dictum
1135 1004 1202 1071 est,
1224 993 1275 1056 tis·

145 1105 201 1145 cus
217 1089 327 1142 noster
340 1081 510 1164 possideat.
553 1082 586 1144 Si
608 1083 689 1143 nihil
706 1105 803 1166 super
823 1080 1086 1163 compositionem
1107 1096 1273 1139 remanere

142 1164 303 1250 potuerit,
325 1172 427 1225 totum
445 1163 477 1223 in
499 1164 588 1223 illam
603 1166 813 1248 expendatur.
835 1165 868 1225 Si
883 1173 990 1224 autem
1002 1163 1099 1224 homo
1118 1160 1175 1220 ille
1194 1179 1276 1219 non·

144 1250 222 1309 dum
244 1268 319 1307 cum
334 1245 399 1307 suis
416 1245 630 1308 coheredibus
654 1248 819 1344 proprium
842 1268 936 1308 suum
969 1245 1109 1307 divisum
1137 1241 1274 1317 habuit,
1376 1264 1381 1274 ·

147 1337 310 1392 convocet
324 1349 377 1389 eos
393 1329 529 1404 Comes,
551 1339 583 1389 et
601 1352 675 1390 cum
691 1351 738 1392 ers
753 1329 927 1413 legitimam
947 1327 1137 1390 divisionem
1159 1324 1273 1396 facian

145 1421 176 1474 et
193 1421 289 1488 tunc,
311 1410 394 1472 sicut
408 1410 470 1470 iarn
492 1410 614 1472 dictum
644 1421 708 1490 est,
729 1424 852 1496 partem
867 1411 934 1471 eius
957 1410 1033 1471 fisco
1054 1417 1164 1470 nostro
1181 1405 1276 1467 addi-

96 1527 100 1536 ·
145 1503 214 1570 cat,
237 1503 270 1552 et
286 1492 552 1575 compositionem
567 1495 607 1555 de
622 1517 678 1573 ea,
701 1495 786 1556 iuxta
803 1493 934 1556 modum
951 1492 1098 1576 superins
1127 1508 1276 1570 compre·

145 1575 301 1652 hensum,
324 1573 377 1635 his
397 1575 438 1635 ud
460 1597 541 1658 quos
557 1576 614 1636 illa
635 1577 760 1659 legibus
784 1576 941 1662 pertinet,
971 1575 1125 1636 exsolvat.
1178 1568 1277 1649 Quod

148 1657 174 1719 si
195 1656 316 1717 nonde
344 1655 473 1734 aliare,
495 1658 551 1718 sed
574 1659 613 1719 de
646 1658 714 1743 ipsa
737 1660 932 1744 proprietate
957 1679 1039 1740 quae
1073 1657 1108 1715 in
1131 1656 1278 1716 bannum

149 1739 240 1800 missa
262 1737 339 1816 suit,
362 1759 398 1799 ac
413 1760 472 1822 per
486 1737 549 1800 hoc
563 1740 597 1799 in
613 1751 754 1802 nostram
768 1749 958 1826 potestatem
974 1739 1103 1801 redacta
1121 1747 1179 1814 est,
1202 1739 1278 1797 fue·

151 1830 199 1882 rat
216 1821 460 1902 interpellatus,
482 1823 596 1884 Comes
616 1824 649 1883 in
666 1824 758 1885 cuius
777 1821 955 1885 ministerio
978 1843 1047 1884 eum
1070 1841 1138 1882 esse
1163 1816 1280 1880 consti·

150 1903 242 1988 terit,
263 1901 327 1962 hoc
348 1902 387 1962 ud
410 1904 555 1963 notitiam
570 1915 709 1967 nostram
723 1909 869 1991 perferre
883 1913 994 1976 curet;
1018 1913 1054 1964 ut
1065 1925 1123 1965 nos
1141 1901 1279 1964 eandem

148 1985 394 2070 proprietatem,
417 2007 498 2067 quae
516 1989 693 2049 secundum
705 1990 923 2073 supradictum
937 1987 1066 2069 modum
1082 1987 1115 2046 in
1133 1994 1279 2046 nostrum

150 2067 330 2128 dominium
348 2068 556 2147 redactaest,
587 2093 646 2154 per
671 2072 833 2156 praecepti
864 2071 963 2133 nostri
989 2069 1212 2131 auctoritatem
1241 2065 1276 2125 in

149 2151 199 2212 ius
215 2158 248 2212 et
261 2159 450 2232 potestatem
474 2151 615 2215 hominis
637 2155 693 2237 qui
724 2178 794 2218 eam
818 2153 1008 2236 quaerebat,
1037 2152 1063 2214 si
1095 2173 1152 2214 suu
1182 2148 1278 2211 debet

151 2253 243 2310 esse,
265 2230 417 2305 faciamus
443 2235 627 2318 pervenire.
668 2237 752 2301 lbid.
766 2259 792 2300 c.
809 2259 854 2303 11.

601 2368 657 2429 De
677 2369 828 2430 mannire.

229 2465 336 2533 XXV.
378 2468 411 2530 Si
433 2468 506 2552 quis
522 2470 561 2533 de
576 2481 659 2534 statu
677 2495 753 2551 suo,
776 2474 893 2552 idest,
915 2474 955 2536 de
980 2473 1128 2534 libertate
1153 2469 1207 2532 vel
1238 2468 1279 2529 de

147 2549 349 2629 hereditate,
371 2553 691 2635 compellandusest,
712 2557 800 2618 iuxta
814 2557 906 2639 Legis
921 2555 1183 2618 constitutionem
1194 2573 1282 2610 man·

65 2688 69 2694 .
149 2631 266 2692 riatur.
307 2635 355 2694 De
367 2635 502 2696 caeteris
518 2657 597 2698 vero
614 2637 717 2699 causis
736 2639 823 2698 unde
841 2639 912 2721 quis
929 2639 1087 2700 rationem
1108 2644 1156 2696 est
1168 2633 1281 2694 reddi·

145 2725 248 2791 turus,
270 2735 336 2775 non
353 2716 547 2797 manniatur,
564 2721 621 2782 sed
630 2743 689 2804 per
701 2720 859 2781 Comitem
870 2720 1051 2782 banniatur.
1113 2719 1156 2778 Et
1170 2715 1195 2776 si
1209 2722 1281 2797 post

148 2817 247 2890 unam
266 2805 298 2857 et
314 2797 445 2859 alteram
469 2798 603 2863 Comitis
617 2804 871 2864 admonitionem
885 2803 1000 2886 aliquis
1021 2802 1061 2863 ad
1077 2801 1209 2860 mallum
1227 2817 1282 2857 re·

150 2899 221 2939 nare
242 2880 403 2958 noluerit,
425 2881 521 2944 rebus
534 2884 602 2946 eius
618 2885 652 2944 in
667 2887 811 2946 bannum
825 2885 928 2948 missis
945 2884 1058 2949 venire
1077 2893 1111 2947 et
1127 2880 1280 2942 iustitiam

149 2961 257 3023 facere
277 2963 496 3047 compellatur.
538 2966 623 3028 Ibid.
634 2989 660 3033 c.
673 2990 718 3032 12.

209 3067 354 3149 Qualiter
372 3067 411 3127 de
425 3059 513 3130 'statu
528 3093 584 3133 suo
597 3073 740 3156 pulsatus
758 3072 917 3135 evindicet
932 3072 1109 3136 libertatem
1124 3093 1221 3134 suam.

232 3171 360 3238 XXVI.
401 3176 504 3237 Homo
530 3177 569 3238 de
584 3189 667 3239 statu
682 3201 739 3240 suo
755 3181 916 3262 pulsatus,
938 3180 964 3242 si
981 3180 1009 3241 is
1027 3181 1082 3262 qui
1106 3203 1181 3241 eum
1206 3176 1282 3261 ,pul-

151 3265 200 3318 sat
211 3255 252 3316 ad
272 3256 533 3351 copvincendum
548 3261 640 3321 illurn
653 3263 855 3343 procinctum
873 3263 1032 3340 habuerit,
1048 3263 1197 3325 adhibeat
1220 3260 1282 3322 sibi

151 3348 224 3433 pcto
250 3350 471 3402 consuratores
495 3342 655 3424 legitimos
681 3367 721 3404 ex
743 3367 778 3406 ea
803 3356 892 3426 parte
919 3345 1006 3408 unde
1032 3347 1189 3427 pulsatur,
1213 3345 1281 3408 sive
1298 3371 1307 3404 .-

149 3419 362 3512 1lla'paterna
386 3422 453 3486 sire
476 3436 618 3485 materna
635 3426 685 3500 sit,
713 3437 744 3488 et
770 3440 908 3509 quatuor
928 3428 1059 3489 aliunde
1083 3450 1148 3489 non
1172 3428 1280 3488 minus

148 3499 323 3594 legitimos,
343 3513 375 3564 et
398 3505 534 3568 iurando
555 3507 696 3570 vindicet
724 3511 902 3571 libertatem
918 3532 1014 3572 suum.
1033 3512 1140 3586 *Quod
1161 3511 1187 3570 si
1204 3531 1282 3592 pro·
1359 3532 1361 3538 ’

151 3585 458 3680 cinctum-defuerit,
469 3589 613 3650 adsumat
625 3592 841 3674 undecunque
854 3591 1024 3654 duodecim
1039 3593 1159 3654 liberos
1175 3592 1281 3652 homi·

150 3670 430 3760 nes,·et1urando
450 3669 683 3753 ingenuitatem
707 3697 796 3736 suam
814 3677 975 3737 defendat.
1019 3675 1132 3736 Omnis
1155 3667 1282 3736 contro·

150 3768 256 3807 versia
271 3769 377 3809 coram
393 3754 590 3815 Centenario
605 3756 733 3816 deliniri
746 3768 859 3840 potestr
875 3767 1009 3839 excepta
1023 3756 1204 3819 redditione
1218 3767 1282 3816 tor

149 3849 205 3890 rae
228 3839 262 3892 et
279 3832 522 3916 mancipiorum,
544 3859 625 3918 quae
651 3861 716 3899 uon
740 3841 801 3901 nisi
818 3863 925 3902 coram
938 3839 1063 3903 Comite
1079 3839 1150 3900 fieri
1164 3849 1280 3922 potest.

516 3955 572 4015 De
590 3953 698 4034 faidis
720 3955 913 4018 coercendis.

232 4051 378 4150 XJIVII.
421 4057 454 4117 Si
469 4056 561 4139 quis,
582 4060 690 4142 eliqua
708 4062 893 4124 necessitate
907 4072 1054 4148 cogente,
1069 4059 1281 4124 homicidium

150 4147 326 4234 commisit,
348 4139 462 4201 Comes
494 4141 528 4201 in
561 4143 653 4204 cuius
675 4143 854 4206 ministerio
882 4165 934 4209 res
957 4154 1142 4230 perpetrata
1161 4153 1226 4217 est,
1248 4155 1281 4206 et

148 4229 414 4302 compositionem
427 4221 573 4302 solvere,
595 4235 628 4287 et
639 4225 757 4288 faidam
773 4245 833 4311 per
847 4239 1085 4314 'sacramentum
1111 4225 1279 4312 pacificare
