2926 4986
234 293 306 372 724
650 313 938 374 coarctamus
964 391 966 398 J

231 452 440 517 fidelitereas
458 471 662 532 conservare,
684 465 718 518 et
738 454 861 518 utiliter
882 455 1087 540 dispensare,
1107 451 1237 516 Domini
1254 451 1365 519 Sacer,-

231 537 322 600 dotes
345 545 482 620 oportet.
522 537 565 600 Et
577 537 615 616 si,
637 539 727 619 qaod
747 537 839 619 absit,
861 539 956 602 aliter
972 537 1122 616 iecerint,
1142 532 1300 599 canonica
1316 534 1366 594 in·

231 619 379 700 vectione
405 617 550 682 districte
569 620 737 682 feriantur.

451 725 500 787 De
521 728 726 790 anathematis
747 705 924 790 bominibus
944 726 1163 813 repellendis„

313 829 446 898 CCXV.
489 833 645 892 Omnium
672 832 908 896 anathematum
931 855 994 896 vox
1023 833 1057 894 in
1085 832 1291 900 accusatione
1311 833 1367 894 vel
1447 869 1448 902 t

229 914 416 979 testimonio
436 924 491 976 aut
510 915 652 976 humano
673 915 793 978 iudicio
813 917 942 998 penitus
965 938 1031 977 non
1057 916 1223 991 audiatur,
1247 937 1309 976 nec
1330 911 1367 975 hi
1447 907 1448 930 ¹

230 1020 381 1062 accusare
405 1019 601 1080 quemquam
625 1000 860 1080 permittantur.
917 1001 982 1061 Sed
1005 999 1031 1059 si
1057 998 1130 1081 quis
1154 997 1367 1059 anathematis

230 1103 368 1165 poenam
383 1081 470 1162 parri
485 1081 625 1159 duxerit,
648 1092 703 1143 aut
721 1079 1044 1164 insulamrelegetur‚
1068 1081 1172 1142 autin
1189 1079 1292 1141 exilio
1308 1081 1361 1140 de·
1447 1095 1448 1122 ¹

229 1171 374 1249 putetur,
398 1185 439 1224 nc
457 1162 557 1245 possit
578 1164 755 1225 Ecclesiam
772 1165 835 1226 Dei
857 1165 992 1246 eiusque
1008 1161 1145 1225 famulos
1164 1161 1367 1248 perturbare.

272 1272 322 1333 Dc
346 1270 499 1331 sententia
519 1267 669 1331 adversas
689 1271 844 1414 absente}
860 1271 909 1330 vel
933 1271 1070 1354 minores
1097 1269 1241 1332 iudicata
1260 1290 1327 1331 non

657 1381 660 1388 ’
724 1355 817 1414 valen
843 1377 871 1419 a.
947 1387 950 1393 ·
978 1407 981 1414 .

314 1456 466 1524 CCXVI.
508 1458 671 1522 Adversus
692 1459 838 1523 absentes
874 1457 926 1526 vel
954 1458 1095 1522 minores
1121 1457 1284 1522 sententia
1312 1413 1367 1520 iu·

230 1543 337 1608 dicata
362 1563 427 1602 non
452 1542 583 1604 valebit.
948 1551 954 1574 ⁸

253 1648 341 1734 Quid
360 1646 400 1710 de
422 1647 552 1710 Clericis
573 1649 628 1734 qui
647 1647 682 1710 in
702 1647 856 1712 seditione
879 1669 969 1710 arara
984 1648 1199 1736 portaverint,
1212 1644 1348 1730 sacien—
1372 1669 1375 1674 ·

730 1732 806 1794 dum
824 1733 882 1792 sit.

313 1835 482 1901 CCXVII.
525 1837 645 1902 Clerici
666 1835 723 1920 qni
752 1836 785 1897 in
813 1833 1007 1920 quacunque
1021 1837 1180 1900 seditione
1205 1857 1293 1897 arma
1314 1853 1369 1897 vo·

229 1922 336 1984 lentes
359 1921 528 2002 sumpsisse
553 1919 672 2004 reperti
696 1920 832 1998 fuerint,
854 1921 968 1983 amisso
988 1921 1114 1986 ordinis
1134 1919 1185 1984 sui
1206 1918 1311 2004 gradu
1333 1918 1368 1978 in

230 2001 427 2068 Monasterio
449 2002 670 2085 poenitentiae
695 2005 939 2084 contradantur.

230 2110 281 2172 De
303 2109 352 2170 bis
372 2109 427 2192 qui
446 2109 651 2187 inebriantur,
674 2122 708 2169 ut
728 2109 748 2169 b
768 2109 996 2180 communione,
1020 2109 1083 2169 nisi
1096 2129 1128 2168 se
1150 2110 1367 2183 correxerint,

304 2247 308 2254 .
350 2187 604 2274 suspendantur,
628 2205 683 2252 aut
702 2193 863 2275 corporali
881 2192 1037 2275 supplicio
1059 2191 1244 2257 subdantur.

265 2341 272 2355 .
312 2293 509 2374 ccxviii.
543 2295 709 2357 Sancitum
724 2305 772 2358 cst
794 2296 861 2358 cta
883 2295 1082 2380 Prochyteris
1097 2297 1151 2360 vel
1166 2295 1368 2359 Diaconihus

228 2402 286 2446 scu
311 2377 485 2460 breliquis
507 2377 653 2458 Clericis,
674 2378 761 2438 omui
778 2379 873 2440 modo
896 2379 1017 2442 vitetur
1029 2379 1177 2457 ebrietas,
1199 2400 1283 2463 quae
1301 2400 1369 2440 om·

228 2466 320 2526 nium
343 2462 497 2525 vitiorum
520 2461 622 2523 fomes
646 2483 683 2521 ac
705 2461 818 2522 nutrix
835 2471 892 2528 est,
935 2463 1048 2544 ltaque
1065 2484 1140 2524 eum
1160 2483 1258 2546 quem
1281 2461 1370 2521 ebri-

227 2565 287 2610 trin¹
302 2545 402 2608 fnisse
426 2543 626 2622 constiterit,
648 2553 684 2605 ut
713 2544 793 2607 ordo
814 2545 953 2628 patitur,
980 2555 1035 2606 ant
1054 2545 1269 2628 quadraginta
1293 2543 1368 2604 die-

227 2651 302 2692 rum
329 2625 433 2711 spatio
462 2628 481 2688 a
502 2627 728 2688 communione
744 2627 912 2688 statuimus
930 2628 1200 2707 submovendum,
1221 2633 1278 2686 aut
1297 2645 1368 2686 cor-

229 2711 336 2797 porali
358 2708 563 2772 subdendum
586 2709 755 2792 supplicio.
800 2709 934 2794 Capitol.
956 2709 1003 2775 ΙΙ.
1024 2733 1053 2776 a.
1075 2711 1146 2773 805.
1161 2732 1187 2772 c.
1203 2709 1233 2768 5.
1347 2743 1352 2752 -

253 2814 342 2902 Quid
361 2815 401 2877 de
423 2815 473 2874 bis
490 2813 650 2876 Ecclesiae
672 2814 834 2877 Iudicibus
847 2813 1034 2896 faciendum
1054 2817 1097 2876 sit
1124 2818 1181 2902 qui
1201 2815 1345 2877 absentes

570 2933 573 2943 .
605 2897 748 2957 iudicare
772 2910 985 2982 praesumunt.
1089 2923 1091 2928 ’

234 3049 238 3056 -
309 3001 462 3068 CCXIX.
505 3003 647 3067 Careant
666 3001 791 3064 Iudices
805 3002 970 3066 Ecclesiae
992 3023 1044 3080 ne,
1057 3003 1247 3068 absentc'eo
1268 3004 1364 3068 caius

228 3109 323 3154 causa
344 3085 533 3163 ventilatur,
555 3085 749 3150 sententiam
763 3087 948 3167 proferant,
976 3087 1053 3168 quia
1074 3088 1167 3149 irrita
1190 3087 1271 3149 erite
1300 3086 1364 3148 im-

228 3193 282 3232 mo
313 3178 346 3232 et
370 3190 465 3230 causa
491 3169 527 3228 in
552 3168 676 3250 synodo
695 3168 842 3252 profecto
864 3167 1001 3235 dabitur.
1046 3169 1103 3233 VI.
1125 3171 1197 3260 563,

229 3277 280 3339 Dc
301 3277 349 3336 iris
372 3275 427 3358 qui
448 3271 724 3356 apud-extraneos
752 3273 879 3337 Iudices
908 3296 1035 3336 causam
1063 3297 1151 3340 suam
1168 3291 1362 3364 proponunt.

228 3357 272 3420 Et
293 3356 334 3419 dc
354 3358 402 3417 bis
413 3358 479 3496 pai
503 3357 649 3452 priustin
666 3358 798 3440 proprio
818 3355 897 3436 foro
916 3379 983 3419 -non
1010 3359 1215 3438 iurgaverint.
1256 3360 1301 3424 Et
1323 3361 1364 3421 de

372 3438 411 3498 Iu
436 3439 536 3499 acibus
554 3457 610 3522 qut
631 3459 687 3498 sua
707 3438 899 3518 neglegentia
918 3461 1028 3502 causas
1047 3443 1213 3524 differant.

314 3542 370 3607 CC
378 3541 453 3610 XX.
496 3543 532 3607 Si
546 3543 619 3686 puis
641 3544 741 3606 aliam
755 3543 931 3606 crediderit
945 3549 1168 3627 accusandum,
1183 3547 1268 3630 apud
1287 3569 1367 3630 pro·

229 3627 356 3688 vinciae
386 3626 475 3688 illius
506 3629 543 3688 Iu
568 3626 652 3688 icem
672 3627 837 3708 negotium
864 3650 957 3688 suum
979 3641 1152 3711 proponam
1174 3639 1204 3703 et
1228 3650 1365 3692 omnem

230 3709 385 3770 iacturam
400 3709 466 3770 litis
485 3708 630 3770 incurrat
647 3709 704 3788 qui
729 3730 794 3769 non
812 3719 894 3790 ante,
911 3710 943 3768 in
963 3713 1095 3794 proprio
1120 3715 1190 3773 soro
1208 3711 1364 3794 iurgave-

227 3793 280 3858 rit.
322 3793 418 3871 Quod
448 3791 475 3852 si
505 3812 564 3873 per
588 3791 825 3875 neglegentiam
854 3792 975 3854 Iudicis
1002 3815 1095 3856 causa
1128 3795 1260 3856 delinita
1294 3815 1362 3856 non

228 3873 340 3953 fuerit,
362 3884 487 3936 tantum
510 3894 585 3934 eum
607 3873 683 3936 fisco
702 3885 810 3936 nostro
835 3875 981 3936 iubemus
1000 3877 1180 3956 exsolvere,
1203 3886 1363 3958 quantum

228 3979 281 4020 res
304 3957 373 4040 ipsa
397 3958 437 4018 de
459 3977 523 4036 qua
545 3953 651 4050 agitur
664 3957 800 4018 valuisse
823 3957 1036 4046 cognoscitur.
1078 3961 1120 4021 Et
1134 3961 1193 4041 qui
1216 3959 1363 4021 consiliis

230 4039 297 4102 suis
319 4039 507 4116 adhaerent,
529 4037 628 4099 exilio
649 4037 856 4121 deputentur.
905 4045 910 4051 ”

357 4142 455 4227 Quod
473 4143 574 4207 urinis
595 4143 781 4216 miscrorum
801 4137 1166 4240 oppido'snccurcndnm
1186 4146 1238 4236 sit.

314 4243 468 4318 CCXXI.
511 4247 695 4314 Occursare
720 4260 807 4313 certe
825 4249 1014 4314 miscrorum
1036 4251 1140 4316 ruinis
1163 4237 1262 4316 debet
1284 4253 1362 4318 suh·
