2910 4986
532 305 646 364 amna
681 309 866 372 Quanrus.
1180 291 1259 370 487

215 443 270 510 IV.
309 445 366 507 De·-
382 447 525 530 fugitivis
542 471 578 509 ac
595 450 785 532 peregrinis,
805 460 841 512 ut
858 451 1100 536 distringantur,
1122 460 1158 511 ut
1177 453 1253 515 sciri

132 525 287 612 possimus
300 528 356 608 qni
370 530 434 591 sint
452 541 506 592 aut
518 534 604 593 unde
622 533 778 593 venerint.
830 534 963 618 Capitol.
983 536 1045 596 III.
1065 559 1092 593 ιι.
1106 534 1175 596 803.
1187 537 1251 601 c.6.

129 610 260 754 ΜΨ.
312 615 353 672 Ut
379 613 482 702 bauga
515 624 546 676 et
583 615 720 676 bruniae
753 635 816 680 non
849 615 967 676 dentur
994 615 1251 699 negotiatoribus.

171 714 258 752 1.c.
281 715 308 774 7.

211 775 269 840 VI.
310 780 358 837 De
375 779 544 859 Mensnris,
560 792 595 843 nt
608 781 784 842 secundum
798 780 971 842 iussionem
987 791 1123 843 nostram
1137 801 1258 862 acqua.

126 855 175 918 les
199 859 273 917 sint.
317 860 435 920 Ibide.
460 863 488 927 8,
1094 887 1097 893 ·

101 948 103 952 ’
212 941 286 1001 Vll.
330 943 371 1000 Ut
388 965 450 1002 non
468 944 634 1004 mittantur
650 943 829 1009 testimonia
848 966 944 1027 super
960 946 1249 1008 vestituramDom·

127 1021 161 1080 ni
186 1021 317 1102 Pippini
336 1025 439 1105 Regis.
484 1026 564 1087 lbr'd.
577 1050 602 1091 c.
619 1049 648 1108 9.

209 1104 301 1164 Vlll.
344 1108 385 1165 Ut
401 1110 506 1168 omnia
522 1131 603 1190 quae
622 1109 752 1169 wadiari
769 1109 897 1182 dehent,
921 1110 1009 1170 iuxta
1027 1111 1113 1189 qnod
1129 1111 1161 1170 in
1179 1113 1249 1194 lege

127 1186 338 1262 continetur,
370 1191 511 1267 pleniter
529 1191 703 1250 secundum
729 1193 827 1274 ipsam
845 1192 947 1272 legem
971 1195 1140 1254 rewadiata
1160 1195 1248 1270 liant,

128 1280 160 1330 et
182 1269 431 1349 inpostmodum
455 1273 505 1332 rel
525 1276 669 1334 Domnus
691 1275 777 1346 Rex,
800 1273 850 1334 vel
876 1273 931 1333 ille
960 1276 1050 1334 cuius
1075 1298 1167 1336 causa
1190 1287 1249 1354 est,

127 1353 216 1418 iuxta
234 1351 321 1430 quod
349 1353 377 1411 ei
399 1354 567 1433 placuerit,
591 1356 799 1436 perdonetze)
843 1355 925 1417 laid.
947 1377 972 1415 c.
993 1357 1037 1416 15.

209 1435 263 1492 IX.
309 1435 350 1492 Ut
378 1436 464 1495 Missi
494 1439 600 1498 nostri*
619 1438 675 1515 qui
701 1437 761 1495 iam
786 1436 906 1497 breves·
923 1438 1110 1498 detulerunt
1135 1439 1175 1498 de
1196 1439 1249 1498 ad·

124 1514 341 1590 nuntiatione,
364 1518 514 1579 volumus
529 1529 564 1580 ut
584 1518 688 1579 adhuc
710 1520 868 1580 adducant
888 1520 927 1580 de
942 1541 1048 1601 opere.
1079 1523 1159 1584 luc.
1178 1522 1226 1582 25.

207 1599 250 1660 X.
291 1599 450 1673 Quantam
468 1623 586 1661 moram
606 1602 723 1661 faciant
741 1601 771 1659 in
797 1623 992 1684 unoquoque
1011 1604 1093 1681 loco,
1116 1613 1147 1666 ct
1169 1614 1248 1686 quot

124 1678 271 1740 homines
291 1702 399 1741 secum
422 1679 568 1744 habeant.
610 1684 694 1748 Ibr'd.
714 1704 739 1743 c.
758 1683 806 1743 26.

205 1763 259 1826 XI.
307 1766 355 1823 De
381 1765 555 1846 prudentia
588 1776 620 1827 et
647 1765 825 1826 constantia
851 1764 1020 1826 Missorum
1056 1775 1246 1829 nostrorum.
1289 1797 1299 1812 .

123 1842 247 1905 Ibide.
269 1866 317 1904 2.
495 1899 498 1908 .

203 1925 275 1991 XII.
289 1867 364 1990 7De
376 1930 462 1990 salsis
476 1929 658 1991 monetariis
675 1928 905 2012 requirendum
923 1939 978 1993 est.
1019 1930 1101 1990 Ibid.
1115 1952 1140 1990 e.
1155 1933 1202 1995 28.

205 2009 298 2070 XIII.
342 2016 389 2074 De
405 2013 656 2074 illisSaxonihus
673 2013 728 2094 qni
741 2033 857 2072 uxores
870 2033 933 2071 non
947 2011 1073 2077 hahent.
1102 2013 1184 2075 Iac.
1196 2016 1245 2076 23.

202 2092 290 2158 XIV.
332 2097 380 2154 De
396 2095 525 2177 signatis
548 2095 603 2174 qui
623 2094 807 2155 mentiendo
831 2093 962 2158 radunt.
1010 2093 1092 2156 thid.
1113 2117 1139 2155 e.
1155 2097 1204 2170 24.

204 2172 272 2232 XV.
317 2175 350 2235 Si
373 2177 454 2236 aliae
464 2199 514 2236 res
527 2177 658 2236 fortuitu
675 2198 738 2235 non
755 2177 1069 2257 praeoccupaverint,
1092 2201 1161 2238 vm.
1183 2182 1245 2240 Ke-

121 2253 210 2316 lend.
233 2255 344 2334 Iulias,
367 2259 399 2318 id
423 2268 489 2334 est,
512 2259 604 2320 Missa
629 2259 729 2318 sancti
753 2257 904 2318 Iohannis
927 2257 1094 2338 Baptistae,
1116 2260 1157 2320 ad
1173 2264 1243 2321 Ma-

122 2336 263 2418 gontiam
276 2339 342 2402 sive
359 2341 557 2402 Cabillonem
572 2341 764 2425 generalitor
779 2340 932 2422 placitum
948 2338 1066 2400 hahere
1087 2342 1242 2405 volumus.

120 2418 316 2480 lbid.c.2.

204 2443 307 2568 XVI.9
331 2507 379 2566 De
401 2504 562 2587 periuriis,
584 2514 620 2565 ut
642 2514 824 2570 caveantur.
865 2505 907 2566 Et
927 2513 963 2563 ut
988 2525 1050 2564 non
1072 2505 1242 2566 admittan-

121 2592 175 2643 tur
190 2592 286 2645 testes
300 2587 339 2647 ad
358 2589 571 2646 iuramentum
592 2595 762 2668 antequam
778 2586 999 2646 discutiantur.
1049 2587 1089 2645 Et
1107 2588 1132 2647 si
1149 2588 1242 2648 aliter

121 2687 187 2726 non
204 2678 337 2747 possunt
354 2670 479 2744 discuti,
492 2679 678 2747 separentur
698 2670 903 2744 abinvicem,
924 2678 956 2728 et
974 2666 1181 2748 singulariter
1195 2670 1242 2728 in-

120 2748 299 2828 quirantur.
340 2753 382 2812 Et
403 2773 467 2810 non
484 2752 544 2812 soli
568 2751 740 2813 accusatori
756 2751 851 2812 liceat
868 2759 961 2810 testes
976 2747 1095 2829 eligere
1113 2752 1241 2812 ahsente

121 2851 183 2890 suo
200 2841 372 2893 causatore.
413 2836 455 2894 Et
474 2833 605 2894 omnino
631 2836 751 2909 nullus,
775 2833 835 2893 nisi
853 2831 998 2904 ieiunus,
1022 2832 1061 2890 ad
1085 2832 1243 2894 iuramen-

121 2915 260 2986 tum-rel
284 2915 321 2974 ad
344 2916 561 2976 testimoninm
586 2917 777 2978 admittatur.
820 2917 861 2976 Et
881 2913 938 2972 ille
960 2912 1016 2993 qui
1039 2913 1078 2972 ad
1097 2914 1259 2976 testimo?

122 2994 212 3052 nium
231 2995 358 3057 ducitur
376 2998 410 3060 si·
426 3000 602 3074 refutetur,
630 3000 714 3059 dicat
732 2998 788 3057 ille
812 2996 868 3076 qui
891 3017 963 3054 eum
982 2996 1098 3055 refutat
1119 3008 1152 3057 et
1170 3019 1245 3079 pro-

119 3073 174 3134 bet
192 3098 290 3156 quare
312 3080 405 3138 illum
425 3080 569 3161 recipere
586 3082 678 3140 nolit.
719 3082 760 3140 Et
777 3078 815 3139 de
829 3080 898 3159 ipso
913 3096 1011 3159 pago,
1030 3099 1093 3138 non
1109 3079 1149 3139 de
1165 3081 1246 3140 altc··

119 3179 167 3232 ro,
189 3167 283 3220 testes
308 3162 479 3242 eligantur,
503 3161 564 3222 nisi
585 3163 666 3222 sorte
687 3161 814 3242 longius
836 3169 922 3220 extra
941 3159 1124 3220 comitatum
1146 3183 1241 3223 causa

120 3239 161 3298 sit
182 3238 384 3322 inquirenda.
436 3244 526 3304 Etsi
550 3244 620 3322 quis
644 3244 809 3304 convictus
833 3241 932 3301 fuerit
955 3241 1101 3324 periurii,
1125 3245 1237 3327 perdat

118 3342 245 3382 manum
270 3335 323 3384 aut
342 3325 487 3391 redimat.
539 3327 670 3408 Capitul.
692 3332 736 3386 ΙΙ.
748 3351 775 3386 a.
794 3325 863 3388 805.
878 3345 903 3384 c.
923 3346 966 3387 ιι.

197 3405 304 3469 XVII.
345 3411 387 3468 Ut
404 3429 497 3469 nemo
517 3418 648 3488 propter
667 3407 874 3487 cupiditatem
895 3405 1051 3486 pecuniae
1069 3415 1124 3466 aut
1144 3429 1240 3492 prop..

117 3497 166 3550 ter
181 3488 342 3548 avaritiam
364 3512 450 3550 suam
472 3491 558 3572 prius
578 3491 632 3550 det
644 3491 792 3572 pretium,
816 3498 870 3550 aut
888 3489 1027 3548 futuram
1046 3491 1236 3548 conventio-

117 3591 193 3630 nem
209 3570 269 3628 sihi
290 3583 457 3653 praeparet
473 3583 509 3632 ut
529 3572 661 3652 duplum
677 3573 736 3633 vel
752 3571 884 3653 triplum
905 3579 988 3631 tunc·-
1005 3569 1136 3650 recipiat
1143 3595 1150 3640 ;
1181 3571 1237 3631 sed

116 3659 338 3712 tnnc-tantum
357 3656 485 3733 quando
500 3656 627 3715 fructus
640 3676 791 3738 praesens
812 3665 869 3732 est,
889 3653 962 3713 illos
980 3661 1147 3734 comparet.
1174 3652 1235 3712 Ca-

112 3735 206 3816 pitol.
229 3737 256 3792 I.
275 3758 302 3793 a.
324 3737 393 3811 809.
409 3755 435 3795 e.
453 3738 501 3810 54.

198 3813 313 3876 XVIII
365 3820 412 3878 De
429 3819 531 3878 causis
551 3840 633 3898 quae
652 3817 797 3901 quotidie
812 3839 876 3877 non
901 3825 1033 3880 cessant.
1073 3813 1162 3876 aaa
1186 3836 1212 3879 2.

194 3895 288 3959 XIX.
330 3901 377 3960 De
398 3899 540 3982 fugitivis
562 3902 710 3984 quinon
738 3909 863 3962 cessant
885 3899 1028 3982 recipere
1054 3905 1086 3958 et
1106 3895 1240 3959 abacos.

116 3980 203 4044 dere.
245 3979 328 4042 Ibid:
350 4003 376 4041 c.
397 3982 426 4046 5.

195 4060 269 4128 XX.
310 4064 358 4124 De
380 4063 467 4147 vagis
483 4063 669 4148 peregrinis.
711 4061 794 4128 Ibid.
815 4083 841 4128 c.
859 4061 890 4122 6.

184 4238 214 4302 o)
250 4235 283 4286 al.
309 4251 367 4288 mss.
388 4237 516 4306 accipiat.
