2926 4984
614 325 912 384 carlwtenluro

307 463 351 521 lle
369 463 419 524 ln's
435 468 490 548 qraei
504 487 547 528 ex
565 466 668 527 seculo
685 465 730 526 ad
744 462 933 526 monasteria
949 463 1089 522 converti
1102 459 1221 520 uolunt.

207 616 210 622 Ι
283 547 404 610 CCLV.
448 548 554 608 Liberi
576 547 798 628 lrominesqui
820 547 860 606 ad
881 543 1047 605 servitium
1068 541 1129 601 Dei
1147 561 1179 602 se
1198 539 1327 604 tradere

200 627 328 699 volunt,
345 628 432 707 prins
443 629 505 690 boc
521 653 584 690 non
602 630 830 710 laniantquam
843 625 962 686 anobis
975 624 1136 686 licentiam
1151 623 1326 703 postulent.

200 709 268 772 tac
292 732 368 770 rrro
391 710 465 772 ideo
485 713 715 794 praecipimus,
747 711 822 791 qnia
845 707 1025 768 audivimus
1047 706 1171 786 aliquos
1193 727 1233 766 ex
1249 705 1327 784 illis,

201 813 267 852 nam
288 802 351 852 tam
372 815 462 854 eausa
482 795 665 856 devotionis
682 816 776 873 qnam
793 792 970 852 exercitum
986 789 1051 852 sive
1076 789 1169 846 aliam
1188 786 1330 848 functio·

201 896 276 942 nrm
298 876 438 954 regalem
462 877 635 958 fugiendo,
667 877 821 956 quosdam
847 895 924 933 vero
957 871 1143 952 cupiditatis
1168 890 1263 928 causa
1288 868 1328 927 ab

199 954 251 1018 his
271 957 324 1036 qni
346 979 393 1016 ros
412 953 541 1018 illorum
558 959 802 1039 concupiscunt,
823 957 1058 1016 circumventos
1077 951 1267 1016 audivimus.
1286 949 1328 1011 Et

200 1038 263 1101 boc
283 1040 356 1101 idco
379 1040 448 1099 fieri
464 1041 679 1123 prohibemns.
722 1040 828 1122 Sapra
848 1037 917 1102 Lib.
940 1041 967 1096 I.
988 1058 1017 1097 e.
1041 1035 1107 1109 114.

200 1145 250 1206 De
267 1147 444 1207 honrinr'bus
456 1150 648 1233 pauperibus
669 1147 796 1218 liberis,
815 1157 848 1202 at
862 1142 1123 1228 &potentioribus
1145 1161 1208 1200 non
1222 1140 1331 1223 oppri-

631 1241 757 1288 mantur
772 1229 895 1286 iniuste.

284 1331 422 1393 CCLVl.
463 1334 511 1394 De
538 1334 743 1416 oppressione
762 1351 940 1413 pauperum
956 1327 1125 1389 hominnm
1140 1327 1327 1404 liberorum,

202 1426 239 1478 ut
268 1437 330 1474 non
359 1415 436 1473 fiant
463 1437 480 1472 a
507 1415 743 1496 potentioribus
768 1435 827 1495 per
851 1411 984 1492 aliquod
1013 1412 1132 1469 malum
1162 1408 1329 1490 ingenium

201 1509 312 1559 contra
330 1497 479 1557 iustitiam
502 1498 660 1580 oppressi,
688 1498 731 1556 ita
748 1505 783 1555 ut
796 1494 899 1555 coacti
914 1515 963 1553 res
984 1515 1095 1553 eorum
1110 1492 1254 1556 vendant
1274 1499 1330 1550 aut

202 1581 338 1640 trudant.
358 1579 434 1638 ldeo
448 1579 527 1640 haec
542 1590 680 1662 utsupra
693 1589 725 1638 et
739 1578 793 1638 lric
805 1578 844 1637 de
858 1576 967 1638 liberis
978 1574 1162 1635 hominihus
1178 1571 1328 1650 diximus,

202 1683 243 1721 ne
260 1663 342 1721 sorte
359 1671 508 1740 parentes
528 1673 639 1723 eontra
658 1661 810 1721 iustitiam
835 1661 912 1719 liant
938 1657 1143 1732 exheredati,
1173 1665 1206 1714 et
1220 1655 1327 1735 regale

201 1743 392 1822 obsequium
410 1742 584 1821 minuatur,
602 1754 633 1804 et
648 1744 708 1824 ipsi
724 1743 862 1803 heredes
876 1749 1008 1821 propter
1022 1737 1230 1819 indigentiam
1242 1759 1331 1796 men-

203 1826 266 1886 dici
282 1825 341 1884 'rel
368 1825 509 1885 latrones
525 1847 581 1888 seu
604 1828 825 1886 malefactores
847 1822 1036 1885 efficiantur.
1078 1823 1119 1881 Et
1144 1829 1180 1879 ut
1204 1819 1329 1900 saepius

202 1929 266 1967 non
288 1906 367 1966 liant
388 1909 523 1967 manniti
546 1909 586 1968 ad
613 1909 788 1991 placitum,
810 1906 871 1967 nisi
892 1905 978 1966 siout
1002 1904 1035 1962 iu
1063 1903 1127 1963 alio
1152 1899 1328 1984 Capitulari

202 1989 423 2076 praecepimus
476 1990 559 2055 Ibid.
581 2013 607 2050 e.
630 1991 696 2052 115.

385 2095 433 2153 De
453 2093 604 2155 Ecclesiis
625 2096 688 2154 sive
713 2095 838 2155 Sanctis
859 2093 981 2154 noviter
1000 2094 1141 2153 inventis.

283 2198 444 2262 CCLVll.
486 2202 534 2260 De
561 2199 715 2262 Ecclesiis
738 2222 795 2258 seu
817 2199 941 2258 Sanctis
961 2198 1086 2258 noviter
1099 2196 1168 2258 sine
1186 2196 1331 2257 auctori-

199 2291 263 2343 tate
292 2281 457 2358 inventis,
485 2282 547 2342 nisi
578 2283 606 2341 E
632 2282 740 2362 iscopo
766 2280 919 2361 probante
951 2280 1082 2340 minime
1107 2289 1327 2340 venerantum

201 2366 288 2426 salva
309 2365 406 2424 etiam
425 2365 464 2428 de
479 2364 540 2426 hoc
560 2371 592 2424 et
608 2306 648 2425 de
667 2364 814 2425 omnibus
829 2363 983 2424 Ecclesiis
1007 2360 1163 2423 canonica
1184 2361 1326 2422 auetori-

199 2455 273 2507 tate.
303 2447 384 2530 App.
408 2450 433 2513 I.
456 2470 483 2512 c.
509 2470 554 2508 10.

203 2551 244 2618 Ut
267 2553 455 2614 heribannus
478 2551 593 2634 absque
611 2573 818 2634 personarum
840 2553 1018 2636 acceptione
1028 2547 1182 2634 fideliter
1202 2552 1241 2613 ab
1259 2573 1329 2613 om-

625 2636 714 2694 nibus
741 2636 896 2712 exigatur.

280 2739 452 2807 CCLVlll.
502 2743 552 2801 De
576 2739 756 2800 heribanno
784 2739 932 2800 volumus
962 2749 997 2799 ut
1022 2739 1111 2800 Missi
1138 2741 1239 2802 nostri
1264 2740 1327 2802 boc

197 2824 336 2884 fideliter
349 2823 480 2904 exigant
497 2824 616 2903 absque
642 2822 741 2882 ullius
757 2843 912 2902 personae
932 2823 1048 2903 gratia,
1070 2823 1246 2898 blanditia,
1268 2845 1328 2884 seu

197 2917 335 2981 terrore,
361 2905 538 2965 secundum
555 2903 730 2965 iussionem
752 2915 900 2969 nostram,
943 2904 978 2964 Id
1006 2912 1053 2964 est
1071 2913 1107 2964 ut
1131 2905 1171 2965 de
1192 2904 1325 2966 homine

194 2989 333 3048 habente
356 2988 454 3047 libras
469 3005 525 3048 sex
541 2987 573 3046 in
595 3007 689 3062 auro,
712 2986 745 3045 in
766 2996 919 3067 argento,
946 2986 1095 3063 bruniis,
1118 2997 1321 3062 aeramento,

195 3070 310 3149 pannis
329 3069 476 3150 integris,
499 3067 641 3142 caballis,
662 3070 764 3142 bovis,
788 3070 868 3143 ovis,
891 3069 1007 3145 vaccis,
1029 3069 1081 3129 rel
1099 3069 1163 3128 alio
1179 3070 1322 3151 peculio,

196 3156 236 3212 ita
262 3162 296 3210 nt
317 3173 432 3211 uxores
455 3173 567 3212 eorum
589 3152 642 3212 vel
662 3152 802 3214 infantes
821 3173 885 3211 non
903 3152 981 3210 fiant
1001 3150 1153 3232 expoliati
1175 3174 1233 3232 pro
1261 3150 1322 3212 hac

194 3257 228 3294 re
244 3236 283 3295 de
309 3233 505 3296 vestimentis
528 3255 658 3311 eorum,
694 3234 854 3316 accipiant
882 3233 1061 3314 legitimum
1086 3232 1321 3311 heribannum,

195 3317 227 3376 id
248 3325 317 3390 cst,
339 3316 435 3374 libras
453 3324 527 3381 tres.
569 3317 634 3392 Qui
652 3337 728 3378 vero
749 3338 813 3375 non
831 3315 982 3376 habuerit
998 3315 1134 3397 amplius
1152 3317 1184 3375 in
1207 3337 1321 3398 supru-

193 3397 311 3479 scripto
339 3397 440 3477 pretio
463 3398 589 3458 valente
610 3398 671 3458 nisi
698 3399 794 3458 libras
821 3408 901 3473 tres,
933 3399 1026 3458 solidi
1056 3396 1187 3479 triginta
1216 3398 1255 3456 ab
1282 3419 1320 3459 eo

192 3481 371 3563 cxigmtnr.
415 3477 478 3556 Qui
496 3491 603 3540 autem
620 3502 685 3540 non
701 3481 849 3540 habuerit
865 3481 1001 3561 amplius
1020 3480 1080 3540 nisi
1108 3481 1186 3541 duas
1209 3480 1319 3556 libras

191 3565 302 3624 ‹lecenr
319 3560 436 3622 solidos
453 3561 563 3621 solvat.
605 3563 638 3622 si
656 3585 734 3622 vero
754 3564 816 3623 nisi
836 3584 933 3622 arnam
949 3563 1063 3623 libram
1080 3561 1250 3638 habuerit,
1273 3585 1320 3622 so·

192 3645 272 3706 lidos
290 3641 454 3728 quinque,
472 3643 514 3702 ita
535 3653 569 3703 ut
587 3644 705 3704 iterum
725 3667 757 3706 se
781 3646 886 3705 valeat
902 3665 1071 3727 preparare
1092 3645 1133 3704 ad
1145 3643 1207 3705 Dei
1221 3644 1320 3705 servi·
1351 3635 1355 3644 ⁵

188 3730 269 3788 tium
292 3738 323 3788 et
337 3727 376 3786 ad
395 3733 533 3797 nostram
559 3727 733 3787 utilitatem
750 3737 782 3787 et
801 3727 888 3788 Missi
909 3727 1009 3788 nostri
1029 3736 1165 3786 caveant
1190 3734 1222 3786 et
1242 3726 1319 3786 dili-

188 3821 301 3893 gentor
321 3807 484 3890 inquirant
500 3831 539 3870 ne
555 3829 612 3889 per
627 3809 760 3890 aliquod
774 3809 893 3868 malum
911 3807 1080 3892 ingenium
1098 3817 1236 3870 nostram
1248 3808 1320 3868 sub·

188 3892 318 3952 trabant
337 3889 508 3970 iustitiam,
530 3891 624 3952 alteri
644 3891 801 3954 tradendo
822 3902 877 3954 aut
894 3892 1160 3953 commendando.
1211 3889 1319 3974 Supra

188 3975 259 4038 Lib.
280 3975 344 4036 III.
367 3995 392 4033 c.
422 3973 467 4048 14.

184 4082 236 4144 De
258 4078 436 4141 bonualdus
462 4077 515 4136 vel
533 4074 666 4158 seminis
688 4078 797 4138 liberis
819 4081 963 4160 quicum
988 4081 1159 4141 Fiscnlinis
1183 4101 1216 4140 se
1240 4102 1316 4163 con-

206 4209 207 4214 ,
584 4179 586 4182 ·
685 4163 822 4238 iungunt.

241 4244 404 4310 ,cuttu
453 4241 562 4334 Liberi
591 4241 738 4316 homines
768 4243 824 4326 qui
849 4265 966 4308 uxores
989 4245 1028 4308 de
1048 4243 1131 4308 lisois
1154 4244 1315 4328 regalibus
