2910 4984
189 271 266 372 810
296 359 299 366 ,
609 275 901 364 csesrucsmun

190 448 339 580 qpprteat
357 437 391 496 in
406 434 550 502 domibus
564 441 739 508 oblationes
759 447 915 509 celebrari
929 444 968 508 ab
978 439 1145 528 Episcopis
1163 439 1218 504 ael
1229 440 1320 504 Pres

204 538 232 597 y
245 540 319 579 eres.

189 625 240 685 Dc
255 616 304 686 tis'
319 645 399 710 quae
417 623 463 690 aci
478 630 602 690 aurium
624 642 655 693 et
669 634 832 695 oculorum
856 637 1016 719 pertinent
1042 629 1304 692 oblectamentum
1321 676 1338 703 ,

451 729 590 794 quaeque
616 715 802 777 Sacerdotes
825 719 922 777 vitare
941 716 1064 778 debent.

270 813 392 882 LXXI.
434 817 656 904 Quaecunque
677 821 717 880 ad
734 823 861 882 aurium
889 833 921 885 et
951 823 992 884 ad
1022 819 1192 882 oculorum
1220 817 1338 900 perti-

189 905 271 960 nent
290 897 488 977 inlecebras,
509 900 596 962 ande
624 903 717 984 vigor
744 907 842 966 animi
872 905 1013 966 emolliri
1036 923 1129 988 posse
1150 902 1335 978 credatur,

190 989 227 1042 ut
242 981 282 1042 de
303 980 465 1063 aliquibus
485 983 657 1064 generibus
668 987 863 1048 musicorum
880 990 1015 1070 aliisque
1036 984 1204 1046 nonnullis
1225 984 1333 1044 rebus

187 1061 303 1125 sentiri
320 1073 435 1146 potest,
449 1065 488 1124 ab
509 1067 655 1128 omnibus
670 1069 730 1129 Dei
747 1072 936 1132 Sacerdotes
953 1092 986 1132 se
1010 1068 1170 1144 abstinere
1193 1065 1332 1136 debent;

189 1145 266 1227 qnia
287 1165 347 1228 per
368 1146 495 1206 aurium
519 1149 751 1232 oculorumque
777 1154 956 1215 inlecebras
983 1152 1137 1214 vitiorum
1164 1147 1257 1207 turba
1284 1149 1331 1208 ad

190 1227 333 1288 animum
353 1227 480 1312 ingredi
492 1232 588 1295 solet.
629 1234 829 1296 Histrionum
853 1257 983 1318 quoque
1022 1233 1169 1314 turpium
1199 1239 1230 1291 et
1262 1229 1328 1290 ob-

188 1330 382 1372 scoenorum
400 1311 587 1374 insolentias
608 1315 762 1394 iocorum,
785 1328 818 1378 et
834 1319 893 1400 ipsi
917 1318 1024 1377 animo
1042 1315 1195 1398 effugere,
1218 1321 1328 1374 caete-

188 1391 299 1477 risque
319 1393 548 1457 Sacerdotibus
567 1396 750 1479 effugienda
767 1402 953 1482 praedicare
970 1399 1098 1464 debent.

531 1503 580 1563 Dc
600 1503 743 1564 Ecclesia
766 1505 977 1589 aedificanda.

273 1603 413 1673 LXXII.
455 1607 557 1670 Nemo
592 1609 769 1671 Ecclesiam
799 1612 946 1673 aedificet
976 1620 1149 1692 antequam
1184 1611 1327 1674 civitatis

191 1683 372 1786 Episcopus
392 1689 523 1766 veniat,
546 1699 579 1750 et
601 1692 720 1752 ibidem
743 1715 870 1754 crucem
894 1695 968 1776 figat
992 1693 1133 1777 publice.
1183 1693 1225 1754 Et
1248 1703 1325 1754 ante

188 1770 359 1854 praefiniat
372 1771 429 1856 qui
447 1771 615 1835 aedificare
634 1777 725 1851 vult,
748 1776 826 1856 quid
846 1778 886 1838 ad
902 1777 1074 1837 luminaria
1097 1784 1129 1836 et
1151 1775 1191 1834 ad
1214 1787 1325 1836 custo-

190 1852 277 1914 diam
289 1863 321 1913 et
337 1855 497 1935 stipendia
513 1857 684 1916 custodum
700 1860 843 1920 sufficiat.
885 1862 928 1922 Et
945 1862 1027 1919 facta
1050 1857 1243 1937 donatione,
1274 1858 1323 1919 sic

191 1933 323 1996 domum
339 1936 496 1997 aedificet.
541 1937 580 1998 V.
599 1941 669 2005 382.

359 2041 402 2104 Ut
417 2039 604 2104 Sacerdotes
624 2045 744 2126 bladis
760 2047 951 2110 secularibus
970 2070 1002 2108 se
1023 2059 1158 2108 caveant.

270 2145 430 2210 LXXIII.
472 2148 696 2210 Sacerdotibus
718 2172 784 2212 non
811 2154 943 2236 expedit
965 2152 1162 2216 secularibus
1191 2161 1223 2214 et
1247 2161 1321 2214 tur-

189 2227 284 2316 pibus
301 2229 503 2326 quibuslibet
519 2231 673 2293 interesse
691 2233 780 2297 iocis.
822 2237 1020 2302 Venationes
1032 2256 1162 2318 qnoque
1178 2237 1323 2296 ferarum

190 2315 244 2377 vel
266 2335 375 2376 arsum
397 2333 529 2374 mmnne
549 2323 723 2376 sectentur.

190 2419 240 2483 Dc
263 2421 460 2500 Presbyteris
481 2431 512 2478 et
532 2420 744 2492 Diaconibus,
768 2435 802 2482 ut
819 2419 1048 2507 Episcoporum
1066 2444 1196 2486 suorum
1210 2424 1243 2482 in
1261 2423 1322 2484 bos

475 2503 524 2562 nis
545 2503 691 2586 operibus
709 2507 842 2584 vestigia
864 2519 1029 2567 sectentur.

272 2603 418 2674 LXXIV.
460 2607 645 2750 Presbpteri
665 2630 794 2690 quoque
814 2618 845 2670 et
871 2609 1007 2670 Diaconi
1032 2611 1065 2671 in
1090 2611 1237 2673 omnibus
1261 2612 1320 2674 bo·

190 2711 309 2753 norum
327 2713 461 2774 operum
479 2691 555 2752 exhi
580 2691 734 2752 itionibus
756 2692 806 2752 sui
826 2693 977 2775 Episcopi
996 2695 1128 2776 vestigia
1146 2703 1322 2771 sectentur,

191 2782 224 2835 et
238 2773 272 2834 in
295 2772 455 2835 bonorum
482 2795 607 2835 morum
629 2773 804 2857 probitate,
828 2796 909 2856 quae
933 2776 1094 2858 Episcopo
1125 2775 1321 2839 observanda

189 2865 289 2934 sunt,
311 2857 426 2920 eadem.
440 2867 473 2920 et
492 2858 555 2918 sibi
571 2857 769 2920 observanda
791 2879 857 2918 esse
870 2868 1086 2940 cognoscant.

375 2964 425 3024 De
446 2984 483 3026 eo
506 2964 562 3047 qui
579 2965 612 3024 in
630 2962 723 3022 domo
744 2983 801 3022 sua
818 2963 1130 3044 oratoriumfeccrit.

277 3065 408 3129 LXXV.
449 3067 515 3146 Qui
535 3070 568 3127 in
592 3067 686 3127 domo
703 3089 763 3131 sua
778 3068 954 3128 oratorium
972 3068 1137 3147 habuerit,
1165 3089 1255 3130 orare
1276 3068 1321 3129 ibi

190 3157 305 3230 potest
346 3151 468 3211 Tamen
495 3172 560 3210 non
581 3151 697 3210 audeat
728 3151 761 3210 in
794 3172 832 3210 eo
851 3172 954 3211 sacras
981 3153 1087 3212 facere
1118 3152 1227 3212 Missas
1249 3151 1322 3212 sine

190 3232 349 3312 permissu
372 3233 525 3315 Episcopi
546 3233 610 3293 loci
629 3233 728 3292 illius.
771 3234 868 3309 Quod
890 3234 916 3294 si
946 3233 1077 3312 fecerit,
1101 3235 1211 3295 domus
1232 3235 1322 3294 illius

191 3313 259 3374 fisci
276 3314 593 3376 viribus‘addicatnr.
635 3316 820 3377 Praefectus
834 3317 992 3376 Praetorii
1008 3313 1065 3397 q'ui
1079 3305 1140 3376 boc
1157 3318 1323 3398 cognovit,

192 3405 224 3457 et
240 3416 305 3456 non
321 3396 507 3479 prohibuit,
530 3399 688 3458 librarum
702 3398 772 3456 auri
787 3398 948 3479 solutione
969 3399 1165 3459 multabitur.
1199 3397 1233 3459 V
1231 3443 1238 3458 .
1253 3399 1324 3463 585.

327 3506 484 3588 Quantam
503 3526 611 3565 curam
633 3503 785 3588 Episcopi
803 3505 888 3563 circa
909 3503 1034 3585 indigas
1055 3506 1200 3569 babeant.

272 3611 417 3675 LXXVI.
457 3611 609 3694 Episcopi
625 3610 758 3691 quidem
782 3609 950 3670 maximam
967 3632 1077 3672 curam
1103 3621 1135 3672 et
1160 3610 1324 3674 sollicitu-

192 3698 303 3760 dinem
317 3694 403 3756 circa
419 3715 576 3776 pauperes
593 3694 749 3771 habeant,
772 3702 803 3752 et
830 3714 882 3754 res
908 3693 1141 3756 ecclesiasticas
1167 3694 1324 3756 Ecclesiis

191 3780 322 3850 collatas
347 3786 438 3838 cauta
456 3775 743 3859 circumspectione
763 3775 966 3858 dispensent,
989 3777 1080 3858 quasi
1094 3777 1155 3837 Dei
1171 3777 1325 3856 ministri,

191 3885 257 3924 non
275 3860 366 3944 qnasi
381 3861 483 3942 turpis
502 3859 584 3920 lucri
607 3858 706 3941 gratia
722 3868 903 3923 sectatores.
947 3859 1016 3919 lllis
1037 3861 1145 3942 itaque
1171 3870 1324 3938 utantur,

191 3968 257 4007 non
275 3954 312 4006 nt
326 3943 482 4029 propriis,
505 3943 561 4002 sed
581 3952 617 4003 nt
637 3941 698 4002 sibi
716 3941 757 4002 ad
775 3941 1026 4023 dispensandum
1048 3942 1233 4004 commissis.

212 4117 213 4132 ,
231 4052 282 4113 De
297 4051 478 4130 erogatione
496 4048 647 4133 Episcopi
664 4051 698 4108 in
710 4048 901 4131 pauperibus
916 4059 946 4106 et
960 4046 1092 4128 familia
1110 4048 1281 4110 Ecclesiae.

272 4156 451 4223 Lxxv11.·
475 4155 573 4234 Quod
593 4155 690 4218 liceat
706 4153 891 4235 Episcopis‚
912 4154 1134 4236 praesentibus
1151 4155 1325 4239 Presbyte-

191 4242 236 4306 τί·
255 4237 517 4337 etDiaconibus,
540 4237 752 4300 ‹te-thesauro
767 4235 933 4300 Ecclesiae
954 4237 1094 4301 familiae
1117 4247 1149 4301 et
1171 4239 1325 4324 pauperi-
