2926 4986
501 324 663 382 nonssso
700 320 891 382 secunus.
1191 293 1264 372 779

209 481 433 558 postmortem
449 472 592 531 uirorum
610 487 677 528 sno·
763 507 767 522 s
810 467 901 552 quasi
916 474 1137 552 per'naturam
1155 459 1275 522 taten-

214 577 284 614 runa
307 556 411 634 capita
433 554 542 628 velant
563 553 679 615 statim.
817 563 870 610 tur

133 637 182 702 18.
211 637 260 696 De
287 636 409 696 inlicito
428 655 553 696 accessu
578 633 679 715 semi·
730 629 779 689 23.
809 600 906 713 Quoil
934 630 1025 690 Laiei
1057 645 1176 687 uxores
1207 623 1277 683 sola
1313 669 1316 685 .

214 739 326 776 narrem
351 717 394 778 ud
406 719 515 777 altare.
812 735 906 774 consu
915 711 1063 795 filiorum
1088 709 1202 768 tatere
1224 705 1278 765 de-

136 821 184 882 ¹9·
220 797 261 860 Ut
305 801 409 858 nullus
451 799 680 858 Canonicornm
813 797 917 869 beant,
941 809 970 853 et
990 792 1078 876 cpmd
1095 791 1277 868 coniugium

214 881 270 944 vel
321 883 568 950 Menaenorum,
617 878 680 937 nisi
811 879 918 939 luDeo
942 890 988 936 est
1008 877 1195 934 institutum.

166 1008 170 1014 -
213 962 463 1049 praedicationis
482 961 679 1021 autolicuius
729 957 779 1034 34.
808 961 857 1020 De
873 963 965 1038 Regis
978 957 1277 1038 vocabulo,etqua-

216 1058 300 1107 certe
332 1045 526 1104 necessitatis
562 1065 655 1103 causa
665 1086 677 1114 ,
812 1043 851 1102 lis
871 1046 941 1128 ipse
958 1063 1023 1100 esse
1038 1039 1177 1099 debeat·

164 1138 166 1144 ’
216 1142 247 1188 et
265 1129 323 1186 laec
348 1127 477 1185 licentia
504 1125 679 1210 Episcopi,
730 1122 780 1186 25.
810 1127 860 1186 De
877 1125 1050 1185 ministerio
1069 1119 1278 1200 regali,'quu-

213 1211 269 1269 vel
291 1211 356 1267 eius
372 1209 428 1291 qui
440 1209 479 1268 ub
496 1229 531 1268 eo
549 1229 605 1266 sua
616 1207 679 1266 vice
814 1209 843 1268 le
861 1211 911 1274 sit.
1125 1206 1129 1214 ’

206 1291 387 1374 fungitur,
449 1289 681 1350 Monasterium
730 1286 779 1351 26.
811 1289 907 1370 Quod
924 1291 956 1349 in
977 1285 1131 1366 eligendis
1149 1294 1179 1343 et
1201 1303 1278 1342 con-

215 1373 446 1434 Monaclzorum
467 1384 521 1448 aut
542 1372 681 1431 Canoni-
811 1372 977 1434 stituendis
1009 1367 1169 1430 Ecclesiae
1198 1365 1280 1442 1133-

36 1521 40 1526 ,
215 1475 323 1516 eorum
346 1453 640 1535 adireproesumat.
813 1456 954 1530 toribus,
991 1454 1104 1530 Regem
1134 1467 1278 1528 magnam

133 1560 184 1604 20.
214 1535 310 1618 Quod
331 1538 467 1618 pecunia
499 1537 518 1596 a
545 1555 683 1618 paupere
812 1537 1011 1616 vigilantiam
1053 1529 1204 1592 adhibere
1241 1549 1279 1590 o·
1315 1543 1316 1548 ’

215 1617 685 1696 nonsitexigeuelacumusura.
738 1665 739 1670 κ
811 1631 946 1704 posteat.
1157 1687 1159 1694 Α
1244 1645 1246 1648 ·

50 1719 54 1725 “
134 1725 184 1767 ns.
217 1700 421 1760 Dedioecsis
442 1702 596 1761 malorum
609 1697 683 1787 fla·
734 1721 783 1778 27.
811 1704 860 1762 De
881 1701 1013 1763 Albulis
1035 1691 1278 1766 constituendis.

213 1783 309 1864 giliis.
731 1784 780 1849 28.
809 1785 858 1844 De
871 1783 1070 1843 adiutoribus
1085 1775 1276 1860 reipublicae

134 1887 185 1931 22.
220 1869 267 1925 De
288 1865 360 1923 aliis
380 1864 463 1922 uitiis
482 1884 562 1945 quae
580 1863 613 1922 in
623 1884 681 1922 usu
812 1879 843 1926 et
863 1866 1016 1924 ministris
1035 1858 1198 1939 eligendis.

96 1965 117 1985 ·’
180 1949 343 2010 inmenens
366 1947 527 2007 Csemuss
550 1966 629 2018 ouss
654 1967 729 2006 suns
751 1969 962 2008 assensurus
983 1968 1040 2007 nnn
1053 1945 1234 2005 Psnocnrss
1264 2000 1269 2010 ,

517 2049 644 2087 nonusis
674 2049 900 2090 nusunrtsnns.

141 2113 183 2174 Ut
195 2110 286 2195 fidei
307 2122 501 2169 sacramento
530 2109 715 2192 baptizandi
739 2112 927 2176 imbuuntur.
970 2109 1016 2170 Et
1037 2119 1071 2167 ut
1090 2105 1217 2190 purvuli
1237 2103 1279 2165 cle
1332 2141 1334 2146 .

138 2197 238 2266 sacris
259 2191 403 2270 sontibus
425 2193 463 2252 alr
486 2192 535 2250 nis
558 2212 620 2250 nou
643 2195 877 2276 suscipiantur,
903 2191 951 2252 vel
972 2191 1112 2253 tornines
1136 2189 1181 2248 ad
1200 2209 1278 2248 con·

126 2276 350 2360 firmationem
372 2286 559 2344 teneantur,
583 2275 638 2356 qui
658 2277 692 2332 in
711 2275 839 2358 publica
867 2276 1062 2359 poenitentia
1096 2269 1200 2332 adhue
1230 2289 1282 2330 cu·

140 2375 158 2389 ·‘
419 2357 529 2416 nonice
551 2358 782 2418 inreconciliati
802 2369 993 2420 manserunt.

220 2437 246 2498 1.
289 2437 358 2496 Hoc
378 2437 617 2498 admonendum
640 2439 694 2500 vel
715 2440 976 2500 denuntiandum
1002 2434 1152 2498 fidelibus
1169 2455 1279 2494 neees-

144 2520 228 2582 sario
246 2519 484 2602 praevidimus,
507 2531 543 2580 ut
564 2519 598 2579 hi
624 2521 682 2602 qui
704 2521 800 2582 fidens
820 2522 940 2582 Christi
963 2528 1131 2604 expetunt,
1155 2525 1187 2578 et
1205 2537 1280 2598 pro·
1358 2565 1360 2568 .

134 2607 238 2664 fectae
261 2603 371 2662 aetatis
392 2613 488 2679 sunt,
510 2604 699 2686 priusquam
713 2605 752 2664 ad
769 2604 963 2686 baptismum
984 2603 1140 2664 accedunt
1160 2598 1280 2660 instru-

136 2696 233 2746 antur
253 2695 285 2744 et
302 2683 380 2744 fidei
399 2694 432 2745 et
451 2687 647 2768 baptismatis
668 2695 879 2747 sacramento·
919 2685 1076 2747 Similiter
1095 2692 1126 2743 et
1144 2680 1194 2742 illi
1225 2681 1280 2739 in-

134 2767 284 2830 struendi
306 2775 383 2828 sunt
401 2768 456 2850 qni
473 2770 624 2850 parvulos
643 2769 682 2830 de
701 2791 791 2829 sacro
811 2770 900 2829 fonte
917 2767 1080 2850 suscipere
1101 2760 1279 2840 voluerint,

136 2861 173 2910 ut
192 2850 434 2930 intellegantet
457 2851 522 2910 vim
548 2850 693 2912 eiusdem
715 2851 925 2930 sacramenti,
957 2860 989 2912 et
1015 2849 1096 2930 quid
1118 2869 1177 2929 pro
1205 2845 1277 2905 aliis

137 2932 387 3014 spoponderint,
412 2932 464 2992 vel
487 2954 545 3012 pro
564 2955 629 3015 quo
648 2933 851 2994 fideiussores
868 2933 1043 2997 extiterint.
1077 2931 1154 2990 lllos
1170 2939 1277 2988 tamen

136 3013 377 3095 specialiterpb
396 3014 446 3074 his
467 3015 579 3078 officiis
594 3016 807 3077 removendos
835 3014 1034 3092 iudicamus,
1057 3035 1097 3093 ne
1130 3012 1209 3072 alios
1235 3010 1277 3070 de

137 3105 338 3179 sacrosancto
362 3098 450 3156 fonte
470 3098 666 3178 baptismatis
684 3099 878 3180 suscipiant,
903 3121 964 3159 nee
980 3098 1076 3158 etiam
1100 3095 1140 3155 ad
1168 3093 1277 3175 perci-

135 3177 293 3262 piendum
315 3179 412 3238 sancti
432 3179 569 3261 Spiritus
589 3181 709 3240 donum
722 3181 994 3261 oliorumpatroni
1010 3179 1160 3253 existant,
1173 3175 1229 3257 qui
1245 3183 1277 3235 et

137 3261 362 3320 communione
371 3261 524 3323 canonica
535 3262 650 3344 privati
662 3271 693 3322 et
702 3263 1074 3345 poenitentiaepublieae
1087 3269 1160 3321 sunt
1169 3259 1279 3320 subae-

135 3342 172 3418 ti,
185 3343 288 3402 slonee
299 3364 354 3423 per
369 3345 587 3424 poenitentiae
601 3338 848 3406 satisfactionem
858 3345 1156 3406 reconciliationem
1171 3363 1278 3402 mere-

137 3425 1278 3501 antur.QuosenimlexdivinaetcanonieaauctoritasabEcclesiar'um

137 3506 305 3568 liminibus
331 3517 362 3568 et
390 3510 535 3570 icastris
553 3511 763 3586 militaribus,
788 3512 938 3570 neruine
969 3512 1032 3572 sint
1059 3509 1192 3590 populi,
1224 3528 1278 3568 se-

136 3599 299 3670 questrat,
322 3592 425 3650 multo
444 3593 541 3674 magis
559 3591 665 3652 abhis
690 3593 787 3654 sacris
810 3593 921 3656 officiis
952 3614 1053 3675 usque
1083 3593 1124 3652 ad
1149 3601 1276 3672 tempus

135 3673 376 3752 poenitentiae,
401 3683 436 3734 nt
456 3677 519 3735 iam
535 3675 659 3736 dietum
682 3685 753 3755 est,
775 3688 952 3759 peractum,
974 3685 1051 3738 sunt
1067 3683 1277 3757 sequestran-

137 3754 183 3814 di.
228 3755 264 3816 V
260 3761 287 3816 I.
307 3757 373 3816 182.

318 3839 387 3919 Quo
410 3850 549 3922 tempore
572 3839 726 3922 baptismo
748 3841 903 3903 celebrari
923 3851 1074 3924 oporteat.

218 3916 264 3978 11.
306 3921 349 3978 Ut
370 3929 458 3981 extra
483 3929 598 3981 statuta
621 3931 771 4004 tempora
800 3926 969 3984 Canonum
996 3918 1184 4001 baptismata
1209 3939 1274 3978 non

137 3998 361 4061 celebrentur:
386 4003 462 4083 quia
482 4005 563 4063 sacri
582 4005 729 4066 Canones
745 4004 807 4065 hoc
823 4007 925 4068 modis
943 4005 1112 4077 omnibuS,
1135 4003 1196 4063 nisi
1219 4002 1276 4060 ali-

137 4083 228 4161 quod
241 4082 424 4162 periculum
443 4085 606 4162 institerit,
629 4087 699 4147 fieri
721 4087 908 4169 prohibent;
933 4090 965 4146 in
987 4097 1112 4148 tantum
1127 4095 1162 4144 ut
1177 4085 1274 4146 etiam

137 4165 265 4246 eosqui
291 4166 356 4227 alio
384 4177 528 4252 tempore
556 4167 777 4254 baptizantur,
813 4171 832 4232 sl
865 4171 1015 4254 gradibus
1048 4166 1274 4233 ecelesiasticis

135 4256 278 4309 arceant.
887 4269 889 4278 ’
952 4282 953 4288 1
1242 4256 1245 4258 ’
