2926 4986
220 293 294 370 754
317 357 321 366 .
638 303 927 365 carrrucsnrun

221 461 254 514 et
277 471 342 512 non
364 445 542 511 seeundum
591 445 722 509 laeitum
746 446 904 524 hominis,
932 446 989 509 sed
1010 446 1188 509 secundum
1207 437 1271 508 'nei
1294 467 1356 507 vo·

219 536 388 596 luntatem.
429 529 496 592 Nec
514 531 548 590 in
567 467 628 591 iac
643 540 732 612 purte
751 531 902 590 voluntas
925 541 980 594 sut
998 529 1098 612 gratia
1120 529 1258 590 hominis
1282 549 1357 589 sec-

219 615 318 678 tanda
345 623 413 691 est,
442 611 499 673 sed
518 612 666 674 voluutas
688 611 749 674 Dei
773 613 805 671 io
826 611 973 674 omnibus
1001 612 1221 694 exquirenda;
1244 609 1358 694 quati-

220 721 282 760 nus
301 696 407 780 dignis
433 694 583 773 precibus
605 703 638 755 et
657 694 869 778 poenitudine
897 693 994 778 digne
1013 695 1134 777 placari
1162 695 1262 777 possit
1283 715 1358 756 om-

221 778 398 865 nipotentis
420 775 484 839 Dei
503 775 657 854 vindicta,
681 799 778 859 quam
799 799 858 839 suo
879 778 960 840 vitio
982 778 1181 862 provocavit.

220 889 271 951 De
293 888 342 945 tis
364 885 420 967 qui
435 885 525 964 prius
540 901 604 944 non
619 883 765 944 habentes
781 881 901 958 odium,
922 882 989 952 sed¹
1005 905 1038 944 se
1056 882 1275 965 defendentes,
1298 883 1359 943 ati-

270 989 361 1052 quem
381 964 566 1038 occiderint,
580 965 717 1046 qualiter
729 964 918 1044 corrigenda
930 969 972 1026 sit
985 969 1135 1054 temporis
1148 967 1316 1028 institutio.

304 1067 532 1135 CCCLXXX.
575 1069 608 1130 Si
632 1068 704 1150 quis
727 1069 837 1151 quiete
863 1071 1010 1154 gradiens
1032 1094 1092 1155 per
1113 1073 1221 1152 niam,
1250 1081 1306 1134 ant
1331 1073 1359 1134 si
1443 1063 1445 1130 l

220 1157 317 1226 etiam
343 1155 377 1214 in
403 1153 497 1214 domo
521 1175 577 1214 sua
600 1153 716 1230 fuerit,
738 1163 793 1213 aut
818 1151 851 1212 in
875 1155 980 1236 platea
999 1155 1150 1232 civitatis,
1172 1167 1226 1216 aut
1246 1157 1280 1216 in
1296 1155 1389 1218 vil-'

221 1241 263 1319 la,
285 1237 391 1301 subito
409 1245 463 1294 aut
484 1235 523 1296 ab
547 1233 611 1296 alio
635 1246 861 1316 superventus,
880 1246 935 1296 aut
958 1237 1025 1298 litis
1049 1241 1275 1316 commotione,
1297 1261 1360 1300 vo-

220 1322 291 1384 lens
317 1343 350 1382 se
374 1319 570 1395 defendere,
607 1341 671 1378 non
700 1317 820 1380 habens
846 1329 959 1379 contra
990 1320 1086 1380 illum
1112 1331 1205 1382 autea
1231 1321 1359 1398 odium,

220 1402 424 1465 interfecerit
444 1400 619 1479 hominem,
643 1411 766 1486 septem
783 1401 877 1463 annis
901 1403 1082 1463 secundum
1099 1404 1287 1464 canonicam
1309 1404 1359 1462 in-

221 1487 422 1550 stitutionem
442 1483 624 1564 poeniteat,
647 1492 710 1544 tres
732 1503 809 1544 vero
830 1485 1056 1544 communione
1078 1486 1242 1567 privetur;
1274 1507 1358 1568 qua·

220 1581 296 1633 tuor
316 1575 423 1628 autem
446 1566 479 1624 in
500 1565 727 1626 communione
743 1566 926 1628 orationum
948 1577 981 1628 et
1004 1567 1204 1629 oblationum
1230 1589 1360 1652 suscep-

220 1661 282 1726 tus,
305 1651 338 1710 in
360 1649 542 1709 Sacerdotis
570 1648 710 1733 pendeat
737 1647 869 1709 arbitrio
893 1659 1001 1710 utrum
1028 1650 1145 1732 dignus
1169 1651 1211 1712 sit
1238 1672 1358 1734 corpus

221 1732 341 1797 Christi
356 1731 513 1810 accipere,
529 1740 584 1790 aut
602 1753 703 1811 usque
718 1729 755 1790 ad
768 1730 1009 1811 plenitudinem
1023 1734 1242 1813 poenitentiae
1259 1734 1298 1793 ab
1318 1755 1358 1793 eo
1444 1765 1445 1772 ι

221 1814 371 1896 separari.
412 1813 614 1874 Abstinentiae
635 1813 781 1873 ciborum
805 1813 838 1872 in
860 1815 1066 1896 providentia
1086 1815 1268 1876 Sacerdotis
1294 1816 1358 1876 erit

220 1896 399 1958 seeundum
421 1895 667 1975 possibilitatem
680 1894 888 1979 poenitentis,
910 1906 945 1957 et
959 1897 1141 1960 devotionis
1156 1907 1189 1960 et
1205 1898 1357 1960 affectum

221 1982 445 2061 lacrymarum.

229 2086 294 2145 'De
315 2082 445 2144 muliere
466 2099 545 2164 quae
564 2077 858 2226 duobusdsratrilpps
876 2089 1030 2170 nupserit,
1052 2101 1084 2150 et
1102 2089 1143 2170 de
1159 2088 1232 2149 viro
1255 2088 1335 2159 eius,

226 2185 230 2191 ’
650 2185 680 2221 ιιι
727 2187 804 2224 aen
831 2189 881 2227 nm
903 2170 953 2234 sit.

304 2242 538 2311 CCCLXXXI.
579 2182 700 2305 Muiier
720 2186 803 2329 qiiae
823 2248 947 2310 dnobus
962 2249 1113 2312 fratribus
1132 2249 1289 2333 nupserit,
1304 2249 1358 2309 ah·

221 2333 265 2398 ici
284 2332 379 2395 debet
403 2327 566 2408 usquead
590 2324 675 2387 diem
693 2329 813 2390 mortis.
856 2331 941 2408 Sed,
964 2343 1096 2414 propter
1123 2333 1359 2394 humanitatem

220 2417 256 2478 in
278 2414 429 2479 extremis
457 2408 524 2470 snis
552 2409 756 2471 sacramentis
781 2413 987 2474 reconciliari
1019 2423 1160 2498 oportet;
1183 2416 1227 2474 ita
1246 2425 1357 2474 tamen

220 2509 257 2562 ut
277 2498 367 2582 prius
383 2495 527 2556 solvatur
550 2490 757 2572 coniugium,
780 2503 813 2554 et
831 2507 957 2556 maneat
982 2500 1136 2580 innupta,
1160 2507 1193 2559 et
1214 2497 1266 2558 vir
1287 2497 1357 2557 cius

221 2583 340 2663 absque
363 2596 464 2638 uxore
483 2573 580 2635 simili
607 2575 829 2655 poenitentiae
849 2577 890 2638 sit
914 2579 1070 2641 subditus.
1119 2580 1217 2658 Quod
1242 2578 1268 2640 si
1290 2578 1357 2639 duo

220 2667 336 2728 fratres
352 2682 426 2722 cum
450 2679 515 2717 una
535 2655 655 2718 femina
675 2657 825 2719 fornicati
843 2660 984 2739 fuerint,
1007 2662 1189 2724 nescientes
1210 2662 1296 2722 alter
1313 2662 1360 2721 al-

219 2747 323 2811 terius
342 2739 608 2815 fornicationem,
637 2739 743 2800 statim
765 2749 801 2799 ut
824 2743 1040 2824 cognoverint
1060 2745 1275 2820 adulterium,
1298 2743 1359 2823 qui

222 2852 292 2895 eam
304 2827 402 2886 habet
421 2843 568 2897 uxorem,
592 2820 740 2882 dimittat.
781 2822 824 2883 Et
842 2823 898 2888 ille
912 2824 1057 2906 quidem,
1079 2838 1150 2910 post
1166 2836 1269 2887 actam
1283 2847 1359 2907 poe.

221 2909 402 2982 nitentiam,
425 2905 451 2966 si
472 2924 557 2964 uxor
572 2903 726 2963 defuncto
742 2903 862 2983 fuerit,
885 2917 992 2988 potest
1020 2909 1113 2972 alteri
1135 2909 1251 2972 sociari
1259 2933 1268 2980 ;
1298 2907 1358 2968 illn

222 2993 367 3068 vivente,
390 3007 539 3068 nequam.
581 2985 643 3046 llla
659 3005 736 3047 vero
754 3006 919 3070 nunquam
941 2991 1077 3054 ulterius
1094 2992 1214 3074 poterit
1229 2992 1264 3050 iu
1282 3011 1360 3050 eon-

221 3075 348 3158 iugium
369 3067 499 3139 assumi;
522 3075 555 3128 et
567 3065 633 3148 iugi
651 3067 870 3148 poeniteutiae
892 3073 1056 3154 submissa,
1077 3077 1118 3138 ad
1141 3072 1358 3139 exitumvitue

225 3151 461 3222 communionis
482 3148 614 3234 gratiam
635 3148 801 3232 percipiat.

391 3258 440 3317 De
459 3254 641 3316 mulieribus
655 3268 686 3315 et
697 3255 779 3314 uiris
794 3253 932 3338 infantes
947 3246 1202 3345 opprimentibus.

312 3357 575 3428 CCCLXXXII.
617 3359 738 3420 Mulier
759 3381 843 3442 quae
863 3362 1025 3428 dormiens
1052 3365 1156 3428 lilium
1183 3389 1278 3430 suum
1298 3389 1357 3464 pp,

140 3495 141 3500 κ
225 3447 390 3539 presserit,
412 3454 444 3506 et
464 3450 609 3502 mortuus
629 3441 748 3519 fuerit,
773 3463 830 3504 sex
858 3445 951 3508 annis
978 3449 1151 3530 poeniteat.
1194 3451 1255 3515 Vir
1277 3472 1357 3527 erus,

226 3537 254 3600 si
278 3534 313 3593 in
332 3531 428 3592 domo
449 3525 537 3585 illius
559 3523 633 3600 fuit,
656 3533 803 3605 quatuor.
845 3526 880 3588 si
903 3527 1035 3612 veroin
1051 3551 1118 3592 uno
1135 3533 1234 3605 lecto,
1260 3531 1358 3595 simili

226 3615 324 3680 modo
348 3608 523 3694 poeniteat,
552 3606 633 3684 duos
657 3605 690 3665 in
713 3627 795 3688 pane
814 3617 849 3668 et
873 3632 974 3692 aqua,
996 3612 1141 3694 reliquos
1158 3625 1297 3697 quatuor
1313 3635 1359 3676 se·

228 3697 373 3764 cundum
391 3690 479 3775 quod
502 3687 658 3751 Sacerdos
682 3685 756 3750 illos
779 3689 899 3754 viderit
916 3715 1028 3778 posse,
1051 3696 1277 3760 abstinentiam
1298 3696 1357 3758 im·

229 3788 329 3869 ponat
349 3775 505 3838 ciborum.
679 3787 682 3798 ¹
1442 3771 1443 3788 ¹

233 3892 283 3956 De
303 3882 433 3946 muliere
455 3897 533 3961 quae
556 3873 746 3936 adulteravit
762 3877 861 3938 virum
883 3899 985 3953 sunm,
1015 3881 1164 3946 similiter
1179 3895 1211 3944 et
1232 3882 1273 3944 de
1294 3886 1358 3947 viro

231 3973 287 4058 qm·
299 3982 433 4030 uxorem
444 3980 531 4020 suam
550 3957 750 4036 adulteravit,
769 3959 906 4040 qualiter
918 3961 958 4022 de
974 3963 1123 4024 ambobus
1138 3965 1294 4046 agendum
1309 3970 1359 4030 sit.

239 4107 257 4124 ‚v
304 4061 570 4136 CCCLXXXII
592 4063 651 4130 bie.
692 4062 819 4137 Mulier,
835 4063 957 4128 habens
979 4066 1096 4147 virum,
1117 4069 1145 4131 si
1166 4070 1359 4133 adulterium

258 4148 479 4246 orpetraverlt,
501 4154 535 4208 et
553 4145 740 4242 sepulte-ad
754 4146 989 4208 confessionem
1005 4151 1146 4229 venerit,
1167 4163 1292 4236 septem
1308 4177 1360 4216 an.

210 4257 214 4264 ·
237 4263 296 4310 nos
317 4240 492 4324 poeniteat,
513 4238 579 4290 tres
596 4247 631 4289 ιιι
651 4245 735 4313 pene
752 4236 786 4292 et
803 4247 904 4312 squas
925 4240 1068 4298 caeteros
1083 4243 1225 4318 quatuor
1238 4235 1273 4299 in
1290 4255 1360 4324 pro·
