2926 4984
201 305 275 381 tos

243 467 293 547 57.
313 460 362 524 De
375 484 410 526 eo
434 463 489 548 qui
508 461 677 548 confitetur
697 463 737 524 de

304 569 443 612 crimine.

243 631 292 694 38.
315 629 364 689 De
382 631 494 696 usuris,

242 713 293 795 59.
314 713 362 772 Dc
377 713 558 786 Comitibus,
568 725 602 774 ut
622 714 738 773 Minis·

227 817 228 824 ¹
305 797 362 854 tris
375 795 535 856 Ecclesiae
552 799 585 856 in
601 798 664 856 suis
682 797 738 855 mi·

301 879 440 938 nistoriis
461 879 622 940 adiutores
643 879 714 943 sint.

240 961 291 1036 4ο.
318 961 362 1019 De
381 960 580 1021 ordinatione
601 962 737 1038 Presby-

302 1056 447 1106 terarum.

240 1124 291 1200 4¹·
315 1127 363 1184 De
391 1125 605 1205 Presbyteris,
633 1128 735 1210 quali-

303 1221 352 1268 ter
375 1209 534 1270 Ecclesiae
575 1211 736 1270 introitum

298 1301 535 1373 consequantur.

239 1371 290 1446 42.
311 1373 360 1432 De
378 1395 440 1433 non
462 1373 601 1450 cogendo
622 1375 735 1440 bibere.

238 1455 288 1530 45.
310 1456 365 1514 De
376 1453 595 1528 presbyteris,
626 1481 645 1516 a
665 1459 736 1538 qui·
810 1500 814 1518 -.

301 1539 356 1598 bus
372 1558 431 1619 per
447 1533 603 1597 Ecclesiae
618 1540 736 1599 consti·

300 1633 436 1684 tuantur,

236 1699 287 1776 44.
312 1702 359 1760 De
384 1704 500 1761 bonore
516 1701 735 1784 proEcclesiis

300 1783 416 1848 dando.

179 1931 183 1938 ,
234 1861 286 1939 45.
308 1867 357 1926 De
366 1864 494 1925 decimis
505 1865 733 1949 dispensandis.

234 1946 286 2021 46.
307 1948 356 2007 De
376 1947 526 2008 Ecclesiis
545 1951 599 2008 uel
622 1952 734 2011 altari-

298 2031 354 2091 bus
376 2030 632 2097 immeliorandis.

234 2111 286 2192 47.
308 2113 357 2172 De
378 2109 529 2174 Ecclesiis
549 2114 604 2172 vel
620 2114 733 2174 altari-

299 2196 354 2255 bus
370 2195 529 2272 ambiguis.

125 2339 128 2345 .
225 2267 284 2353 ’48
306 2278 354 2337 De
368 2277 471 2336 linteis
478 2276 628 2338 altaribus
636 2298 732 2361 prae-

292 2357 456 2442 parandis·

233 2440 286 2524 49.
308 2443 357 2502 De
377 2441 578 2522 parochianis
602 2442 730 2502 alterius

294 2523 485 2599 Presbyteri.

234 2603 284 2673 50.
298 2607 347 2664 De
354 2606 720 2688 parocbiaalteriusPres

299 2689 408 2763 byteri.

234 2770 285 2835 51.
307 2771 355 2829 De
370 2769 731 2837 terminoEcclesiarum.

234 2852 286 2917 52.
308 2853 357 2912 De
367 2853 457 2914 rebus
466 2853 732 2928 Presbyterorum.

237 2935 287 2998 53.
312 2936 360 2995 De
373 2935 733 3016 poenitentibusnonco-

272 3035 274 3038 ·
296 3017 406 3097 gendis
427 3017 535 3075 vinum
554 3017 668 3082 bibere.

237 3098 287 3176 54.
309 3101 357 3160 De
372 3094 604 3174 Presbyterisla
621 3101 731 3183 quibus

299 3203 330 3240 se
349 3193 488 3240 caueant.

236 3260 286 3328 55.
308 3266 356 3324 De
367 3262 627 3346 Presbyterisqui
637 3283 732 3342 agen·

296 3345 338 3406 da
354 3347 390 3406 in
406 3344 577 3425 domiciliis
597 3345 732 3406 celebra-

291 3428 406 3490 verint.

235 3507 285 3576 56,
303 3511 355 3580 De
366 3506 602 3588 praedicatione
620 3508 671 3578 'vel
682 3527 733 3570 co·

269 3601 273 3606 ’
292 3591 404 3676 pitulis
420 3590 688 3666 Presbyterorum.

233 3674 284 3754 57.
304 3675 353 3733 De
373 3671 581 3737 Eucharistiae.

234 3756 284 3822 58.
305 3757 354 3815 De
384 3753 530 3834 ampullis
569 3755 667 3816 tribus
696 3755 730 3814 in

296 3837 398 3898 Coena
414 3836 546 3896 Domini
567 3835 728 3900 habendis.

233 3921 283 4004 59.
309 3915 350 3980 Ut
373 3937 477 3977 omnes
501 3917 615 3977 Clerici
633 3917 729 4002 Epis-

229 4085 271 4146 a
294 4000 698 4144 blittlt‘tltliltt

229 4167 280 4232 61.
303 4167 351 4225 De
367 4185 402 4223 eo
418 4162 473 4244 qui
484 4185 547 4224 aon
561 4159 730 4246 confitetur

293 4243 727 4330 DeiVerbumpassumcarne

590 295 878 385 certtutsmuu

829 462 879 529 62.
901 465 951 526 De
968 469 1062 532 modo
1080 477 1329 538 excommunica-

893 550 997 628 tionis,
1026 569 1090 614 tam
1117 559 1157 618 de
1181 557 1326 632 Clericis,

890 651 982 711 quam
1005 636 1044 697 de
1065 639 1164 708 laicis,

827 711 876 783 63.
899 713 948 772 De
956 718 1004 775 liis
1012 721 1068 799 qui
1075 722 1224 800 &synodo
1237 726 1291 787 vel
1307 729 1328 787 la

868 816 923 855 suo
931 797 1087 884 Episcopo
1096 805 1237 866 damnati
1244 823 1326 875 sunt.

826 875 876 952 64.
898 878 945 938 De
974 881 1138 968 Episcopis
1173 890 1227 947 aet
1254 894 1327 974 qui-

889 960 1020 1024 buslibet
1041 989 1083 1027 ex
1107 969 1207 1035 Clero.

828 1041 878 1104 65.
903 1044 947 1100 De
966 1043 1017 1105 die
1044 1050 1221 1124 dominica,
1245 1075 1324 1136 qua-

890 1125 962 1186 liter
977 1131 1174 1192 observanda
1194 1150 1249 1202 est.

826 1204 876 1270 66.
899 1207 946 1266 De
982 1210 1096 1289 ignotis
1133 1217 1324 1296 Angelorum

889 1293 1072 1357 nominibus.

827 1367 876 1450 67.
898 1372 947 1431 De
973 1379 1177 1453 mulieribus,
1213 1403 1251 1442 ne
1282 1383 1328 1443 ad

887 1454 985 1514 altore
1008 1461 1167 1529 accedant,

826 1533 876 1599 68.
897 1536 1118 1625 DeEpiscopis
1136 1543 1325 1607 ordinandis

887 1619 942 1676 cel
958 1625 1147 1702 quibuslibet
1165 1649 1207 1688 ex
1222 1628 1323 1693 Clero.

826 1696 876 1778 69.
896 1701 945 1759 De
961 1707 1113 1789 maleficis
1133 1711 1187 1770 vel
1212 1712 1323 1771 incan-

840 1792 843 1796 ’
888 1787 1049 1853 tatoribus.

826 1883 875 1941 70.
894 1865 944 1960 lle
976 1874 1099 1949 negotio
1131 1874 1325 1936 Clericorum

887 1957 971 2007 enter
989 1973 1030 2011 se.
1313 1966 1318 1972 “

824 2046 873 2106 7¹·
895 2029 943 2090 De
971 2039 1203 2119 conspiratione
1221 2036 1323 2097 Cleri-

886 2131 993 2178 eorum
1020 2119 1075 2177 vel
1094 2121 1322 2180 Monachorum

883 2213 937 2251 seu
951 2197 1127 2266 Laicorumss
1287 2247 1290 2251 -

824 2294 872 2355 72.
895 2276 943 2336 De
960 2277 1036 2361 fide
1065 2297 1187 2345 sanctae
1212 2285 1321 2345 Trini-

886 2361 958 2418 tatis
973 2364 1199 2445 praedicanda.

821 2439 869 2518 73.
891 2442 940 2500 De
959 2445 1008 2502 lais
1026 2449 1119 2527 quise
1133 2460 1318 2509 conuertunt

882 2523 926 2581 ad
942 2525 1049 2592 Deum.

822 2605 870 2683 74.
894 2607 1005 2666 Deliis
1023 2611 1152 2690 quinon
1174 2625 1245 2670 suat
1266 2613 1318 2673 bo·

881 2709 938 2748 nae
953 2693 1210 2758 conversationis.

822 2765 870 2847 75.
892 2772 940 2830 De
959 2773 1007 2829 liis
1026 2775 1164 2854 quicum
1187 2795 1317 2836 excom·

881 2853 1035 2915 municato
1073 2860 1318 2918 communicave-

883 2947 965 2999 runt.

821 3009 870 3096 76.
892 3017 940 3075 De
973 3019 1161 3082 subiectione
1184 3024 1318 3100 Presby-

882 3111 1030 3164 terarum.

820 3200 868 3261 77.
890 3182 939 3240 De
970 3182 1092 3244 clericis
1113 3186 1317 3247 ecclesiastici

885 3262 1016 3322 ordinis.

820 3343 870 3426 78.
883 3343 1213 3424 Desalsisnominibus
1222 3351 1318 3410 Sanc·

879 3438 990 3490 lorum.

819 3527 878 3590 79..
891 3509 939 3572 De
955 3527 1056 3568 uxore
1068 3511 1087 3568 la
1098 3512 1164 3570 viro
1175 3511 1314 3572 dimissa.

817 3591 870 3656 So.
889 3592 944 3654 Dev
965 3591 1075 3651 oblatis
1090 3613 1272 3674 pauperum,

818 3671 870 3738 810
892 3675 938 3732 De
951 3674 1076 3732 ieiuniis
1098 3674 1313 3734 &Sacerdoti-

880 3755 935 3814 bus
959 3757 1145 3819 constitutis.
1212 3829 1214 3834 Ι

818 3835 868 3900 82.
891 3837 939 3895 De
965 3837 1013 3894 leis
1042 3839 1098 3921 qui
1123 3851 1232 3898 contra
1257 3860 1315 3898 na-

879 3931 980 3977 turam
991 3932 1131 4000 peccant,

817 3999 867 4062 85.
889 4003 937 4059 De
945 4002 1120 4062 nominibus
1135 4002 1314 4068 recitandis.

787 4140 789 4146 ,
818 4081 868 4159 84.
890 4082 938 4141 De
961 4081 1120 4144 Canonum
1137 4085 1314 4144 institutisia

879 4163 1077 4239 Presbyteris
1121 4185 1184 4226 non
1223 4163 1313 4243 igno·

876 4244 997 4310 randis.
