2926 4986
226 301 299 376 722
680 317 968 380 carnotenum
988 329 990 336 ⁴

223 458 325 520 nium.
368 457 406 518 In
423 476 517 519 causa
529 427 658 544 ospitati
671 455 783 525 obrem
799 477 894 524 nemo
910 458 1089 523 damnetur.
1108 456 1221 542 Neque
1240 455 1357 520 absens

224 539 402 626 peculiam
420 547 638 602 accusatorem
660 541 802 604 accusari
819 551 935 625 potest.

389 645 495 732 ¹Quid
512 643 553 707 de
573 645 766 710 delatoribus
778 646 938 733 fidelibus
957 643 1111 730 agendam
1128 647 1179 709 sit.
1216 603 1220 612 Ι

305 750 405 817 CCV.
445 752 580 814 Delatus
604 751 631 813 si
644 751 876 834 quis'extiterit
889 753 1004 832 fidelis,
1028 763 1058 815 et
1076 774 1137 837 per
1157 751 1357 814 delationem

209 834 293 898 'elus
311 833 429 916 aliquis
462 835 563 896 fuerit
585 833 799 919 praescriptus
821 835 872 898 vel
907 835 1108 916 interfectus,
1131 834 1258 922 placuit
1278 858 1355 899 eum

211 940 285 980 ·nee
300 918 335 978 iu
357 917 456 978 finem
470 917 616 1001 accipere
636 917 905 986 communionem.

211 1015 218 1106 Δ,
241 1027 291 1090 De
311 1022 536 1104 Sacerdotibus
558 1021 607 1084 vel
633 1023 763 1084 Clericis
782 1025 838 1108 qui
852 1046 913 1110 per
937 1024 1087 1109 pecunias
1113 1017 1249 1087 aliorum
1269 1024 1336 1085 Sa-

262 1104 427 1170 cerdotem
438 1105 597 1166 Ecclesiae
610 1118 665 1166 ant
677 1104 831 1190 beneficia
849 1108 1029 1190 subripiunt
1047 1107 1096 1170 vel
1116 1109 1313 1170 subvertant.

256 1279 259 1288 ,
302 1211 417 1278 CCVI.
459 1210 626 1272 Saucitum
655 1219 703 1272 est
733 1221 829 1293 atque
858 1213 1007 1274 omnibus
1033 1211 1234 1295 prohibitum
1265 1221 1303 1272 ut
1325 1211 1354 1272 si

219 1295 292 1382 quIs
311 1294 483 1377 Presbyter
500 1300 695 1375 praeventus
712 1294 812 1354 fuerit
831 1294 927 1355 alicui
944 1295 1072 1356 Clerico
1096 1306 1152 1355 aut
1166 1293 1263 1355 Laico
1278 1316 1354 1354 mu-

218 1399 299 1441 nera
323 1377 418 1454 dure,
440 1384 496 1436 aut
510 1374 836 1458 aliquam-pecuniam
857 1378 1018 1455 tribuere,
1043 1387 1080 1438 ut
1102 1376 1234 1438 alterius
1253 1377 1354 1457 Pres-

209 1460 323 1544 byteri
343 1457 522 1524 Ecclesiam
534 1457 701 1541 subripiet,
715 1479 775 1540 pro
797 1458 858 1520 hac
875 1460 1051 1540 eupiditate
1064 1482 1122 1522 seu
1134 1458 1257 1540 rapina,
1277 1469 1354 1520 tur-

241 1545 267 1606 Is
288 1540 373 1603 lucri
395 1540 511 1623 gratia,
535 1539 692 1602 deiciatur
715 1539 835 1603 deiero
848 1553 880 1604 et
901 1542 1028 1604 alienus
1053 1541 1204 1604 existatd
1224 1541 1352 1622 regula.

215 1566 297 1687 Eam
324 1623 351 1685 si
373 1646 432 1704 pro
458 1621 680 1698 misericordia
705 1622 867 1706 Episcopo
885 1625 1052 1707 ,placuerit
1079 1625 1178 1706 Iougo
1201 1630 1352 1705 tempore

217 1727 293 1769 eum
310 1703 510 1789 poenitendo
534 1725 617 1786 quae
647 1705 743 1788 gessit
768 1705 801 1764 in
824 1708 960 1769 carceris
982 1729 1136 1782 aerumna
1163 1705 1352 1782 recludere,

215 1798 250 1849 et
272 1808 374 1871 usque
391 1787 430 1848 ud
448 1786 696 1848 satisfactionem
712 1788 756 1848 ibi
769 1787 922 1866 retinere,
944 1789 1049 1858 liceat.
1090 1791 1133 1850 Et
1145 1798 1255 1870 postea
1269 1787 1297 1848 si
1314 1808 1352 1848 se

216 1867 406 1942 correxerit,
425 1877 458 1930 et
478 1868 538 1928 alia
563 1869 716 1955 deinceps
742 1871 873 1932 minime
896 1873 1055 1935 sefacere
1077 1871 1270 1954 promiserit,
1289 1868 1353 1928 hu-

215 1952 342 2014 manius
365 1971 441 2032 erga
470 1972 544 2011 eum
565 1973 660 2036 agere
683 1953 813 2038 poterit,
834 1954 862 2016 si
889 1953 1047 2034 voluerit,
1076 1963 1108 2016 et
1132 1951 1351 2038 ipsedignus

215 2034 370 2100 iuventus
391 2032 501 2095 fuerit.

212 2139 262 2203 Ut
282 2139 446 2200 Seculares
466 2138 607 2222 deuoiris
634 2141 703 2206 Dec
731 2144 858 2220 dicatis,
880 2145 1101 2232 Ecclesiaeque
1113 2143 1348 2229 facultatibus,

209 2235 214 2244 '
265 2221 361 2286 adse
382 2223 466 2283 nibil
481 2235 592 2308 putent
609 2228 769 2307 pertinere
787 2243 916 2313 praeter
936 2232 1141 2292 reverentiam
1161 2229 1291 2288 taniam.

299 2327 430 2397 CCVII.
472 2330 626 2414 Synodali
654 2331 783 2394 decreto
804 2333 963 2396 sancitum
986 2344 1034 2397 est
1057 2357 1098 2396 ne
1123 2330 1199 2395 laici
1222 2331 1275 2393 vel
1293 2351 1347 2392 se-

212 2414 340 2489 culares
358 2413 398 2474 de
418 2411 496 2477 uiris
523 2415 593 2490 Deo
621 2414 755 2487 dicatis,
777 2415 1008 2499 Ecclesiaeque
1039 2414 1262 2490 facultatibus,
1291 2412 1352 2473 ali-

211 2496 293 2584 quid
310 2496 351 2558 ud
368 2517 401 2558 se
422 2503 539 2579 putent
561 2495 614 2558 vel
638 2509 844 2580 praesumant
864 2511 992 2578 praeter
1012 2499 1228 2562 reverentiam
1242 2495 1349 2578 perti-

211 2601 303 2656 nere,
325 2599 465 2662 quornm
485 2597 685 2660 quarumque
703 2579 930 2644 Sacerdotibus
948 2582 1141 2665 disponendi
1166 2579 1356 2640 indiscusse

211 2661 320 2722 bDeo
346 2681 424 2722 curu
445 2659 612 2722 commissa
637 2661 781 2728 docetur.
832 2663 957 2747 siquis
985 2673 1097 2726 contra
1130 2663 1212 2725 haec
1231 2659 1348 2724 veniue

209 2743 474 2828 praesumpserit,
496 2740 697 2804 anathemate
718 2744 863 2806 feriatur.
1108 2747 1117 2758 “

264 2849 314 2910 De
335 2849 437 2910 seruis
458 2848 666 2910 Domitiorum
680 2847 833 2930 facinora
854 2849 1005 2934 confessis
1026 2874 1090 2914 nou
1110 2849 1289 2914 audiendis.

296 2951 446 3020 CCVIII.
475 2952 523 3014 ·Si
539 2951 626 3016 servi
660 2952 805 3016 facinora
834 2956 1040 3019 dominorum
1070 2955 1209 3018 confessi
1246 2966 1346 3036 sunt,

211 3039 305 3103 nullo
327 3037 423 3098 modo
446 3035 630 3113 audiantur,
646 3035 708 3098 nisi
725 3037 809 3101 forte
832 3059 888 3102 eos
904 3061 977 3102 reos
996 3040 1143 3102 deferant
1162 3038 1346 3102 maiestatis.

146 3178 152 3184 ·
247 3143 336 3231 Quid
354 3141 395 3203 de
416 3141 593 3202 bominibus
620 3141 676 3225 qui
694 3163 848 3224 pauperes
868 3147 1046 3231 expoliant,
1069 3159 1101 3206 et
1121 3143 1306 3208 admonente

414 3221 574 3308 Episcopo
595 3245 658 3286 non
675 3225 889 3300 reddiderint,
912 3228 1067 3309 agendum
1086 3230 1138 3288 sit.

295 3328 412 3395 CCIX.
454 3328 576 3412 Siquis
595 3339 764 3413 potentum
784 3333 963 3414 quemlibet
981 3333 1205 3417 expoliaverit,
1236 3345 1269 3396 et
1290 3337 1355 3398 ad-‘

210 3423 364 3482 monente
377 3410 538 3495 Episcopo
554 3434 620 3472 non
630 3413 823 3494 reddiderit,
839 3418 1149 3500 excommunicetur,
1161 3415 1218 3481 VI.
1229 3417 1300 3500 319.

210 3526 259 3587 De
282 3522 331 3582 bis
359 3519 501 3603 quisine
528 3519 664 3578 iussione
691 3518 850 3605 Episcopi
870 3523 996 3584 Iudices
1025 3525 1180 3588 seculares
1208 3529 1342 3606 adeunt,

210 3617 264 3670 aar
284 3602 500 3671 sinelicentic
519 3613 549 3662 et
569 3600 685 3661 litteris
697 3601 855 3688 Episcopi
868 3608 919 3666 sui
935 3607 1191 3690 proficiscuntur.
1234 3613 1278 3674 Et
1299 3615 1342 3675 de

287 3739 289 3742 .
312 3683 417 3745 Laicis
436 3681 588 3744 Ecclesiis
609 3683 658 3743 vel
678 3683 809 3744 Clericis
829 3686 1018 3748 calumniam
1031 3688 1236 3769 facientibus.

216 3769 218 3774 ’
294 3763 394 3831 CCX.
438 3765 605 3826 Sancitum
632 3775 679 3828 est
706 3775 743 3827 ut
768 3767 941 3852 Presbyter
969 3762 1022 3832 re'l
1050 3771 1235 3854 Diaconos,
1269 3779 1341 3843 sive

209 3850 348 3938 quilibet
367 3845 513 3910 Clericus
533 3847 666 3930 regulae
691 3850 870 3932 subiectus,
900 3852 1084 3914 inconsulto
1111 3855 1272 3942 Episcopo
1300 3863 1343 3924 ad

208 3935 357 3998 Iudicem
373 3931 552 3992 secularem
573 3951 638 3991 nou
652 3940 774 4012 pergat.
815 3935 956 3998 Necnon
977 3944 1009 3996 et
1024 3935 1095 4006 hoc„
1108 3940 1266 4002 sancitum
1280 3954 1342 4022 est,

208 4017 324 4079 utsine
346 4013 481 4096 epistola
503 4010 654 4092 Episcopi
677 4013 728 4072 sui
753 4036 818 4075 non
839 4017 936 4078 liceat
958 4018 1124 4080 CIericum
1144 4022 1195 4084 'vel
1223 4027 1343 4088 Mona-

121 4093 125 4102 ’
209 4101 306 4163 chum
321 4095 491 4180 proficisci
532 4095 576 4154 Et
592 4093 669 4154 alibi
690 4094 723 4155 iu
755 4095 940 4162 Canonibus
962 4097 1081 4182 legitur
1107 4102 1171 4165 ita:
1198 4105 1343 4184 Presby-

208 4194 258 4243 ter
284 4192 340 4242 aut
371 4179 532 4254 Diocopus
564 4177 620 4240 vel
651 4175 791 4240 Clericus
819 4181 885 4240 sine
915 4178 1075 4246 Antiscios
1105 4187 1156 4246 sui
1195 4189 1340 4272 epistolis

206 4261 383 4336 amimam,
405 4258 652 4330 comumuiouem
672 4259 703 4322 ei
725 4261 829 4326 nullas
843 4262 1013 4350 impendat.
1053 4265 1225 4355 Simulque
1239 4279 1341 4334 statu-
