2926 4986
515 309 629 365 arnan
658 311 856 368 surrruos.
1183 303 1253 374 755

123 441 279 512 'videntia'
298 449 360 510 erit
389 448 569 510 Sacerdotis
593 449 732 531 qualiter
748 471 817 510 eam
835 450 955 513 uiderit
974 474 1083 535 posse;
1106 457 1199 519 etita
1222 459 1253 523 ri

122 533 273 594 ciborum
293 531 481 595 abstinentia
505 533 697 615 imponatur.
740 533 898 594 Similiter
911 543 943 594 et
966 537 1018 597 vir
1035 537 1155 600 hahens
1174 563 1254 604 uxo-

121 637 204 690 rem,
227 615 253 675 si
275 615 470 674 adulterium
489 615 731 698 perpetraverit,
753 616 871 692 faeiat,
895 617 1010 695 idest,
1032 642 1091 701 per
1108 623 1251 683 trienni·-

122 719 178 756 um
201 719 266 756 non
290 699 514 758 communicet.
558 699 591 758 Si
611 698 702 758 cuius
729 719 811 758 uxor
831 701 1026 760 adulterium
1046 715 1253 786 perpetrave-

121 780 177 855 rit,
201 789 232 838 et
249 779 311 839 boc
332 782 350 839 ai
372 781 441 840 viro
464 781 701 864 deprehensum
718 780 818 840 fuerit
837 790 870 841 et
885 781 1097 863 publicatum,
1116 787 1255 850 dimittat
1354 781 1355 786 ἵ

72 899 78 908 ·
121 883 268 938 uxorem,
280 862 306 922 si
329 862 480 940 voluerit,
502 875 634 946 propter
645 863 904 924 fornicationem
948 865 1007 926 Illa
1027 888 1115 944 vero,
1138 876 1266 930 seeun·'

122 945 201 1003 dum
221 944 310 1025 quod
331 945 478 1028 superius
504 947 660 1007 insertum
684 955 741 1022 est,
763 945 893 1025 publice
916 957 987 1026 agat
1010 951 1252 1028 poenitentiam.

123 1025 186 1088 Vir
206 1048 285 1088 vero
303 1028 389 1106 eius,
412 1027 469 1088 illa
483 1029 632 1104 vivente,
656 1029 841 1088 nullatenus
862 1028 992 1089 habebit
1013 1030 1177 1092 licentiam
1196 1035 1253 1094 ali·
1358 1029 1360 1033 ⁷
1461 1069 1462 1076 κ

123 1129 175 1166 am
197 1107 315 1170 ducere
338 1131 494 1171 uxorem„
525 1111 620 1188 Quod
646 1112 672 1172 si
698 1111 839 1171 voluerit
854 1111 1032 1172 adulteram
1052 1105 1112 1174 sibi
1134 1106 1251 1178 recon-

122 1189 248 1268 ciliari,
272 1192 436 1254 licentiam
459 1193 590 1271 habeat,
613 1193 656 1253 ita
679 1202 784 1252 tamen
807 1202 843 1252 ut
865 1193 985 1274 pariter
1004 1217 1078 1255 eum
1104 1196 1160 1256 illa
1177 1221 1251 1281 poe-

123 1272 296 1332 nitentiam
313 1286 392 1357 agat,
418 1285 449 1335 et
466 1285 576 1336 exacta
591 1275 811 1358 poenitentia,
834 1277 874 1336 ad
885 1277 1129 1339 ·commnnionis
1152 1281 1250 1360 grati-

122 1375 192 1430 am,
214 1356 297 1416 sicut
316 1358 463 1440 superius
484 1359 670 1419 continetur
686 1359 847 1434 insertam,
869 1359 998 1440 utrique
1019 1361 1181 1421 accedant.
1204 1362 1251 1423 Si-

120 1437 208 1497 milis
229 1440 331 1500 forma
350 1450 382 1501 et
401 1440 434 1498 in
452 1441 588 1501 muliere
609 1440 798 1504 servabitur.
842 1439 875 1500 Si
897 1463 966 1500 eam
996 1441 1050 1502 vir,
1069 1441 1137 1504 eius
1161 1444 1251 1504 adul·

120 1521 294 1600 terruerit,
321 1523 417 1582 habet
443 1532 633 1604 potestatem
655 1521 838 1582 dimittendi
865 1523 972 1584 virum
996 1535 1130 1606 propter
1145 1526 1251 1585 ¹forni-

119 1601 291 1667 entionem.
334 1608 462 1666 Maneat
489 1615 593 1666 tamen
616 1605 750 1686 innupta
775 1605 930 1686 quamdiu
952 1605 1003 1668 vir
1027 1608 1095 1666 eius
1115 1607 1249 1681 vixerit5
1334 1631 1335 1636 ¹

118 1685 198 1764 quia
223 1707 283 1746 nec
299 1686 354 1747 ille
376 1687 473 1749 habet
488 1697 678 1767 potestatem
696 1689 790 1748 aliam
814 1688 959 1769 accipere
981 1687 1082 1769 prima
1105 1689 1251 1768 vivente,

116 1767 182 1826 'nee
212 1767 269 1826 illa
296 1771 410 1851 primo.
478 1771 603 1831 Habent
631 1779 737 1831 tamen
761 1776 950 1854 potestatem
981 1770 1168 1854 semetipsos
1193 1793 1247 1834 re-

120 1849 321 1930 conciliari.'
1088 1921 1099 1930 Μ
1214 1857 1215 1862 ’

144 1953 187 2016 Ut
207 1956 252 2016 ad
272 1953 544 2040 confirmationem
570 1957 723 2043 Episcopi
747 1979 854 2018 omues
881 1955 994 2020 denote
1018 1961 1231 2036 conveniant!

203 2041 292 2120 eique
313 2060 391 2120 quiae
415 2042 591 2106 necessaria
612 2054 684 2100 sunt
705 2043 884 2100 ministrare
910 2063 974 2100 non
992 2039 1164 2121 neglegant.

202 2143 483 2207 CCCLXXXlll.
523 2147 739 2228 Praecipimus
770 2157 806 2219 ut
839 2147 880 2206 ad
906 2146 1148 2228 accipiendum,
1188 2174 1248 2234 per

118 2249 233 2288 munus
254 2227 420 2290 Pontifiois
450 2229 706 2311 impositionem,
738 2229 876 2311 Spiritus
900 2230 1001 2291 saneti
1035 2230 1156 2301 donum
1181 2236 1247 2294 sol-

118 2311 209 2371 licite
234 2319 266 2372 et
289 2312 405 2372 devote
432 2333 545 2372 omnes
563 2321 775 2383 concurrant,
800 2313 1012 2394 et'Episcopo
1027 2333 1083 2370 sua
1108 2335 1144 2374 ea
1164 2337 1246 2397 quae

119 2393 298 2454 necessaria
323 2404 398 2453 sunt
418 2393 558 2456 fideliter
579 2395 772 2473 ministrent,
796 2395 892 2478 eique
913 2395 953 2456 ab
976 2393 1124 2456 omnibus
1142 2407 1175 2456 et
1187 2419 1247 2480 per

116 2475 225 2536 omnia
246 2475 424 2536 obediatur.
763 2503 767 2510 ·

108 2581 166 2646 ,De
186 2581 391 2664 parvulorum
412 2583 631 2654 instructione,
660 2595 723 2642 tam
738 2579 830 2664 fidei
854 2591 885 2642 et
909 2578 1106 2664 baptismatis
1128 2599 1245 2664 myste-

387 2666 450 2736 rio,
473 2685 564 2748 quara
590 2665 690 2737 sanpti
712 2663 852 2748 Spiritus
879 2661 975 2730 dono.

198 2766 471 2832 CCCLXXXlV.
513 2767 1029 2850 Sciendumestomnibusquod
1051 2769 1244 2850 parvuliin-
1336 2804 1344 2820 s

111 2853 261 2913 struendi
278 2862 368 2928 sunt,
390 2873 463 2912 eum
486 2853 525 2913 ad
551 2851 792 2932 intelligibilem
810 2861 945 2912 aetatem
963 2851 1124 2928 venerint,
1145 2854 1177 2913 e't
1203 2853 1243 2915 do

113 2934 190 2996 atei
207 2943 411 2996 sacramento
435 2944 466 2994 et
486 2934 681 3014 baptismatis
709 2933 873 3018 mysterio,
892 2941 934 2994 ‘et'
953 2933 1146 3018 septiformis
1167 2956 1241 3019 gra-

110 3017 176 3078 tiae
200 3017 303 3080 saneti
325 3017 462 3098 Spiritus
484 3016 579 3080 dono.

107 3213 110 3217 ⁴
329 3148 378 3207 De
398 3135 566 3228 frequenti
584 3155 787 3227 peccatorum
809 3117 1039 3226 anastasiana*
1225 3237 1228 3240 Ι

196 3248 454 3317 CCCLXXXV.
496 3251 614 3312 Notum
637 3267 704 3310 esse
724 3247 877 3309 omnihus·
889 3250 1041 3312 nolumus
1059 3243 1147 3336 quod
1167 3276 1242 3320 eon·

112 3333 210 3396 fessio
238 3345 461 3416 peccatorum,
493 3341 628 3413 excepto
658 3351 696 3391 ea
723 3351 805 3412 quae
826 3333 1053 3404 Sacerdotibus
1073 3337 1112 3398 ad
1132 3340 1241 3400 consi-

111 3417 193 3477 lium
216 3416 441 3500 accipiendum
464 3418 635 3496 Deumque
662 3413 857 3498 placandum
876 3413 930 3494 fit,
953 3417 1023 3480 Deo
1046 3417 1240 3502 frequenter
1333 3499 1334 3504 η

112 3499 147 3559 in
174 3499 318 3561 oratione
342 3499 384 3561 sit
404 3496 561 3560 facienda.

111 3629 160 3692 De
180 3629 432 3714 manifestatione
448 3629 582 3690 aliorum
595 3638 811 3724 peccatorum,
836 3641 866 3690 et
884 3626 974 3713 quod
994 3651 1030 3692 ea
1045 3633 1149 3693 celare
1161 3655 1239 3724 pee-

233 3719 236 3725 '
595 3721 697 3769 catum
717 3721 769 3770 stt.

101 3797 106 3806 .
192 3816 462 3884 CCCLXXXVL
506 3815 665 3878 Omnibus
693 3813 841 3878 fidelihus
857 3823 973 3879 'notum
991 3821 1061 3880 fore
1080 3819 1238 3882 desidera-

109 3917 181 3960 mus
206 3901 301 3981 quod.
318 3901 521 3982 quorundam
534 3907 740 3978 peecatorum
761 3899 941 3960 alienorum
959 3902 1179 3979 eonseii‚1nisi
1200 3923 1238 3964 ea
1294 3931 1296 3936 ’
1405 3911 1407 3916 “
1461 3949 1462 3982 1

109 3981 344 4044 emendationis
364 3991 395 4043 et
415 3983 529 4048 salutis
546 4001 643 4042 eausa
667 3980 881 4062 prodiderint,
904 3983 1105 4066 delinquant.
1142 3985 1236 4048 Unde

107 4063 341 4144 scriptumest:
364 4064 456 4126 Nihil
467 4061 600 4148 prodest
617 4063 667 4122 tta·
688 4082 745 4124 suo
763 4083 871 4126 errore
890 4086 955 4130 non
973 4068 1078 4151 pollui
1091 4069 1151 4149 aqui
1166 4089 1237 4130 eon·

108 4166 234 4206 sensum
256 4159 399 4231 praestat
425 4146 556 4207 erranti.
596 4145 639 4204 Et
664 4143 761 4206 alibi.-
798 4147 872 4208 Non
896 4149 997 4212 salam
1017 4150 1074 4233 qui
1084 4146 1232 4234 sariunt,

108 4226 169 4288 sed
185 4228 243 4310 qui
265 4229 461 4294 consentiunt
471 4227 679 4312 facientibus,
701 4229 752 4290 rei
771 4241 852 4293 suu.
1045 4238 1051 4258 “’
