2948 4990
212 315 285 393 stt
412 311 414 318 ’
627 327 916 391 cartennensem

333 474 438 538 Betis
449 475 503 557 qui
513 469 697 540 nondelent
706 469 814 536 mdire
828 466 1211 539 adnnlitiamsecularsm.

295 575 578 645 cccxxxvtlt.
619 576 717 656 Quod
728 576 770 639 ud
790 575 938 638 militiam
965 576 1144 638 secularem
1165 586 1239 660 post
1258 597 1350 662 pos·

213 665 382 730 nitentium
399 661 507 725 redire
521 681 616 722 nemo
640 659 772 731 debeata
794 679 855 721 nec
873 657 919 721 eis
944 659 1060 722 iustam
1076 680 1240 743 superesse
1262 683 1350 744 que-

212 747 382 812 rimoniam
396 745 452 829 qui
473 765 507 806 se
521 741 560 804 eb
581 741 738 805 inchoatis
761 739 1048 826 disceptationibus
1073 750 1190 826 sponte
1214 743 1349 806 subtra-
1452 815 1453 818 Ἴ

156 845 178 866 ·’
213 831 332 900 serint,

356 911 406 972 De
427 910 475 970 lais
492 928 571 992 quos
589 917 713 991 oportet
727 907 842 971 natan
867 909 1053 972 anctoritate
1068 929 1198 978 curare.

294 1014 546 1081 cccxxxlx.
583 1015 618 1078 Si
633 1012 798 1076 extiterint
814 1012 916 1098 aliqui
937 1016 1050 1078 iratres
1073 1014 1270 1086 desidesvel
1286 1039 1348 1080 ne-

214 1099 400 1188 glegentes,
422 1118 503 1180 quos
522 1106 667 1184 oporteat
684 1095 796 1156 maiori
817 1097 1006 1158 auctoritate
1025 1098 1149 1176 curari,
1171 1098 1217 1161 sic
1231 1109 1343 1160 minen

214 1181 464 1248 est'adltilsendu
487 1180 645 1244 correctio
666 1186 704 1240 ut
725 1199 851 1263 semper
878 1177 919 1241 sit
944 1179 1030 1241 salva
1060 1179 1203 1247 dilectio.
1245 1181 1346 1242 Unde

212 1266 385 1348 Apostolus
401 1264 607 1326 Timotheum
620 1262 766 1324 imbuens
792 1261 887 1324 dicits
908 1261 1071 1324 Seniorem
1097 1283 1136 1324 ne
1156 1263 1345 1346 increpave-

212 1351 279 1426 ris,
300 1346 360 1408 sed
376 1346 504 1408 obsecra
524 1359 558 1406 nt
571 1358 703 1430 patrem.
744 1347 837 1422 Quae
851 1343 1028 1405 moderatio
1043 1344 1071 1406 si
1114 1343 1344 1428 uibuscunque

211 1429 420 1492 inferioribus
434 1428 583 1503 membris
597 1449 637 1490 ex
654 1427 828 1512 apostolica
841 1425 1044 1488 institutione
1063 1428 1101 1489 de
1126 1436 1344 1512 etur,quento

211 1511 310 1595 magis
327 1509 477 1572 fratribus
494 1519 525 1573 et
542 1509 738 1595 coepiscopis
757 1508 874 1572 nostris
890 1507 1055 1571 reddenda
1076 1511 1143 1572 est?

272 1615 314 1679 Ut
336 1637 399 1680 non
422 1616 563 1701 imponat
591 1613 705 1701 aliquis
726 1617 823 1758 alicpp‘
837 1612 963 1758 ppndus
984 1611 1073 1696 quod
1097 1617 1164 1703 ipse
1184 1613 1278 1702 serre
1309 1596 1311 1604 Ι

272 1731 278 1744 ·
669 1718 731 1768 non
763 1720 786 1760 v
820 1719 836 1758 e
870 1743 878 1760 .
1217 1723 1220 1730 ’

294 1801 464 1868 eccm(
495 1803 587 1868 Sicut
599 1824 664 1864 nou
687 1803 758 1865 vult
775 1801 891 1886 aliquis
918 1801 1022 1886 gravis
1046 1803 1153 1866 oneris
1182 1805 1344 1869 sarcinum
1452 1799 1453 1860 i

211 1889 323 1960 ferre,
347 1886 391 1950 ita
415 1907 482 1948 nou
505 1885 621 1950 audeat
638 1885 693 1946 alii
714 1907 809 1969 grave
832 1885 958 1968 pondus
978 1885 1156 1968 imponere.
1304 1903 1308 1911 ·

306 1992 348 2054 Ut
365 1993 469 2054 nullas
485 1992 673 2074 apostolicas
689 1993 864 2053 sanctiones
890 2004 1041 2054 temerare
1061 2005 1250 2075 praesumat.

296 2095 472 2163 CCCXLI.
514 2096 563 2158 lte
587 2095 754 2158 unanimes
769 2095 887 2159 divinis
903 2095 1084 2179 apostolicis
1099 2100 1342 2162 constitutioni·

211 2181 271 2242 hue
289 2178 454 2254 serviatis,
475 2187 512 2238 ut
534 2176 567 2237 in
586 2177 678 2238 nullo
695 2179 859 2259 patiamini
879 2181 931 2262 pia
945 2199 1106 2240 canonum
1125 2181 1255 2242 decreta
1271 2185 1340 2246 rio-

212 2263 282 2327 luri.
303 2265 346 2322 Ut
367 2260 511 2322 nullisne
535 2260 575 2321 sit
596 2261 665 2322 sine
678 2271 774 2321 status
791 2261 840 2322 sui
856 2262 1020 2343 periculo,
1042 2263 1095 2324 rel
1113 2262 1237 2325 divinas
1256 2287 1338 2327 eon-

212 2345 412 2421 stitutiones,
435 2344 489 2404 vel
507 2342 796 2424 apostolicaesedis
812 2344 939 2405 decreta
954 2353 1121 2406 temerare.

212 2451 261 2512 De
280 2451 463 2514 amicitiast
478 2447 703 2531 familiaritate
721 2449 898 2522 sennanim
921 2471 1025 2532 quam,
1047 2453 1103 2535 qui
1118 2474 1181 2514 non
1208 2466 1341 2516 conten-

524 2591 526 2596 ,
560 2529 665 2605 dunt,
696 2528 797 2611 facile
827 2546 963 2598 servant.

297 2610 492 2680 CCCXLII.
534 2612 672 2690 Omnes,
695 2623 730 2672 ut
754 2635 818 2674 non
848 2617 1063 2691 contendant,
1084 2624 1232 2698 protegat
1260 2616 1340 2676 nmi-

216 2695 299 2760 citia.
339 2697 418 2756 Nam
439 2705 471 2756 et
489 2695 660 2776 Apostolus
678 2696 716 2755 ad
732 2695 917 2758 Corinthios
936 2699 1064 2758 scribit:
1087 2698 1163 2758 Cum
1181 2700 1245 2759 sint
1257 2701 1342 2761 inter

214 2801 273 2842 vos
288 2778 509 2838 aemulationes
528 2790 558 2838 et
579 2779 809 2853 contentiones,
831 2801 933 2839 nonne
953 2779 1094 2841 carnales
1124 2784 1217 2858 estis,
1239 2794 1270 2841 et
1290 2802 1341 2841 se-

216 2859 352 2924 cundum
372 2857 527 2920 hominem
547 2859 736 2920 ambulatis?
767 2861 857 2920 Nilail
883 2883 942 2945 per
969 2863 1213 2940 contentionem,
1242 2879 1340 2944 neque

99 2939 105 2952 '
213 2963 273 3027 per
290 2945 414 3001 inanem
428 2941 564 3019 gloriam
572 2966 584 3010 ;
605 2940 664 3000 sed
680 2943 713 3000 in
734 2941 907 3003 humilitate
929 2947 1062 3016 mentis,
1092 2945 1228 3004 invicem
1250 2946 1342 3005 nesti·
1451 2953 1452 2958 ’

216 3037 334 3086 mantes
353 3024 532 3104 semetipsos
541 3065 553 3093 ,
577 3043 639 3082 non
654 3043 710 3082 sua
727 3024 844 3102 singuli
860 3027 1048 3108 respiciant,
1071 3025 1130 3086 sed
1143 3027 1287 3087 aliorum.

263 3128 304 3190 Ut
321 3129 440 3188 alienae
452 3134 552 3206 gentis
572 3129 710 3188 homines
724 3128 769 3188 ad
782 3131 965 3190 exercitium
980 3131 1158 3193 imbuantur
1172 3132 1301 3212 legibus.

302 3233 509 3298 CCCXLlll.
551 3234 684 3297 Alienae
703 3235 806 3320 gentis
830 3237 975 3299 homines
989 3237 1114 3321 legibus
1138 3237 1177 3298 ad
1196 3236 1341 3300 exerciti·

218 3342 273 3380 um
290 3318 388 3376 imbui
417 3328 449 3378 et
469 3318 680 3400 permittimus
698 3329 744 3400 ,et
778 3328 931 3399 optamus.
973 3321 1022 3381 Ad
1037 3321 1239 3402 negotiorum
1263 3340 1340 3382 vero

219 3400 451 3466 discussionem
464 3401 653 3462 rastaltamus
666 3410 697 3462 et
712 3401 935 3481 prohibemus3
951 3403 1095 3484 quumvis
1109 3401 1339 3485 enimeloquiis

218 3484 378 3568 polleant,
401 3491 507 3542 tumen
524 3482 764 3545 difficultatibus
778 3485 921 3546 haerent.

239 3592 289 3651 De
313 3609 401 3650 servo
423 3611 486 3648 noa
506 3587 679 3661 credendo,
701 3592 729 3648 si
750 3612 844 3675 super
863 3591 999 3673 aliquem
1021 3592 1140 3652 crimen
1164 3589 1320 3652 obiecerit.

303 3689 510 3753 CCCXLIV.
553 3695 652 3755 Servo
669 3684 798 3776 penitus
815 3716 878 3754 non
898 3696 1046 3758 credatur
1058 3696 1083 3757 si
1097 3717 1193 3780 super
1203 3697 1340 3778 aliquem

219 3774 341 3834 crimen
359 3774 532 3850 obiecerit,
556 3787 612 3836 eut
628 3774 655 3836 si
670 3776 772 3836 etium‘
784 3777 949 3838 dominum
965 3801 1059 3840 suum
1079 3779 1112 3838 in
1134 3778 1269 3840 crimine
1283 3777 1339 3836 im-

219 3857 358 3938 petierit.
399 3859 479 3918 Num
499 3856 575 3918 siin
605 3858 771 3919 tormentis
800 3859 922 3940 positus
949 3871 1089 3944 exponat
1113 3862 1203 3942 quod
1227 3859 1338 3937 obicit,

220 3940 309 4000 credi
326 3949 430 4002 tamen
452 3939 503 4016 illi
528 3940 620 4001 nullo
637 3941 732 4002 modo
747 3941 917 4022 oportebit,
957 3943 1062 4028 Supra
1081 3965 1106 4008 c.
1127 3942 1192 4020 146.

340 4045 380 4106 Ut
400 4057 492 4106 testes
509 4046 730 4124 testimoninm,
744 4047 808 4107 nisi
822 4061 1015 4130 praesentes,
1033 4067 1096 4107 non
1112 4048 1232 4108 dicant.

305 4137 494 4215 CCCXW.
537 4154 651 4215 Testes
670 4174 735 4214 nou
760 4153 924 4233 absentes,
947 4175 1054 4237 neque
1084 4175 1142 4236 per
1164 4139 1338 4237 epistolum,

222 4236 439 4297 testimonium
460 4236 585 4313 (licant,
608 4235 664 4298 sed
681 4247 864 4340 praesentes
881 4259 978 4320 quam
1012 4244 1173 4300 noverunt
1198 4245 1230 4300 et
1252 4234 1339 4300 vide·
