2948 4990
566 323 679 378 elasa
704 323 857 378 seusus
1216 301 1287 372 635

155 467 298 543 hahens,
322 487 390 536 eam
406 485 514 527 secam
530 486 595 528 non
615 464 760 542 duxerit,
783 482 877 526 omne
895 457 1090 524 beneficiam
1114 457 1188 524 cuin
1207 457 1288 522 bru·

159 551 215 612 nia
233 550 357 634 perdat.
401 549 435 609 V
434 599 441 614 ‚
456 550 525 624 248.

179 657 229 715 De
246 655 490 734 negotiatoribus
507 654 562 738 qui
580 667 687 738 partes
706 653 888 712 Seianorum
910 652 959 711 vel
982 653 1116 714 aliarum
1130 653 1269 730 gentium

523 761 528 774 ·
628 785 633 796 .
670 737 802 796 etierint.

241 819 443 884 CCLXXIH.
485 821 532 878 De
558 759 808 902 aegoliatorihus
827 817 883 898 qui
909 829 1014 900 partes
1042 819 1231 880 Sclavorum
1258 825 1290 878 et

152 901 337 964 'Avarorum
354 911 509 982 pergunt,
535 924 702 984 quousque
721 901 900 981 procedere
919 901 1072 976 debeant,
1096 901 1129 961 id
1150 909 1207 975 est,
1221 921 1291 981 par·

158 985 245 1048 tibus
265 984 422 1044 Saxoniae
441 1006 541 1062 usque
566 985 606 1046 ad
633 982 865 1054 Bardenuwic‚
900 983 956 1044 ubi
973 984 1159 1065 praevideat
1180 981 1290 1058 Herti,

161 1067 250 1128 etad
266 1066 391 1140 Geslic,
413 1066 468 1126 uhi
487 1067 716 1149 Madelgaudus
734 1065 937 1148 praevideat,
962 1076 994 1127 et
1013 1066 1053 1126 ad
1072 1065 1288 1148 Magadehurc

157 1148 343 1234 praevideat
359 1149 452 1220 Atto,
474 1149 514 1209 ad
532 1151 699 1210 Herfesfur
716 1148 900 1229 praevideat
918 1149 1172 1231 Madalgaudus,
1201 1159 1234 1208 et
1249 1146 1290 1208 ad

156 1233 337 1312 Alagastat,
361 1232 510 1292 similiter
526 1231 566 1291 ad
580 1231 757 1292 Forachem
773 1241 804 1292 et
827 1231 865 1290 ad
884 1232 1109 1301 Brehernbret3
1133 1240 1164 1304 et
1178 1231 1219 1290 ad
1232 1231 1291 1290 Ra·

160 1315 340 1398 genesburc
362 1314 547 1397 praevideat
568 1315 719 1390 Otulfus‚
742 1315 781 1374 ad
797 1314 1002 1374 Lavariocam
1020 1313 1227 1390 Warnarias,
1256 1319 1292 1371 ut

157 1419 246 1456 arma
264 1406 295 1457 et
311 1397 442 1457 brunias
460 1419 524 1457 non
542 1397 711 1460 ducantad
729 1396 943 1458 vendendum.
986 1398 1081 1474 Quod
1109 1395 1135 1457 si
1161 1393 1289 1455 inventi

153 1478 283 1552 'fuerint
299 1477 482 1561 portantes,
505 1500 632 1540 omnem
653 1478 860 1542 substantiam
879 1501 990 1541 eorum
1007 1481 1155 1540 siuferant
1172 1478 1210 1537 ab
1228 1476 1289 1546 eis;

158 1561 291 1624 dimidia
306 1561 438 1643 quidem
458 1585 529 1644 pars
545 1562 686 1644 partibus
700 1562 829 1645 palatii,
853 1561 914 1622 alia
931 1584 1007 1624 vero
1028 1561 1180 1623 medietas
1204 1559 1291 1619 inter

158 1644 324 1706 iamdictos
337 1645 448 1706 Missos
467 1655 499 1704 et
514 1643 698 1707 inventores
721 1642 892 1710 dividatur.
932 1645 998 1710 ΙΙΙ.
1019 1645 1048 1710 6.

261 1760 302 1821 Ut
321 1761 479 1822 causedici
497 1765 552 1844 qni
574 1762 773 1846 adquiescere
787 1764 958 1835 noluerint,
977 1762 1192 1823 recludantur.

244 1863 455 1927 CCLXXlV.
497 1870 552 1928 De¹
562 1868 785 1929 clamatoribus
804 1868 857 1927 vel
872 1867 1049 1930 causedicis
1071 1868 1128 1951 qui
1155 1891 1217 1930 nec
1237 1868 1287 1928 iu·

108 1949 111 1954 ’
161 1949 281 2010 dicium
298 1949 508 2010 scabinorum
527 1951 732 2032 adquiescere
751 1973 812 2011 nec
832 1949 1050 2032 blasphemare
1073 1950 1205 2030 volunt,
1235 1973 1291 2012 an·

159 2033 250 2113 tiqua
267 2032 466 2092 consuetudo
481 2044 644 2110 servetur,
667 2032 783 2109 idest,
807 2043 841 2093 ut
864 2031 897 2091 iu
913 2032 1091 2093 custodiam
1113 2034 1289 2096 recludan-

159 2123 214 2174 tur
228 2115 330 2174 donec
347 2136 448 2174 unum
468 2136 484 2175 e
507 2116 629 2176 duobus
647 2117 778 2181 faciant.
819 2115 903 2177 Etsi
924 2115 963 2175 ad
981 2117 1136 2198 palatium
1150 2140 1210 2201 pro
1227 2116 1289 2178 hac

158 2218 194 2256 re
214 2198 477 2274 reclamaverint,
501 2209 533 2259 et
552 2199 675 2259 litteras
692 2199 887 2274 detulerint,
911 2220 974 2258 non
996 2198 1127 2280 quidem
1147 2200 1193 2262 eis
1215 2221 1289 2281 cre·

158 2279 273 2355 datur,
297 2301 356 2340 nec
372 2290 564 2341 tunctamen
583 2281 615 2340 in
633 2303 791 2342 carcerem
811 2281 988 2358 mittantur,
1010 2281 1066 2341 sed
1085 2305 1158 2342 cum
1179 2291 1289 2343 custo·

159 2362 211 2420 dia
226 2372 257 2420 et
276 2385 347 2422 cum
365 2363 440 2445 ipsis
460 2363 575 2424 litteris
599 2385 652 2428 eos
669 2364 708 2426 ad
724 2364 878 2446 palatium
900 2373 1043 2423 nostrum
1058 2364 1235 2441 remittant,
1255 2371 1288 2424 et
1368 2421 1370 2428 ,

158 2443 203 2503 ihi
221 2444 434 2505 discutiantur
450 2446 532 2507 sicut
552 2446 686 2530 dignum
703 2455 758 2506 est.
799 2447 863 2507 III.
884 2468 923 2526 7.,
947 2445 985 2511 V.
1009 2446 1077 2524 249.

157 2551 207 2613 De
231 2553 430 2624 iuramento,
457 2567 490 2614 at
518 2553 599 2612 nielli
624 2553 718 2612 alteri
734 2555 797 2634 nisi
809 2554 940 2635 proprio
966 2552 1093 2616 Seniori
1120 2552 1289 2611 iuramenti
1329 2557 1332 2562 ’

533 2634 682 2719 fidelitas
698 2637 911 2720 promittatur.

241 2739 422 2802 CCLXXV.
464 2742 513 2800 De
536 2740 737 2818 iuramento,
760 2749 797 2799 ut
823 2740 908 2800 nulli
937 2738 1029 2800 alteri
1054 2749 1287 2802 sacramentum
1324 2727 1327 2736 ⁴

157 2820 294 2882 fidelitas
314 2821 516 2901 promittatur
535 2822 596 2882 nisi
618 2823 726 2899 nobis,
749 2832 782 2883 et
799 2822 977 2904 unicuique
991 2822 1122 2905 proprio
1138 2823 1286 2900 Seniori,

158 2904 198 2964 ad
218 2903 388 2964 utilitatem
404 2915 543 2965 nostram
562 2913 594 2965 et
612 2907 661 2966 sui
679 2905 838 2974 Senioris;
862 2914 995 2988 excepto
1014 2904 1064 2966 his
1081 2905 1288 2966 sacramentis

157 3008 240 3067 quae
262 2986 342 3046 iuste
362 2989 538 3049 secundum
556 2987 662 3068 legem
685 2988 776 3047 alteri
797 2987 835 3046 ab
852 2989 953 3049 altero
972 2987 1140 3048 debentur.
1180 2991 1223 3049 Et
1239 2989 1288 3048 in·
1312 3063 1314 3067 ἱ

157 3071 280 3145 santes,
303 3068 358 3149 qui
383 3079 475 3129 antea
502 3091 566 3130 non
590 3080 764 3151 potuerunt
785 3081 917 3154 propter
944 3069 1122 3133 iuvenilem
1139 3081 1288 3134 aetatem

158 3151 285 3227 iurare,
307 3151 401 3216 modo
422 3151 610 3213 fidelitatem
627 3153 823 3236 promittant.
867 3159 931 3218 III.
952 3154 993 3230 8.,
1012 3153 1050 3214 V.
1065 3148 1139 3218 ¹250.

180 3258 294 3317 Deliis
314 3259 369 3337 qiai
390 3259 653 3341 conspirationem
665 3259 816 3340 fecerint,
834 3274 867 3320 ut
885 3257 1055 3347 tripliciter
1076 3261 1266 3324 indicentur.

158 3439 160 3447 ⁴
240 3363 439 3426 CCLXXVl.
483 3365 743 3448 Conspicationes
766 3368 953 3449 quicunque
973 3371 1079 3430 facere
1098 3392 1286 3454 praesump-
1314 3403 1317 3413 =

156 3445 281 3520 serint,
305 3456 337 3505 et
350 3457 546 3508 sacramento
564 3469 759 3530 quocunque
779 3452 1047 3532 conspirationem
1067 3453 1285 3531 firmaverint,

157 3527 280 3608 triplici
302 3527 424 3588 ratione
441 3528 634 3594 iudicentur.
675 3531 794 3611 Primo,
818 3545 853 3594 ut
867 3535 1051 3615 ubicunque
1070 3535 1204 3616 aliquod
1223 3558 1287 3594 ma-

162 3612 229 3670 lum
248 3620 379 3692 propter
393 3610 453 3670 hoc
468 3623 687 3695 perpetratum
704 3615 818 3693 fuerit,
841 3628 986 3677 auctores
1001 3615 1076 3678 sacti
1091 3617 1287 3677 interfician-

159 3702 233 3764 tur;
257 3692 417 3774 adiutores
436 3717 513 3756 vero
536 3717 664 3774 eorum,
687 3696 807 3778 singuli
829 3700 911 3776 alter
929 3702 967 3760 ab
989 3701 1090 3761 altero
1121 3699 1286 3780 flagellen-

160 3784 235 3850 tur,
258 3783 289 3834 et
314 3797 404 3835 nares
423 3776 483 3836 sibi
512 3778 651 3839 invicem
670 3780 864 3860 praecidant.
907 3784 969 3843 Ubi
998 3805 1075 3844 vero
1096 3781 1180 3840 nihil
1208 3781 1285 3842 mali

160 3866 377 3940 perpetratum
409 3867 472 3935 est,
494 3860 644 3921 similiter
668 3861 798 3945 quidem
824 3864 966 3926 interce
993 3865 1218 3946 flagellentur,
1255 3873 1287 3924 et

162 3940 295 4022 capillos
315 3939 374 4000 sihi
388 3939 529 4001 invicem
550 3944 737 4004 detundant.
779 3946 812 4006 Si
831 3968 906 4007 vero
922 3969 981 4030 per
1007 3948 1152 4008 deuteras
1178 3947 1286 4027 aliqua

160 4023 354 4101 conspiratio
371 4023 491 4083 firmata
511 4027 627 4102 fucrit,
650 4027 675 4086 si
697 4025 790 4086 liberi
805 4039 897 4105 sunt,
921 4040 975 4089 aut
993 4029 1102 4089 iurent
1120 4049 1192 4088 cam
1212 4029 1284 4090 ido-

160 4103 230 4166 neis
247 4105 438 4166 iuratoribus
452 4107 539 4186 quod
560 4107 622 4168 hoc
636 4131 694 4190 pro
717 4111 800 4169 malo
826 4132 890 4170 non
911 4112 1079 4181 fecissent3
1103 4120 1160 4169 aut
1176 4111 1202 4170 si
1221 4111 1285 4174 hoc

159 4187 266 4246 facere
287 4208 351 4246 non
369 4189 551 4270 potuerint,
574 4193 751 4252 secundum
771 4193 874 4274 legem
894 4216 983 4254 suam
1005 4202 1205 4276 componant.
1249 4195 1285 4255 si

161 4289 239 4334 vero
254 4269 339 4334 servi
361 4280 451 4348 sunt,
473 4269 694 4356 flagellantum
719 4283 754 4334 ut
783 4274 821 4336 cle
844 4286 970 4339 caetero
989 4277 1023 4338 in
1047 4271 1147 4362 regno
1175 4287 1284 4341 nostro
