2910 4984
222 280 296 355 802
597 307 601 315 ·
648 292 937 359 carrrunaarua

447 439 496 500 De
515 459 592 522 pace
615 453 645 500 et
667 439 838 501 concordia
859 455 889 500 et
911 440 1125 500 unanimitate.

308 519 434 586 XXVI.
478 525 520 584 Ut
538 543 601 606 pax
623 530 655 583 et
674 522 845 583 concordia
865 524 907 584 sit
921 532 1015 604 atque
1043 520 1284 584 unanimitasin
1300 543 1359 604 po·

246 607 301 670 ulo
318 605 514 668 Christiano.
559 603 643 682 Quia
664 626 766 663 unum
783 606 889 666 Deum
903 615 1028 687 patrem
1041 604 1196 665 habemus
1216 603 1250 661 in
1278 623 1358 664 coe-

221 630 278 770 lis,
300 698 333 754 et
352 709 447 748 unam
468 697 602 748 matrem
622 686 818 763 Ecclesiam,
839 710 937 748 unam
967 687 1080 763 fidem,
1102 708 1204 746 unum
1233 685 1357 768 baptis·

221 794 329 850 mum,
353 771 426 832 ideo
454 770 487 830 in
515 792 581 830 uua
608 791 687 851 paee
711 780 743 830 et
772 771 983 831 unanimitate
1011 769 1216 831 concorditer
1244 768 1357 842 vivere

223 854 396 928 debemus,
419 854 445 914 si
467 853 506 914 ad
519 865 626 912 unam
643 873 752 915 veram
774 852 986 914 hereditatem
1006 853 1099 934 regni
1124 851 1272 912 coelestis
1296 873 1356 911 eu-

218 939 324 1020 pimus
342 936 531 1019 pervenire;
555 935 711 1017 quianon
735 944 782 996 est
804 934 1011 996 dissensionis
1035 938 1143 1011 Deus,
1165 935 1222 994 sed
1248 929 1355 1016 pacis,

220 1029 255 1080 nt
275 1020 342 1104 ipse
355 1019 413 1082 ait:
435 1019 526 1078 Beati
537 1016 678 1102 pacifici,
687 1020 834 1099 quoniam
838 1017 913 1102 filii
924 1019 985 1078 Dei
991 1019 1196 1081 vocabuntur.
1215 1015 1249 1078 V
1245 1018 1271 1076 I.
1284 1017 1354 1096 373.

218 1127 267 1185 De
286 1137 439 1212 potestate
461 1124 691 1209 Episcoporum
710 1145 769 1204 pro
793 1125 885 1184 rebus
907 1124 1146 1195 ecclesiasticis,
1169 1144 1206 1182 ac
1229 1121 1269 1182 de
1283 1143 1356 1182 eou-

472 1207 624 1266 veuientia
645 1206 874 1290 Episcoporum
896 1228 964 1266 eum
987 1205 1102 1270 Laicis.

300 1288 446 1352 XXVII.
489 1291 530 1350 Ut
547 1288 697 1370 Episcopi
715 1297 902 1371 potestatem
926 1287 1066 1347 habeant
1085 1310 1136 1349 res
1158 1286 1355 1347 ecelesiasti-

217 1392 268 1437 eas
285 1373 486 1458 praevidere,
508 1392 632 1452 regere,
649 1381 689 1430 'et
709 1370 900 1454 gubernare,
923 1382 1019 1452 atque
1040 1369 1224 1454 dispensare
1238 1391 1355 1430 seeun-

217 1458 293 1519 dum
309 1453 728 1517 Canonumauetoritatem.
771 1453 928 1514 Volumus
953 1462 989 1512 ut
1019 1463 1051 1512 et
1070 1453 1158 1514 LaIci
1182 1453 1215 1511 in
1241 1473 1354 1511 eorum

217 1539 397 1601 ministerio
420 1537 571 1598 obediant
586 1535 752 1618 Episcopis
767 1535 806 1595 ad
825 1537 981 1618 regendas
999 1536 1160 1596 Ecclesias
1188 1533 1269 1611 Dei,
1300 1535 1353 1592 vi-

217 1623 294 1684 duas
316 1621 521 1702 etorphanos
538 1620 770 1694 ‹leiensandos,
792 1627 826 1678 et
840 1629 876 1677 ut
896 1618 1083 1678 obedientes
1104 1619 1169 1678 sint
1182 1618 1227 1676 eis
1244 1617 1285 1674 ad
1299 1638 1353 1676 eo-

215 1727 288 1766 rum
312 1703 587 1766 Christianitatem
604 1701 802 1764 servandam.
827 1703 886 1776 ¹Et
911 1701 1079 1783 Episcopis
1111 1700 1355 1761 consentientes

216 1789 281 1848 sint
297 1786 476 1848 Comitibns
494 1795 526 1844 et
551 1783 717 1847 lodicibus
733 1784 772 1843 ad
795 1783 931 1844 iustitias
949 1783 1121 1844 faciendas.
1162 1784 1204 1842 Et
1219 1791 1255 1840 ut
1275 1782 1354 1840 nul-

173 1919 177 1927 .
216 1871 343 1930 latenas
362 1889 422 1951 per
444 1868 628 1948 aliquorum
651 1865 872 1942 mendacium,
896 1867 949 1926 vel
976 1867 1090 1925 falsum
1112 1863 1352 1939 testimonium,

80 1983 85 1992 ·
114 2012 121 2026 ι
217 1971 324 2030 neque
344 1971 402 2032 per
422 1950 621 2032 periurium,
645 1957 698 2008 aut
717 1970 774 2031 per
790 1949 987 2031 praemium,
1010 1949 1064 2010 lex
1082 1947 1164 2009 iusta
1189 1947 1223 2006 in
1239 1946 1353 2028 aliquo

218 2031 420 2114 depravetur.
466 2031 503 2091 V.
530 2033 594 2092 182.

402 2139 450 2198 De
481 2138 600 2198 iniuria
635 2135 784 2220 Episcopi
815 2151 845 2197 et
865 2139 983 2196 letaru'n
1005 2138 1165 2204 subversa.

218 2213 220 2220 ’
299 2217 461 2285 XXVIII.
505 2219 539 2280 Si
559 2219 634 2299 'quis
654 2220 815 2302 Episcopo
831 2220 882 2280 v'el
909 2219 978 2280 aliis
994 2219 1150 2282 Ministris
1173 2217 1258 2278 intra
1286 2217 1354 2278 Ec-

216 2304 347 2368 clesiam
368 2303 520 2363 iniuriam
543 2300 677 2378 fecerit,
704 2303 851 2363 iubemus
875 2325 947 2364 eum
974 2302 1142 2360 tormentis
1169 2301 1355 2361 subiectum

215 2391 250 2448 in
262 2387 361 2449 exili0
378 2383 542 2450 mori.Sed
553 2395 584 2444 et
601 2385 626 2444 si
646 2383 712 2467 ipsa
728 2396 835 2446 sancta
854 2383 990 2444 oratoria
1005 2385 1057 2445 vel
1076 2384 1185 2444 divina
1206 2384 1355 2444 ministe-
1444 2406 1445 2415 ¹

214 2473 262 2531 ria
288 2468 545 2544 conturbaverit,
577 2467 630 2528 vel
659 2467 811 2528 letaniam
843 2467 1014 2542 everterit,
1045 2466 1175 2548 capitali
1199 2465 1353 2546 periculo

215 2552 388 2618 subiaceat.
431 2551 488 2611 Sin
505 2561 611 2615 autem
636 2551 865 2611 contumeliam
882 2559 1007 2610 tantum
1029 2549 1157 2626 fecerit,
1181 2550 1352 2610 tormentis

213 2645 247 2698 ‘et
272 2634 374 2698 exilio
390 2633 544 2696 tradatur.
589 2632 734 2714 VL129,
978 2639 979 2642 ’

211 2735 215 2746 ⁴
677 2716 726 2775 De
749 2716 887 2781 decimis.

299 2795 427 2861 XXIX.
469 2796 687 2858 Admonemus
706 2809 802 2880 atque
825 2797 1038 2880 praecipimus
1066 2809 1103 2859 ut
1131 2797 1251 2860 decima
1269 2799 1343 2856 Deo

216 2883 350 2943 omuino
367 2881 437 2941 dari
454 2901 518 2938 uon
541 2880 750 2962 neglegatur,
774 2903 871 2962 quam
889 2884 976 2942 Deus
1003 2881 1154 2964 ipse.sibi
1177 2880 1244 2941 dari
1259 2899 1344 2938 con-

216 2964 338 3041 stitnit,
362 2962 438 3045 quia
458 2962 640 3036 timendum
657 2973 703 3024 est
717 2973 754 3023 ut
772 2963 918 3045 quisquis
934 2966 1004 3025 Deo
1018 2985 1113 3024 suum
1134 2964 1274 3024 debitum
1287 2959 1347 3020 ab·

215 3035 348 3125 strabit',
370 3065 411 3106 ue
430 3046 616 3107 forteDeus
644 3067 703 3129 per
720 3057 888 3130 peceatum
911 3065 1005 3108 snum
1030 3048 1155 3108 auferat
1183 3047 1211 3108 ei
1238 3064 1352 3106 neces-

215 3130 375 3197 sariasua.
420 3127 458 3192 V.
488 3125 556 3200 154·
1321 3163 1324 3166 ·

522 3207 563 3269 Ut
589 3209 751 3271 Ecclesiae
773 3232 883 3294 pacem
904 3212 1047 3272 habeant.

297 3291 406 3356 XXX.
449 3291 552 3353 Reum
568 3294 811 3376 confugientem
828 3295 1053 3354 adEcelesiam
1069 3313 1164 3355 nemo
1177 3293 1354 3368 extrahere

212 3375 349 3451 ¹audeat,
373 3395 480 3455 neque
504 3373 580 3434 inde
603 3375 722 3436 donare
750 3376 791 3436 ad
816 3398 953 3458 poenam
987 3378 1039 3438 vel
1068 3375 1108 3435 ad
1134 3387 1289 3452 mortem,
1314 3385 1355 3436 ut

214 3457 394 3529 honorDei
414 3467 446 3516 et
464 3458 655 3517 Sanctorum
674 3459 741 3519 eius
757 3466 975 3525 conservetur.
1018 3461 1082 3521 Sed
1107 3461 1264 3520 Rectores
1283 3461 1355 3518 Ec·

214 3541 382 3612 etesiarum
405 3561 516 3620 pacem
535 3549 568 3600 et
593 3541 691 3600 vitam
720 3563 756 3602 ac
787 3542 928 3602 membra
949 3542 980 3602 ei
1014 3543 1159 3606 obtinere
1187 3544 1356 3604 studeant.

214 3623 335 3685 Tamen
354 3623 496 3705 legitime
514 3635 708 3702 componant
721 3626 818 3704 quod¹
831 3625 943 3706 inique
959 3625 1107 3700 fecerint.
1132 3623 1171 3690 V.
1198 3625 1265 3689 155.

578 3708 625 3764 De
649 3708 795 3767 intestato
818 3707 985 3791 Episcopo.

295 3786 422 3851 XXXI.
466 3788 498 3851 Si
522 3787 711 3870 quicunque
730 3811 769 3849 ex
794 3791 894 3872 gradu
917 3789 1134 3854 ecclesiastico
1160 3790 1231 3850 sine
1250 3799 1357 3850 testa-

213 3883 324 3934 mento
340 3881 371 3931 et
398 3870 468 3932 sine
500 3872 690 3952 cognatione
720 3872 918 3949 discesserit,
942 3873 1104 3934 hereditas
1128 3871 1260 3932 eiusad
1284 3875 1357 3932 Ec-

214 3957 344 4027 clesiam
360 3954 415 4014 ubi
436 3955 571 4016 servirit
586 3954 785 4016 devolvatur.
809 3953 965 4016 Similiter
977 3957 1017 4017 de
1032 3951 1358 4016 sanctimonialibus.

523 4058 642 4119 iteruin
664 4059 703 4119 de
723 4083 801 4143 poce
823 4061 1046 4122 Ecclesiarum.
1075 4069 1079 4074 ”
1250 4073 1258 4082 ’

292 4143 438 4206 XXXII.
482 4143 702 4223 Praecipimus
738 4154 775 4203 ut
801 4144 833 4203 in
870 4144 1026 4204 Ecclesiis
1052 4151 1107 4204 ant
1134 4145 1166 4203 in
1196 4143 1366 4204 'domibus

211 4223 438 4304 Eeel'csiarum,
460 4228 509 4288 vel
530 4227 628 4301 atriis,
651 4226 767 4308 placita
789 4227 945 4287 secularia
968 4227 1099 4288 minime
1119 4227 1204 4288 fiant.
1231 4227 1270 4286 V.
1285 4231 1360 4290 156.
