2910 4984
532 335 688 394 nnnmo
717 334 866 394 ranna,
1176 317 1249 391 aot

120 467 282 556 voluerit,
308 481 427 560 etpost
445 478 543 539 factas
572 479 731 558 precarias
757 478 868 542 eadem
883 475 1064 544 ¹mendacia,
1090 478 1130 542 ad
1159 500 1250 542 aures

120 563 266 624 eiusdem
286 559 432 623 Rectoris
454 559 619 622 Ecclesiae
642 562 747 630 delata
774 560 918 639 fuerint,
940 561 1009 644 ipsa
1031 562 1180 623 Ecclesia
1200 583 1252 624 res

118 669 210 720 suas,
233 664 315 724 quae
331 646 361 704 ei
379 643 579 703 mendaciter
597 642 771 705 abstractae
789 645 944 720 fuerunt,
965 644 1109 728 pleniter
1131 645 1251 726 absque

119 717 491 802 ulliuscontradictionc
518 726 709 787 omnimodis
737 726 881 808 recipiat.
922 727 982 788 llle
1009 749 1086 788 vero
1111 727 1169 809 qui
1200 742 1252 788 re's

120 833 192 872 suas
212 831 270 892 per
286 809 396 868 eadem
410 809 592 885 mendacia,
615 819 747 892 propter
768 809 977 891 cupiditatem
1013 811 1113 891 ipsius
1139 831 1252 891 preca·

119 890 207 970 riae,
231 892 337 952 eidem
357 891 521 965 Ecclesiae
538 891 690 970 tradidit,
712 892 809 954 simili
827 893 923 952 modo
941 893 974 950 iu
1000 913 1090 953 suam
1118 893 1254 976 recipiat

120 974 383 1035 dominationem.

122 1081 219 1164 Quod
234 1082 380 1165 antiquus
392 1103 458 1144 mos
474 1080 679 1166 poenitendi,
703 1083 758 1162 qui
774 1083 866 1142 iuxta
879 1081 1061 1142 canonicam
1077 1083 1250 1144 auctorita-

320 1177 382 1224 tem
403 1165 542 1242 agendus
563 1176 634 1236 cst,
657 1167 721 1223 iam
742 1164 780 1225 ab
802 1185 860 1223 usu
881 1167 1054 1230 recesserit,

202 1269 325 1332 XLIX.
368 1271 482 1331 Modus
497 1270 729 1352 poenitentiam
755 1288 848 1352 agere
877 1269 966 1330 iuxta
995 1269 1159 1352 antiquam
1189 1271 1252 1331 Ca-

120 1373 244 1412 nouum
257 1352 492 1413 institutionem
509 1353 541 1411 in
564 1353 728 1434 plerisque
744 1353 823 1414 locis
838 1352 876 1413 ab
893 1375 954 1412 usu
970 1355 1122 1430 recessit,
1146 1361 1179 1414 et
1193 1375 1253 1415 ne-

120 1455 185 1516 que
199 1435 502 1496 excommunicandi
523 1457 627 1516 neque
646 1435 880 1497 reconciliandi
903 1433 1029 1516 antiqui
1053 1435 1150 1496 moris
1174 1435 1253 1497 ordo

121 1527 278 1587 servatum
305 1527 342 1576 ut
363 1519 380 1577 d
396 1518 535 1577 Domino
551 1519 744 1599 lmpcratore
759 1518 949 1599 impetretur
962 1517 1157 1578 adiutorium
1175 1540 1252 1600 qua·

121 1599 217 1676 liter,
240 1599 265 1659 si
292 1601 364 1680 quis
381 1600 511 1682 publice
540 1611 669 1682 peccat,
691 1594 819 1680 publica
849 1600 1007 1659 multetur
1034 1595 1251 1681 poenitentia,

122 1692 158 1740 iat
176 1682 354 1742 secundum
379 1683 526 1742 ordinem
547 1686 716 1743 Canonum
728 1704 787 1766 pro
812 1683 925 1743 merito
944 1703 1001 1742 suo
1025 1682 1097 1762 quis
1127 1704 1253 1744 excom·

121 1764 306 1826 municetur
328 1774 360 1826 et
381 1765 622 1826 reconcilietur.

409 1872 457 1930 De
481 1871 602 1932 Clerico
624 1871 668 1932 ad
694 1872 822 1931 nitelam
844 1885 961 1933 vocata.

206 1976 242 2042 L.
285 1977 320 2038 si
334 1975 531 2058 Episcopus,
553 1977 743 2063 Presbyter,
765 1979 945 2053 Diaconos,
968 1975 1190 2038 subdiaconus
1211 1979 1251 2040 ad

121 2060 255 2121 tutelam
270 2061 322 2123 vel
344 2061 543 2120 curationem
569 2069 741 2137 vocentur,
763 2067 889 2120 tantum
915 2081 1033 2120 munus
1053 2060 1252 2120 administra·

121 2143 220 2202 tionis
240 2144 274 2202 in
306 2142 369 2214 hoc
396 2143 586 2202 conceditur
611 2143 792 2224 suscipere;
815 2142 840 2204 si
870 2153 974 2202 tamen
1001 2142 1085 2201 intra
1112 2151 1252 2224 quatuor

122 2247 247 2286 menses
263 2247 321 2306 per
346 2234 581 2307 competentem
611 2225 754 2285 Iudicem
783 2226 815 2284 iu
843 2224 969 2305 scriptis
998 2225 1253 2286 manifestaverit

123 2309 212 2388 quod
222 2306 406 2368 huiusmodi
418 2328 535 2368 munus
548 2329 604 2368 sua
620 2317 733 2390 sponte
746 2309 878 2391 recepit.
898 2309 940 2368 Et
955 2319 1033 2368 tunc
1054 2307 1139 2368 circa
1156 2307 1252 2368 aliam

122 2392 255 2452 tutelam
276 2389 511 2473 praeiudicium
532 2411 597 2451 non
619 2390 766 2473 patiatur.

160 2499 210 2560 De
231 2497 383 2560 Ecclesiis
402 2497 436 2556 in
457 2497 548 2572 rebus
565 2498 706 2581 propriis
725 2497 901 2557 constitutis
923 2509 953 2555 et
974 2493 1058 2555 inter
1077 2497 1208 2558 heredes

627 2578 752 2640 divisis.

202 2659 258 2722 Ll.
305 2661 470 2723 Perlatum
500 2661 540 2721 ad
569 2683 627 2726 nos
661 2671 708 2720 est
735 2661 823 2746 quod
851 2659 936 2720 inter
969 2660 1105 2723 heredes
1133 2663 1250 2723 Eccle-

90 2743 184 2806 ¹siae
217 2745 249 2804 in
286 2746 383 2806 rebus
419 2745 556 2827 propriis
599 2745 789 2804 constitutae
831 2743 1044 2819 dividantur,
1089 2755 1120 2805 et
1161 2753 1250 2804 tauta

120 2849 179 2909 per
209 2827 344 2888 eandem
377 2827 570 2890 divisionem
597 2828 740 2888 simultas
768 2825 908 2901 oriatur,
947 2835 981 2898 ut
1014 2828 1110 2888 unius
1142 2827 1250 2888 altaris

123 2919 261 2988 quatuor
307 2920 413 2990 partes
441 2911 536 2985 fiant,
575 2919 608 2970 et
644 2907 789 2992 singulae
822 2917 926 2990 partes
963 2909 1108 2990 singulos
1149 2909 1250 2969 habe-

123 3000 178 3049 ant
214 2992 434 3073 Presbyteros:
473 2992 560 3073 quod
599 2991 668 3054 sine
708 2992 866 3052 discordia
901 3000 933 3051 et
962 2993 1123 3053 simultate
1147 2992 1249 3051 vnullo

123 3073 218 3132 modo
257 3075 324 3153 geri
350 3082 465 3153 potest.
508 3074 599 3134 Unde
631 3074 721 3135 nobis
755 3075 860 3134 risum
893 3084 940 3134 est
978 3075 1067 3156 quod
1096 3075 1250 3136 huiusce-

124 3155 211 3214 modi
231 3155 395 3216 Ecclesiae
422 3156 511 3216 inter'
526 3155 661 3218 heredes
685 3157 783 3226 dividi
812 3177 878 3216 non
908 3157 1055 3236 debeant.
1096 3159 1138 3219 Et
1160 3157 1186 3219 si
1215 3157 1248 3216 in

124 3238 364 3298 contentionem
381 3241 548 3310 venerint,
572 3247 604 3299 et
623 3241 798 3300 simultates
827 3239 913 3299 iuter
948 3261 1001 3301 eos
1029 3239 1249 3316 surrexerint,

122 3339 275 3401 perquas
299 3321 453 3382 Sacerdos
466 3344 523 3400 suo
542 3321 586 3381 ibi
603 3323 706 3384 officio
725 3321 816 3404 fungi
837 3343 905 3381 non·
924 3323 1042 3402 possit,
1070 3323 1250 3405 praecipia-

123 3411 176 3462 tur
191 3403 229 3462 ab
248 3403 407 3484 Episcopo
425 3403 561 3466 civitatis
582 3413 618 3464 ut
633 3405 726 3465 nullo
746 3405 842 3464 modo
858 3404 902 3464 ibi¹
912 3405 1079 3466 Missarum
1095 3404 1252 3468 solemnia

123 3484 329 3545 celebrentur
342 3487 444 3548 eloneo
460 3489 510 3548 illi
535 3487 574 3548 ad
601 3489 806 3548 concordiam
835 3488 988 3564 redeant,
1025 3499 1058 3550 et
1083 3489 1152 3571 pari
1172 3499 1248 3548 voto

124 3577 219 3648 atque
237 3569 374 3629 consilio
390 3571 536 3631 Ecclesia
556 3571 611 3630 illa
629 3570 834 3631 Sacerdotem
856 3571 1010 3632 canonice
1028 3572 1162 3650 habeat,
1192 3570 1251 3653 qui

123 3649 224 3712 libere
245 3673 338 3713 suum
355 3653 570 3715 ministerium
585 3653 629 3713 ibi
644 3673 797 3736 peragere
817 3653 925 3736 possit.

123 3753 239 3818 Deliis
261 3741 384 3841 quibis
405 3772 459 3820 aret
479 3749 528 3838 ter
547 3760 585 3820 ab
615 3757 782 3843 Episcopis
803 3757 1051 3843 confirmantur,
1074 3760 1250 3839 ignoranti-

429 3844 486 3904 bus
507 3855 609 3903 tamen
630 3842 747 3902 eisdem
774 3841 950 3928 Episcopis.

203 3945 278 4013 LlI.
318 3946 450 4010 Dictum
468 3949 561 4010 nobis
580 3950 728 4029 estquod
745 3948 876 4030 quidam
894 3948 933 4009 de
952 3947 1047 4031 plebe
1070 3949 1119 4010 bis
1133 3959 1187 4009 aut
1205 3959 1254 4009 tcr

124 4028 161 4089 ab
179 4029 365 4112 Episcopis,
388 4031 611 4114 ignorantibus
634 4042 739 4093 tamen
766 4032 886 4093 eisdem
917 4032 1104 4114 Episcopis,
1134 4035 1252 4093 contir-

122 4123 261 4174 mentur.
282 4113 375 4174 Unde
395 4115 489 4176 nobis
507 4116 613 4177 visum
632 4125 680 4176 est
698 4115 833 4176 eandem
848 4115 1139 4186 confirmationem,
1170 4118 1253 4179 sicut

124 4215 185 4255 uec
201 4195 413 4278 baptismum,
438 4198 547 4258 iterari
571 4198 704 4270 minime
722 4198 856 4274 debere,
880 4199 954 4279 quia
976 4197 1107 4278 bos‘qui
1128 4199 1177 4261 bis
1202 4200 1252 4260 vel

123 4279 259 4362 amplius
284 4279 488 4362 baptizantur
508 4291 562 4342 aut
583 4282 833 4360 confirmantur,
858 4303 922 4342 nou
948 4283 1075 4360 seculo,
1106 4283 1161 4343 sed
1192 4284 1250 4345 soli
