2926 4986
139 387 145 398 ,
189 309 261 384 750
568 335 570 344 ·
614 327 908 427 carnutaaiun,
942 317 945 324 '

186 465 351 550 quaelihet
379 465 439 528 sub
463 487 656 550 quacunque
688 471 856 532 occasione
879 470 1053 554 perierint,
1074 478 1132 530 aut
1156 465 1315 545 arserint,
1349 529 1355 536 ,

185 551 238 612 vel
260 548 343 610 servi
363 549 525 609 violenter
549 552 693 634 occupati
710 553 826 613 mortui
848 551 1182 635 l'uerint„quamlibet
1202 549 1317 619 fraude

185 633 275 692 illius
301 631 358 712 qai
378 633 547 712 occupavit
572 634 606 695 id
623 635 711 715 quod
733 636 829 717 perit,
852 639 968 698 factum
993 657 1058 697 non
1079 635 1317 707 videatur,‚ta-

185 737 258 775 men
274 715 312 774 ah
331 714 398 794 ipso
418 737 631 798 quaecunque
651 718 809 800 perierint
828 719 996 781 reddenda
1014 727 1089 780 sunt
1108 718 1167 799 qui
1186 737 1255 778 rem
1268 714 1316 774 iu·

184 797 347 860 risuliani
371 796 533 858 violenter
558 799 646 860 risus
665 809 712 861 est
733 823 914 883 occupasse.

185 904 234 963 Dc
262 905 310 962 liis
336 903 391 983 (μα’
417 924 486 961 cnm
510 906 676 985 pecoribus
696 908 781 967 coitu
802 909 900 968 mixti
915 920 1005 980 sunt,
1032 918 1087 968 ant
1108 925 1194 966 more
1218 925 1316 986 pecc·

185 1007 255 1048 rum
278 1005 372 1067 usque
394 983 562 1067 affinitatis
580 987 694 1048 lineam
716 1011 786 1048 cum
805 990 1041 1068 consanguineis
1066 991 1218 1048 incestum
1234 1007 1316 1051 com·

364 1068 533 1138 miserant,
557 1071 620 1128 sire
638 1091 707 1130 cum
725 1071 871 1132 masculis
890 1073 1132 1134 concubuerunt.

267 1170 436 1235 CCCLVl.
479 1173 514 1232 ln
530 1172 591 1232 hoc
609 1174 702 1234 titulo
719 1176 841 1235 Graeca
852 1176 949 1236 verba
968 1175 1070 1258 posita
1089 1185 1179 1252 sunt,
1196 1175 1233 1236 id
1250 1184 1316 1240 est:

184 1255 259 1340 accpi
278 1264 343 1316 τῶν
360 1253 647 1337 άλογευσαμένων,
668 1254 687 1324 ti
704 1256 760 1316 καὶ
775 1257 1024 1338 ἁλογευομένων.
1067 1259 1164 1336 Quod
1182 1279 1241 1320 nos
1256 1261 1316 1318 La·

184 1339 252 1400 tine
270 1359 437 1420 possumus
463 1337 586 1400 dicere:
619 1340 667 1399 De
691 1341 739 1397 his
756 1341 811 1414 qici
829 1341 1099 1402 inrationabiliter
1111 1342 1231 1400 versati
1242 1353 1316 1402 sunt

183 1424 246 1482 sire
272 1433 447 1480 versantur.
496 1423 530 1480 ln
559 1442 620 1500 qua
644 1421 804 1481 sententia
830 1443 941 1482 sensns
964 1422 1084 1504 triplex
1105 1431 1167 1483 est:
1193 1421 1315 1500 idest,

184 1505 224 1565 de
248 1501 299 1564 his
321 1502 378 1582 qui
401 1524 474 1562 cum
496 1503 664 1586 pecoribus
690 1511 778 1564 coitu
798 1503 891 1564 mixti
911 1515 1003 1582 sunt,
1027 1515 1082 1564 aut
1107 1524 1195 1564 more
1215 1525 1316 1588 peco-

182 1609 255 1646 rum
268 1607 341 1666 cum
355 1585 602 1666 consanguineis
613 1607 713 1666 usque
729 1585 902 1646 adfinitatis
921 1587 1039 1646 lineam
1054 1587 1211 1648 incestum
1230 1607 1315 1647 com-

183 1669 352 1742 miserunt,
375 1675 429 1725 aut
451 1687 525 1728 cum
545 1669 694 1730 musculis
724 1669 982 1729 concubuerunt.
1026 1667 1180 1748 Quisquis
1206 1677 1315 1728 antem

181 1770 224 1810 ex
245 1750 294 1811 his
316 1770 417 1809 unum
439 1749 552 1831 egerit,
574 1763 629 1812 aut
648 1751 750 1831 capite
771 1751 938 1832 puniatur;
965 1760 1030 1826 aut,
1052 1749 1079 1814 si
1100 1751 1131 1810 ei
1150 1749 1217 1812 vita
1237 1771 1315 1811 cona

182 1851 270 1892 cessa
291 1832 407 1906 fuerit,
431 1831 520 1891 iuxta
540 1834 701 1916 Ancyrani
725 1833 866 1894 Concilii
888 1833 1091 1910 sententiam,
1114 1831 1244 1912 quaein
1264 1853 1316 1893 ca-

181 1913 287 1997 pitulo
311 1911 435 1974 decimo
456 1923 546 1974 sexto
569 1916 777 1993 continetur,
798 1915 1031 1998 poenitentiam
1054 1914 1212 1976 veraciter
1230 1924 1314 1996 agat.

207 2019 303 2104 Quod
323 2024 357 2082 in
385 2041 479 2078 causa
501 2018 643 2102 capitali,
665 2021 718 2081 vel
736 2022 768 2079 in
786 2042 880 2080 causa
901 2034 1012 2090 status,
1037 2041 1100 2082 non
1117 2041 1177 2104 per
1198 2019 1293 2082 adro-

432 2114 538 2172 catos,
569 2102 627 2160 secl
648 2124 707 2185 per
727 2105 812 2185 ipsos
835 2105 876 2162 sit
900 2102 1063 2184 agendum.

266 2205 450 2270 CCCLVll.
494 2207 529 2268 Si
549 2208 683 2294 qnando¹
702 2207 734 2266 in
759 2229 852 2268 causa
868 2207 995 2290 capitali
1013 2205 1067 2270 vel
1088 2205 1121 2268 in
1139 2209 1232 2282 causa
1245 2217 1313 2270 sta·

181 2302 233 2379 tus
254 2291 497 2434 interdpellatum
518 2290 627 2368 luerit,
653 2310 718 2349 non
743 2312 802 2372 per
820 2301 1053 2374 procuratores,
1076 2289 1132 2352 sed
1152 2312 1210 2372 per
1224 2290 1312 2374 ipsos

182 2385 230 2436 est
247 2395 326 2454 agen
354 2395 416 2434 um.

185 2479 227 2540 Ut
251 2480 492 2561 Metropolitani
519 2469 748 2562 Episcopornm
779 2478 1085 2556 comprovincialium
1108 2497 1216 2539 causas
1243 2501 1309 2542 non

198 2575 402 2646 praesumant
422 2561 550 2638 andire,
572 2563 634 2620 nisi
655 2573 836 2644 praesentes
858 2580 964 2620 omnes
981 2558 1109 2640 fuerint
1135 2561 1288 2648 Episcopi

593 2642 882 2724 comprovinciales.

264 2725 469 2788 CCCLVlll.
512 2724 633 2808 Siquis
653 2723 920 2805 Metropolitanus
936 2724 1125 2806 Episcopus,
1142 2724 1204 2788 nisi
1217 2727 1307 2808 qaod

179 2809 220 2872 ad
249 2831 338 2871 suam
359 2807 557 2872 solummodo
578 2807 738 2888 propriam
755 2805 895 2886 pertinet
915 2807 1109 2886 parochiam,
1131 2809 1200 2870 sine
1225 2831 1306 2869 con-

178 2893 252 2955 silio
276 2902 307 2952 et
324 2893 487 2952 voluntate
509 2892 652 2952 omnium
666 2889 986 2970 comprovincialium
1002 2891 1235 2972 Episcoporum
1252 2911 1305 2950 ex·

179 2985 227 3036 tra
250 2975 375 3056 aliquid
397 2994 490 3052 agere
513 2972 698 3044 tentaverit,
720 2972 836 3053 gradus
862 2972 913 3032 sui
936 2973 1085 3053 periculo
1109 2972 1302 3044 subiacebit3

179 3069 212 3120 et
232 3057 319 3139 quod
340 3059 461 3137 egerit,
486 3055 610 3114 irritum
636 3053 791 3114 habeatur
815 3063 848 3114 et
871 3076 1016 3119 vacuum.
1058 3055 1122 3116 Sed
1148 3055 1304 3136 quicquid

180 3142 220 3202 de
240 3141 486 3221 provincialium
508 3137 779 3218 Coepiscoporum
799 3135 902 3196 causis
925 3159 1118 3218 suarumque
1139 3137 1303 3198 Ecclesia-

178 3246 249 3284 rum
264 3217 296 3281 et
315 3220 516 3282 Clericorum
531 3231 625 3300 atque
641 3219 842 3279 Secularium
864 3221 1116 3295 necessitatibus,
1139 3241 1231 3300 agere
1248 3227 1305 3279 aut

179 3307 349 3385 disponere
371 3324 499 3362 neccsse
516 3303 625 3374 fuerit,
646 3301 708 3362 hoc
730 3322 802 3360 cum
819 3301 963 3361 omnium
984 3321 1139 3362 consensu
1160 3323 1303 3382 compro·

178 3385 364 3450 vincialium
383 3395 493 3465 sugatur
510 3385 716 3461 Pontificum,
738 3404 802 3442 non
829 3383 937 3464 aliquo
956 3383 1181 3444 dominationis
1206 3385 1302 3460 fastu,

178 3470 236 3530 scd
248 3465 428 3528 humillima
442 3477 473 3526 et
491 3467 644 3528 concordi
663 3466 950 3540 administratione,
971 3466 1053 3526 sicut
1067 3466 1222 3526 Dominus
1240 3465 1303 3524 aits

178 3554 250 3614 Non
273 3551 551 3622 amministrum,
574 3547 632 3608 sed
645 3551 833 3614 ministrare.
877 3549 919 3608 Et
939 3548 1033 3608 alibi:
1056 3549 1119 3630 Qui
1140 3551 1241 3608 maior
1255 3559 1302 3605 est

179 3646 344 3703 vestrum,
378 3635 439 3692 erit
457 3633 602 3712 minister
626 3643 742 3698 vestem·
774 3639 805 3688 et
832 3630 968 3711 reliqua.
1011 3629 1167 3690 Similiter
1187 3639 1218 3690 et
1241 3629 1302 3709 ipsi

180 3714 466 3796 comprovinciales
486 3712 635 3794 Episcopi
657 3733 728 3772 cum
749 3713 817 3772 eius
835 3713 983 3787 consilio,
1006 3712 1067 3772 nisi
1089 3722 1245 3791 quantum
1262 3709 1303 3769 ad

200 3798 321 3878 soprius
345 3796 485 3879 pertinet
503 3795 680 3876 parochias,
702 3805 796 3875 agant
817 3794 905 3854 iuxta
928 3804 1109 3854 sanctorum
1132 3796 1303 3854 constituta

177 3822 332 3950 Battum
365 3890 402 3940 ut
421 3899 486 3937 uno
503 3877 620 3953 animo,
642 3898 709 3936 uuo
733 3898 801 3954 ore,
823 3876 1027 3938 concorditer
1046 3886 1154 3938 sancta
1173 3875 1304 3958 ,glorifi-

175 3972 268 4024 cetur
288 3962 430 4022 Trinitas
447 3960 480 4018 in
503 3961 622 4024 secula,

200 4065 242 4129 Ut
267 4067 466 4152 reprehensio
487 4087 549 4147 qtae
575 4065 666 4124 Laici
685 4076 874 4142 urgerentur,
891 4139 893 4144 Ι
910 4065 929 4124 lc
944 4063 1083 4158 ,Clericis
1107 4077 1283 4148 respuatur.

257 4169 430 4244 CCCLlX.
470 4172 588 4231 Notum
610 4168 651 4229 sit
671 4167 820 4229 omnihus
842 4167 919 4263 quia
942 4169 1028 4250 quod
1056 4169 1088 4230 in
1119 4169 1223 4230 laicis
1248 4191 1304 4228 re-

176 4255 408 4344 prehenditur,
433 4237 466 4316 id
493 4251 714 4334 multomagis
738 4250 834 4322 debet
855 4271 888 4312 m
915 4250 1304 4336 eteritis.psaetamnari;
1365 4272 1376 4284 ⁸
1448 4263 1449 4270 ¹
