2926 4986
218 301 292 380 710
642 319 930 382 carnusasuua

212 461 389 528 etesiarum
407 471 517 546 petere
542 471 599 527 aut
622 460 791 542 invadere,
815 462 873 526 rel*
896 470 1028 544 vastare,
1061 473 1119 529 nat
1151 481 1350 550 quocunque

213 545 349 630 ingenio
363 545 506 606 alienare
523 554 714 630 praesumat.
757 546 898 625 Quodsi
915 547 988 630 quis
1012 547 1138 626 lecerit,
1150 558 1217 608 tam
1235 551 1352 612 uostris

212 651 310 714 qnam
326 636 359 689 ct
377 645 596 691 successorum
616 638 800 690 nostrorum
814 631 1024 712 temporibus,
1047 631 1163 712 poenis
1189 632 1350 714 sacrilegii

211 713 387 788 subiaceat,
403 721 435 772 et
466 711 481 770 l
513 711 604 772 nobis
628 721 726 794 atque
748 712 984 776 successoribus
1008 711 1136 792 nostris,
1167 715 1352 796 nostrisque

211 792 384 860 ludicibns
403 793 456 855 rel
478 793 667 873 Conritibns,
682 794 768 856 sicut
788 793 962 878 sacrilegus
984 803 1016 856 et
1027 794 1192 857 homicida
1215 797 1273 858 vel
1302 798 1355 856 sur

211 877 387 959 sacrilegus
402 876 551 958 legaliter
567 877 732 960 puniatur,
752 885 785 938 et
802 876 842 936 ab
854 877 1022 962 Episcopis
1036 879 1152 940 uostris
1163 878 1353 938 anathema-

211 961 342 1034 tizetur,
361 957 406 1019 ita
419 968 456 1019 ut
473 968 617 1022 mortuns
634 960 730 1021 ctiam
746 960 911 1042 sepultura
926 969 959 1022 et
972 959 1167 1023 cunctisDei
1185 961 1353 1024 Ecclesiae

210 1041 362 1129 precibus
379 1050 413 1104 et
432 1041 649 1106 oblationibus
669 1050 786 1119 careat,
805 1063 866 1106 uec
885 1042 1121 1126 eleemosynam
1145 1063 1240 1106 suum
1263 1045 1353 1126 qnis-

212 1147 311 1212 quam
331 1123 476 1204 recipiat.
498 1125 596 1202 Quod
611 1133 718 1188 autem
731 1123 1133 1208 maximunsscrilegium
1150 1127 1193 1188 sit
1220 1149 1274 1188 res
1295 1128 1353 1188 Ec-

213 1207 331 1272 clesiae
351 1209 490 1284 auterre,
508 1206 676 1286 invadere,
696 1206 850 1285 alienare,
872 1217 1008 1287 rasmre,
1036 1209 1090 1272 rel
1115 1207 1257 1290 subripi,
1292 1231 1354 1268 ma-

212 1283 299 1354 xime
326 1311 438 1352 omnes
457 1289 643 1372 Scripturas
658 1289 788 1351 divinae
808 1298 978 1352 testantur.
1018 1291 1062 1354 Et
1080 1291 1195 1354 beatus
1212 1294 1354 1375 Symma-

214 1373 295 1437 chus
310 1373 396 1456 Papa
413 1373 560 1457 synodali
578 1373 739 1435 sententia
757 1381 890 1434 cunctos
905 1372 1067 1450 feriendo,
1082 1374 1180 1436 dicits
1201 1369 1353 1456 Iniquum

216 1467 274 1532 est,
292 1454 412 1536 inquit,
429 1467 462 1516 ct
479 1456 639 1535 sacrilegii
656 1455 767 1532 instar,
787 1466 822 1514 nt
837 1476 917 1537 quae
938 1455 986 1516 vel
1006 1477 1067 1537 pro
1087 1455 1187 1517 salute
1214 1457 1272 1517 vel
1293 1475 1352 1540 pro

216 1538 324 1618 requie
344 1539 520 1598 animam
534 1559 660 1600 suarum
674 1536 884 1618 unusquisqne
899 1537 1076 1600 venerabili
1087 1537 1266 1616 Ecclesiae,
1277 1559 1353 1623 pass·

213 1639 325 1704 perum
335 1639 441 1691 causa,
454 1621 623 1684 contulerit
637 1631 691 1680 aut
710 1631 792 1680 certe
805 1618 981 1702 reliquerit,
998 1621 1036 1682 al
1054 1621 1103 1682 tis
1120 1620 1234 1704 quidus
1245 1621 1352 1680 maxi·

217 1721 266 1760 me
280 1701 405 1762 seruari
420 1715 617 1774 convenerat,
630 1697 753 1781 auferri
768 1703 869 1762 autin
884 1701 975 1762 als'ud
994 1701 1173 1784 transferri,
1191 1703 1236 1764 Et
1253 1702 1353 1764 multe

215 1790 402 1844 sanctornm
418 1785 587 1844 Canonum
602 1785 730 1845 decreta
748 1792 780 1844 et
798 1791 981 1844 sanctorum
996 1787 1127 1847 Petrum
1142 1786 1251 1848 edicta
1274 1783 1353 1844 haec

216 1863 330 2004 eastlenq
347 1869 522 2008 teqtlpplturs
543 1887 626 1950 quae
642 1865 778 1930 scrutari
807 1872 842 1926 et
856 1863 939 1930 scire
969 1867 1177 1953 cupientibus
1196 1866 1354 1956 perfacile

216 1967 257 2028 pa
274 1966 340 2005 en.
422 1967 431 2004 1
459 1996 467 2014 ,

215 2075 266 2139 De
281 2075 449 2138 sceleribus
466 2074 617 2160 nefandis
633 2075 674 2143 ob
694 2099 776 2164 quae
787 2099 882 2162 regnu
895 2097 1046 2164 percussa
1057 2088 1149 2159 suat,
1171 2090 1206 2141 ut
1222 2080 1354 2166 penitus

684 2175 866 2225 caueantur.
1222 2193 1225 2200 ·

300 2261 454 2328 CXLIII.
493 2259 706 2328 Prohibemus
721 2267 865 2348 omnino,
882 2265 1060 2352 sublpoena
1072 2267 1247 2352 sacrilegii,
1257 2289 1356 2352 geue·

216 2345 330 2410 raliter
345 2346 493 2410 omnibus
515 2359 705 2411 cunctarum
715 2351 934 2412 Ecclesiarum
949 2361 1056 2411 rernm
1075 2350 1271 2430 invasiones,
1285 2373 1354 2411 vas-

217 2431 367 2510 tationes,
383 2429 605 2510 alienationes,
619 2431 893 2515 sacerdotumque
914 2443 947 2496 et
961 2433 1163 2518 reliquorum
1182 2455 1356 2495 serrorum

216 2514 278 2575 Dei
297 2515 534 2596 oppressiones,
555 2515 753 2592 vexationes,
768 2525 865 2599 atque
884 2526 1076 2578 cunctorum
1094 2537 1250 2598 generum
1268 2516 1354 2575 iniu-

217 2597 293 2673 rias,
313 2617 441 2658 necnon
459 2606 490 2658 et
510 2598 634 2659 cunctis
659 2598 826 2680 utriusque
849 2619 944 2660 sexus
966 2599 1149 2661 bominibus
1179 2598 1353 2673 adulteria,

217 2678 460 2754 fornicationes,
473 2678 739 2762 sodomiticasque
756 2682 910 2758 luxurias,
928 2690 1024 2765 atque
1036 2682 1158 2744 incesta
1172 2681 1226 2744 rel
1236 2690 1354 2742 cuncta

217 2761 344 2822 inlicita
361 2761 524 2844 coniugia,
541 2761 715 2824 homicidia
739 2763 869 2841 iniusta,
889 2765 1043 2844 periuria,
1061 2765 1140 2824 falsa
1155 2763 1353 2840 testimonia,

218 2853 250 2904 et
273 2843 380 2904 omnia
399 2843 535 2921 inlicita,
552 2867 610 2927 pro
635 2845 751 2928 quihus
770 2867 833 2906 non
856 2847 960 2906 solum
981 2867 1080 2930 regna
1104 2855 1136 2906 et
1156 2847 1271 2928 Reges,
1296 2843 1353 2906 scd

217 2927 313 2986 etiam
330 2925 477 2988 homines
499 2927 531 2986 in
553 2929 599 2989 eis
617 2936 866 3004 commanentes,
891 2923 997 3010 perire
1018 2927 1237 3010 cognovimus.
1288 2926 1352 2988 Sed

216 3009 304 3092 quia,
328 3011 399 3069 Deo
415 3009 600 3087 auxiliante,
614 3032 672 3092 per
686 3011 797 3070 merita
811 3020 843 3071 et
869 3010 1131 3072 intercessionem
1159 3012 1353 3071 Sanctorum

158 3147 161 3176 3
218 3091 450 3232 'sessorumqpe
460 3092 531 3169 Dei,
548 3114 630 3174 quos
644 3092 815 3154 sublimare
833 3103 864 3156 et
885 3091 1044 3156 honorare
1058 3093 1240 3153 curavimus
1254 3103 1351 3174 atque

219 3195 381 3250 curamus,
427 3184 558 3236 actenus
576 3197 633 3235 nos
651 3185 682 3235 et
696 3197 893 3237 successores
908 3178 1007 3237 nostri
1029 3197 1127 3257 regna
1151 3183 1183 3236 et
1201 3175 1352 3256 regiones

218 3255 458 3336 adquisivimus,
476 3266 509 3318 et
525 3257 674 3318 victorias
692 3261 805 3319 multas
824 3258 1005 3333 habuimus,
1032 3259 1186 3338 deinceps
1214 3279 1354 3318 summo-

217 3359 295 3422 pere
311 3340 459 3400 omnibus
475 3340 566 3400 nobis
579 3341 818 3421 providendum
835 3350 882 3401 est
903 3362 943 3402 ne
960 3363 1018 3424 pro
1037 3339 1131 3402 dictis
1154 3340 1291 3402 inlicitis
1321 3348 1352 3400 et

216 3421 429 3502 spurcissimis
440 3422 591 3499 luxuriis,
606 3421 666 3501 his,
688 3425 777 3506 quod
796 3423 888 3500 absit,
907 3443 1080 3486 careamus.
1126 3425 1207 3484 llam
1231 3424 1351 3482 multae

216 3502 386 3584 regiones,
416 3525 500 3586 quae
530 3525 639 3567 rernm
659 3506 877 3566 Ecclesiarum
900 3504 1104 3582 invasiones,
1133 3506 1350 3578 vastationes,
1433 3571 1434 3590 ,

217 3586 453 3663 alienationes,
483 3587 758 3670 vexationesque,
790 3598 822 3648 et
853 3590 1062 3661 Sacerdotnm
1083 3588 1351 3669 reliquorumque
1433 3597 1434 3630 ³

216 3690 385 3730 servorum
399 3670 461 3732 Dei
482 3671 706 3752 oppressiones
721 3672 1000 3753 vel'quascunque
1019 3670 1167 3747 iniurias,
1186 3691 1269 3752 quae
1290 3671 1352 3729 iam

216 3752 302 3813 dicta
321 3751 445 3813 inlicita
462 3761 494 3813 et
514 3751 684 3829 adulteria,
704 3754 756 3814 vel
774 3753 994 3816 sodomiticam
1011 3753 1175 3814 luxuriam
1196 3755 1251 3814 vel
1268 3775 1352 3814 com-

217 3833 408 3896 mixtionem
423 3833 641 3914 meretricum,
660 3847 796 3898 sectatae
817 3839 971 3913 luerunt,
1000 3858 1060 3897 nec
1084 3835 1117 3895 in
1139 3835 1228 3896 bello
1258 3857 1352 3897 secu·

155 3945 157 3951 2
217 3920 278 3978 lari
297 3919 405 3998 fortes,
424 3939 484 3978 nec
500 3917 533 3978 in
559 3917 621 3978 fide
639 3920 768 3980 stabiles
786 3918 1006 4000 perstiterunt.
1029 3919 1072 3982 Et
1087 3917 1228 4000 qualiter
1243 3917 1353 3980 Domi-

217 4024 278 4062 nus
300 4001 412 4062 talium
429 4001 601 4064 criminum
616 4001 829 4084 patratoribus
848 4001 980 4062 ultrices
996 4021 1116 4082 poenas
1132 4021 1191 4083 per
1207 4001 1354 4061 Sarrace-

219 4105 276 4144 nos
302 4094 335 4145 et
349 4084 428 4148 alios
448 4085 586 4167 populos
609 4086 722 4146 venire
743 4095 773 4145 et
787 4085 908 4147 servire
921 4084 1076 4164 permisit,
1099 4084 1225 4144 cunctis
1242 4105 1352 4144 earum

219 4175 306 4245 gesta
328 4167 511 4250 legentibus
527 4167 639 4250 liquet.
681 4169 723 4230 Et
739 4169 799 4230 nisi
823 4189 881 4230 nos
906 4167 945 4228 ab
964 4166 1011 4228 his
1028 4187 1205 4244 caveamus,
1235 4166 1353 4228 similia

132 4255 135 4262 '
219 4248 312 4309 nobis
336 4250 546 4334 supervenire
575 4272 639 4312 non
673 4252 853 4314 dubitamus
884 4249 960 4333 quia
985 4250 1104 4314 vindex
1129 4260 1177 4314 est
1196 4253 1287 4315 Deus
1312 4250 1352 4310 de
