2910 4986
190 281 266 367 442
613 301 905 364 carrrutanmn

189 443 339 592 ppppecta
352 450 420 523 est,
440 451 496 508 aut
509 443 620 530 aliqud
630 445 893 532 impossibilitate
900 445 955 510 vel
971 447 1057 514 cerui
1074 449 1199 544 ratione
1213 449 1330 514 dilata.

229 551 240 589 ι
267 573 274 590 .
294 549 321 590 c.
335 547 385 589 ao.

569 637 625 700 De
647 639 741 700 nonis·
762 649 795 700 et
811 637 951 701 decimis.

270 743 358 805 xxt
397 743 447 804 De
463 743 557 808 nonis
570 745 702 828 quidem
715 755 748 808 et
760 746 915 824 decimis,
926 745 1014 808 unde
1028 755 1061 807 et
1074 749 1202 831 genitor
1215 759 1331 812 noster

189 833 223 888 et
238 846 296 887 nos
313 827 504 908 frequenter
521 836 553 889 et
567 828 600 888 in
618 828 758 890 diversis·
770 829 897 911 placitis
910 828 1164 893 admonitionem
1176 832 1324 910 fecimus,

188 918 221 970 ct
239 931 299 992 per
313 909 511 991 Capitularia
532 915 641 972 nostra
660 912 808 992 qualiter·
819 911 900 972 haec
923 913 1139 974 observentur·
1156 915 1326 976 ordinavi-

186 1011 275 1069 mus,
297 992 447 1052 volumus
465 1001 561 1073 atque
584 994 736 1054 iuhemus·
750 1009 789 1072 ut
809 995 848 1056 de
872 995 958 1054 omni
985 995 1209 1075 conlaborato,
1233 998 1325 1058 etde

185 1074 265 1134 vino
284 1082 315 1134 et
329 1075 447 1151 foeno,
470 1075 658 1137 fideliteret
669 1077 814 1159 pleniter
827 1077 865 1137 ab
883 1077 1033 1138 omnibus
1052 1099 1138 1139 nona
1152 1089 1183 1140 et
1199 1080 1328 1141 decima

186 1157 398 1238 persolvatur.
439 1159 488 1218 De
514 1159 690 1220 nutrimine
721 1182 801 1224 vero
825 1181 884 1243 pro
908 1159 1051 1237 decima,
1071 1161 1326 1222 sicuthactenus

188 1239 389 1300 consuetudo
404 1239 485 1317 fuit,
508 1241 551 1302 ab¹
563 1242 709 1303 omnibus
729 1242 926 1304 observetur.
963 1242 997 1302 si
1014 1242 1087 1322 quis
1104 1254 1211 1304 tamen
1227 1244 1325 1325 Epis·

188 1343 343 1402 coporum
357 1323 458 1384 fuerit
478 1325 536 1405 qui
563 1334 730 1406 argentum
755 1347 813 1406 pro
836 1325 900 1384 hoo
922 1323 1067 1406 accipere
1088 1327 1188 1403 velit,
1212 1326 1246 1384 in
1266 1347 1325 1387 sua

187 1413 316 1464 maneat
331 1415 508 1486 potestate„
527 1406 618 1466 iuxta
635 1407 723 1488 quod
742 1408 772 1467 ei
791 1417 823 1468 et
840 1406 891 1467 illi
910 1406 967 1487 qui
981 1407 1244 1490 hoc'persolvere
1265 1408 1331 1470 de-

188 1485 261 1564 bet,
285 1488 482 1548 convenerit.
524 1488 612 1551 Idid..
630 1510 656 1549 c.
678 1510 730 1549 21.
1083 1523 1086 1526 ·

241 1603 297 1664 De
318 1603 470 1685 operibus·
486 1604 520 1662 in
541 1603 800 1662 restaurationem
821 1601 1039 1664 Ecclesiarum
1058 1604 1284 1690 orfimplendis.

270 1719 372 1776 XXII.
416 1717 575 1780 Similiter
599 1718 731 1799 quidem
758 1717 797 1778 de
821 1719 977 1800 operibus·
999 1720 1033 1780 in
1058 1720 1328 1780 restaurationem

187 1799 426 1876 Ecclesiarum,
448 1800 515 1861 sive
538 1801 571 1860 in
593 1802 743 1862 faciendo
756 1846 769 1876 ‚.
787 1799 854 1862 sive
875 1801 914 1862 in*
931 1802 1143 1880 redimendo‚.
1163 1803 1328 1885 episcopa-

188 1883 229 1944 lis
248 1881 352 1963 potius
370 1893 524 1964 sequatur
541 1884 699 1947 voluntas.
719 1883 917 1946 Nullatenus
928 1894 1034 1946 tamen
1052 1895 1216 1946 remaneat
1230 1887 1325 1966 quin,

189 1965 306 2026 sicuti
325 1965 416 2024 nohis
431 1986 524 2046 saepe
542 1967 664 2026 iussum
683 1974 751 2038 est,
770 1964 833 2026 hoc
859 1977 916 2027 aut
935 1967 1021 2030 illud
1039 1967 1184 2048 partibus
1204 1968 1325 2027 Eccle-

189 2048 309 2108 siarum
322 2047 532 2126 persolvatur.
574 2049 616 2108 Et
630 2049 692 2110 hoc
712 2047 862 2110 omnibus·
876 2059 986 2110 notum
1004 2050 1065 2127 sit,
1089 2049 1165 2132 quia
1179 2049 1330 2130 quicun-

190 2151 254 2210 que
273 2129 483 2210 neglegenter
502 2128 620 2191 exinde
641 2131 743 2213 egerit
751 2175 765 2207 ‚.
784 2139 815 2190 et
836 2154 943 2193 coram
962 2133 1053 2193 nohis
1071 2130 1189 2192 exinde
1208 2131 1327 2212 negle-

190 2233 270 2295 gens
284 2221 430 2286 repertus
445 2212 563 2287 fuerit,
587 2213 672 2274 illud
691 2215 837 2275 volumus
855 2215 989 2275 omnino
1007 2225 1043 2274 ut
1055 2215 1166 2275 subeat
1180 2214 1269 2295 quod
1288 2212 1323 2269 in

191 2304 301 2354 nostro
315 2293 491 2372 Capitulari
506 2294 545 2354 de
557 2293 617 2355 hac
629 2318 664 2356 re
673 2341 682 2372 ‚
699 2297 862 2358 communi
879 2297 1029 2359 consultu
1041 2296 1187 2357 fidelium
1202 2304 1332 2355 nostro-

190 2398 283 2453 rum,
305 2376 531 2437 ordinavimus.
574 2377 663 2444 Ibid'.
675 2399 701 2444 c.
712 2401 761 2439 22.

230 2493 288 2555 De
315 2489 485 2552 Comitibus
495 2535 510 2564 ,
538 2503 571 2551 ut
599 2493 751 2552 ministris
772 2491 933 2553 Ecclesiae
962 2494 996 2552 in
1015 2493 1080 2553 suis
1100 2493 1288 2552 ministeriis·

635 2573 796 2635 adiutores
816 2576 889 2635 sint.

271 2691 391 2752 XXIII.
434 2689 576 2752 Comites
598 2711 678 2752 vero
696 2689 849 2752 Ministris
866 2691 1035 2753 Ecclesiae
1059 2691 1094 2751 in·
1120 2713 1234 2753 eorum
1261 2694 1322 2752 mi-

174 2773 355 2852 nisteriis,
378 2783 414 2834 ut
430 2773 493 2835 hoc
508 2772 635 2856 plenius
648 2782 678 2833 et
697 2773 737 2836 de
753 2773 885 2850 nostris,
911 2783 943 2834 et
964 2774 1003 2834 dc
1024 2795 1061 2834 se
1077 2775 1162 2835 etde
1181 2774 1246 2835 suis
1265 2775 1325 2836 ho-

189 2856 352 2934 minibus,
382 2857 530 2918 obtinere
558 2855 697 2936 possint,
732 2857 893 2917 adiutores
918 2856 951 2915 in
977 2856 1127 2918 omnibus·
1152 2855 1239 2921 fiant.
1282 2859 1325 2918 Et

191 2941 380 3021 quicunque
401 2939 503 3022 primi
522 2946 555 2998 et
574 2938 716 2999 secundia
736 2938 807 2999 vice
832 2938 870 2998 de
891 2938 941 2998 his
961 2937 977 2996 ia
994 2939 1122 2998 C'omite·
1140 2938 1324 3000 admonitus

192 3043 258 3083 non
274 3045 306 3084 se
329 3021 527 3098 correxerit,
548 3022 696 3081 volumus
715 3029 752 3080 ut
768 3041 826 3102 per
846 3021 985 3080 eundem·
999 3020 1158 3082 Comitem·
1176 3021 1245 3081 eius
1263 3043 1324 3081 ne-

192 3103 354 3186 glegentia
369 3105 408 3164 ad
423 3114 563 3165 nostram
581 3103 724 3164 notitiam
737 3104 941 3182 perferatur‚.
960 3111 997 3162 ut
1013 3104 1119 3164 nostri
1134 3103 1323 3162 auctoritate

191 3187 281 3268 quod
298 3187 331 3245 in
347 3195 455 3246 nostro
468 3185 646 3268 Capitulari
659 3186 855 3262 continetur,
869 3185 976 3246 subire
990 3195 1130 3266 cogatur.
1144 3183 1228 3249 [bid.
1238 3206 1264 3248 c.
1273 3186 1323 3244 23.

192 3301 248 3362 De
270 3299 424 3385 Capitulis
443 3301 463 3360 dt
481 3275 676 3360 Concellu'rio
690 3300 805 3384 palatii
817 3301 858 3360 ab
874 3301 1128 3384 Archiepiseopis
1145 3311 1176 3359 et
1192 3299 1323 3361 Comiti-

622 3383 677 3444 bus
688 3382 896 3466 accipiendis.

274 3497 391 3562 XXIV.
433 3497 591 3558 Volumus
621 3497 716 3557 etlam
744 3505 779 3556 ut
806 3497 947 3579 capitula
977 3517 1059 3577 quae
1087 3516 1175 3555 nunc
1199 3503 1233 3554 et
1258 3493 1322 3554 alio

193 3587 334 3662 tempore
352 3580 503 3641 consultu
519 3578 664 3639 fidelium
684 3588 865 3639 nostrorum
884 3579 901 3639 11
928 3579 1019 3640 nohis
1034 3577 1207 3639 constituta
1226 3585 1321 3654 sunt,

192 3659 431 3728 iaCanoellario
453 3672 560 3722 nostro
583 3660 826 3742 Archiepiscopi
848 3671 881 3722 et
896 3660 1036 3721 Comites
1052 3681 1163 3720 eorum
1184 3659 1223 3718 de
1245 3681 1322 3739 pro-

191 3743 272 3825 priis
288 3743 470 3805 civitatibus
490 3744 585 3804 modo
603 3752 657 3802 aut
671 3764 778 3824 perse
793 3753 847 3802 aut
862 3765 920 3825 per
934 3766 1007 3805 suos
1024 3742 1135 3802 Missos
1150 3741 1323 3820 accipiant,
1406 3807 1408 3810 .

190 3834 225 3886 ,et
243 3826 465 3908 unusquisqne
489 3849 549 3911 per
567 3849 656 3888 suam
677 3825 830 3886 diocesim
853 3825 988 3886 caeteris
1007 3822 1192 3904 Episcopis,
1215 3822 1321 3882 Abba-

192 3908 295 3986 tibus,
311 3909 509 3986 Comitibus,
528 3918 558 3969 et
572 3909 644 3968 aliis
658 3907 807 3970 fidelihus
825 3908 942 3969 nostris
955 3929 990 3968 ea
1006 3904 1176 3966 transcribi
1191 3904 1322 3980 faciant,

193 4000 225 4051 et
257 3991 290 4050 in
316 3992 381 4052 suis
410 3991 611 4053 comitatibus
636 4013 742 4051 coram
770 3990 918 4050 omnibus
942 3990 1105 4070 relegant,
1135 3996 1170 4047 ut
1197 3986 1324 4048 cunctis

193 4083 301 4134 nostra
325 4075 485 4135 ordinatio
511 4083 542 4134 et
565 4075 712 4135 voluntas
740 4081 816 4132 nota
841 4071 911 4132 fieri
938 4071 1048 4153 possit.
1098 4068 1323 4130 Cancellarius

192 4165 299 4216 tamen
319 4167 428 4218 noster
445 4156 576 4217 nomina
591 4157 823 4238 Episcoporum
837 4164 868 4214 et
881 4153 1042 4214 Comitum
1055 4151 1111 4234 qui
1126 4172 1164 4212 ea
1177 4149 1323 4231 accipere

192 4239 388 4320 curaverint,
404 4251 503 4318 notet,
520 4249 552 4300 et
566 4261 602 4300 ea
616 4237 656 4300 ad
668 4247 808 4300 nostram
823 4235 969 4298 notitiam
985 4235 1136 4320 perferat,
1159 4242 1196 4294 ut
1212 4232 1324 4294 nullus
