2926 4986
494 335 611 409 uota
646 336 837 400 SEPTIMUS
1118 381 1119 384 ,
1185 321 1258 392 705

120 485 157 538 et
168 474 392 560 unusquisque
404 477 596 542 Praefectus
613 500 716 556 unum
731 476 980 561 Presbyterum,
1000 481 1058 562 qui
1074 478 1260 562 bominibus

119 567 254 642 peccata
271 561 499 635 confitentibus
519 562 662 625 iudicare
680 573 712 626 et
728 561 872 624 indicare
894 561 1129 646 poenitentiam
1147 562 1258 647 possit.

123 640 263 726 Capitol.
284 666 314 707 a.
337 645 406 727 769.
428 666 455 706 c.
481 667 506 707 1.

98 765 195 834 'Nou
212 793 277 832 esse
294 771 500 854 fundendum
519 773 969 917 sapgginedebristiunorum
984 776 1039 836 cel
1058 777 1260 856 Peganorum

494 855 498 862 ”
549 881 569 916 a
614 879 687 916 acer
712 858 823 920 olibas,

206 955 355 1038 CXXIV.
397 963 440 1022 Ut
461 961 651 1024 Sacerdotes
673 983 779 1042 neque
799 960 1055 1024 Christianorum
1073 985 1181 1050 neque
1195 965 1259 1028 Pe·

120 1061 282 1125 gauornm
303 1044 495 1127 sanguinem
514 1046 664 1138 fundant.
718 1043 801 1110 Ibid.
823 1067 850 1106 c.
873 1065 902 1110 2.

329 1175 372 1236 Ut
394 1177 484 1236 servi·
505 1176 569 1236 Dei
586 1176 771 1235 venationes
792 1196 856 1235 non
873 1180 1052 1245 exerceant.

204 1276 336 1348 CXXV.
380 1280 539 1343 Omnibus
559 1280 659 1342 servis
675 1280 737 1341 Dei
757 1271 997 1343 venationeset
1016 1283 1185 1367 sylvaticas
1206 1305 1259 1346 vs·

119 1364 265 1448 gationes
284 1386 358 1428 cum
370 1364 569 1448 canibus‚et
586 1373 623 1424 ut
634 1361 804 1446 accipitres
822 1373 854 1426 et
871 1363 1016 1439 falcones
1035 1388 1100 1428 non
1119 1365 1260 1430 habeant

120 1448 360 1516 interdicimus.
403 1447 486 1511 lbid.
505 1469 531 1508 c.
550 1449 580 1508 5.

125 1575 169 1639 Ut
199 1579 300 1658 ignoti
329 1577 494 1662 Episcopi⁴
514 1575 571 1637 uel
590 1577 775 1653 Presbyteri
801 1589 871 1637 ante
893 1577 1077 1656 synodalem
1092 1581 1258 1662 probatio·

209 1681 280 1721 nem
307 1682 370 1724 uon
392 1660 602 1720 admittuntur
622 1658 667 1718 ad
687 1661 896 1742 ministerium
917 1661 1171 1741 ecclesiasticum.

204 1763 356 1830 CXXVI.
400 1765 576 1828 Statuimus
602 1773 638 1824 ut
672 1765 850 1825 secundnm
880 1765 1066 1827 canonicam
1097 1770 1259 1832 cautelam

118 1871 233 1915 omnes
244 1850 466 1931 undecunque
483 1847 754 1932 supervenientes
768 1847 892 1929 ignotos
908 1849 1082 1930 Episcopos
1099 1853 1151 1911 vel
1165 1854 1259 1916 Pres-

118 1929 261 2015 byteros,
283 1942 357 1994 aute
374 1932 597 2015 probationem
617 1931 815 2014 synodalem,
838 1930 871 1989 in
887 1927 1141 1994 ecclesiasticum
1156 1935 1256 1997 mini·

118 2015 253 2078 sterium
272 2038 337 2077 non
361 2015 612 2077 admitteremus.
657 2013 741 2076 Ibid.
763 2035 789 2074 c.
808 2013 838 2088 4.

258 2122 323 2203 ¹De
341 2120 566 2182 Sacerdotibus
589 2121 644 2201 qui
664 2119 771 2200 plures
793 2139 910 2178 uxores
932 2119 1107 2184 habuerint.

203 2225 372 2292 CXXVII.
402 2223 448 2288 'Si
476 2226 663 2288 Sacerdotes
688 2225 797 2305 plures
823 2247 941 2286 uxores
964 2226 1163 2309 habuerint,
1202 2236 1254 2296 vel

117 2311 310 2391 sanguinem
330 2310 590 2371 Christianorum
607 2310 660 2370 vel
679 2309 879 2388 Paganorum
898 2309 1054 2386 fuderint,
1077 2324 1132 2372 arat
1155 2337 1255 2378 cano-

119 2391 216 2453 nibus
226 2393 442 2471 obviaverint,
457 2391 635 2455 sacerdotio
645 2391 827 2475 priventur,
835 2390 911 2472 quia
927 2391 1102 2456 deteriores
1113 2406 1188 2457 sunt
1199 2401 1255 2460 Sc·

117 2475 292 2536 cularibus.
339 2476 420 2538 ibid.
441 2497 467 2541 e.
490 2475 518 2541 5.

123 2565 125 2572 Ι
142 2583 187 2647 Ut
206 2583 416 2666 unusquisque
437 2582 591 2642 sollicitus
612 2579 665 2652 sit,
685 2579 857 2640 adiuvante
865 2579 1041 2660 Defensores
1052 2583 1233 2664 Ecclesiae,

121 2665 126 2674 '
239 2687 277 2725 ne
298 2667 331 2724 in
352 2688 409 2725 sua
425 2667 579 2750 parocbia
597 2664 732 2747 populus
753 2684 850 2746 opera
871 2663 1031 2724 diabolica
1047 2680 1128 2744 agat.

87 2835 93 2842 ,
150 2823 154 2834 .
200 2769 381 2838 CXXVIII.
423 2769 632 2834 Decrevimus
650 2779 685 2829 ut
706 2768 884 2852 secundum
906 2771 1054 2830 Canones
1074 2775 1255 2855 unusquis-

117 2877 183 2941 que
195 2847 374 2936 Episcopus
393 2853 426 2914 in
451 2875 507 2915 sua
524 2853 676 2935 parochia
694 2851 946 2911 sollicitudinem
968 2849 1133 2932 adhibeat,
1156 2857 1252 2918 adiu·

114 2945 209 2998 'vante
237 2937 388 2998 Gratione
416 2938 472 3017 qui
496 2937 657 3000 Defensor
679 2934 844 2994 Ecclesiae
867 2943 937 3010 est,
965 2945 1000 2994 ut
1022 2939 1163 3017 populus
1188 2940 1252 3002 Dei

113 3019 272 3102 Paganias
292 3025 357 3080 non
375 3020 487 3092 faciat5
515 3017 572 3080 sed
591 3027 628 3076 ut
645 3037 755 3078 omnes
769 3017 938 3097 spurcitias
957 3019 1157 3082 Gentilitatis
1180 3021 1251 3081 abi-

114 3102 180 3164 ciat
200 3110 233 3162 et
253 3111 394 3184 respuat,
412 3103 477 3164 sive
497 3101 633 3184 profana
656 3099 810 3160 sacrificia
829 3109 1040 3178 mortuorum,
1061 3103 1130 3164 sive
1153 3105 1250 3164 sorti·

112 3186 202 3267 Iegos
225 3186 278 3246 vel
297 3185 444 3263 dlvinos,
469 3184 537 3247 sive
566 3183 764 3266 phylacteria
791 3191 823 3240 et
851 3183 1005 3263 auguria,
1028 3185 1105 3264 {sive
1140 3187 1250 3246 incan-

112 3269 262 3343 tationes,
283 3268 351 3328 sivc
373 3267 492 3328 hostias
511 3266 745 3341 immolatitias,
767 3285 847 3343 queis
870 3265 959 3324 stulti
987 3265 1134 3328 homines
1161 3269 1251 3330 iuxta

109 3349 273 3412 Ecclesias
287 3350 353 3410 ritu
369 3371 493 3433 pagano
507 3351 631 3416 faciunt
645 3349 702 3410 sub
722 3347 853 3406 nomine
872 3351 1054 3408 sanctorum
1073 3353 1251 3434 Martyrum

110 3432 165 3495 vel
187 3433 417 3494 Confessorum
433 3432 584 3504 Domini;
613 3432 669 3514 qui
685 3432 792 3513 potins
814 3451 912 3510 quarn
935 3432 976 3491 ad
994 3433 1249 3496 misericordiam

111 3516 248 3582 Sanctos
266 3537 339 3578 suos
364 3516 404 3577 ed
420 3515 618 3576 Iracundiam
640 3521 825 3598 provocant.
868 3513 950 3574 thid.
974 3537 1000 3580 c.
1020 3517 1051 3582 6.

133 3643 177 3706 Ut
196 3645 382 3729 parochiam
397 3663 486 3702 suam
505 3643 713 3724 utiusquisque
739 3638 915 3724 Episcopus
931 3642 1066 3722 ‘singulis
1088 3648 1226 3707 eircum-

129 3757 142 3784 η
342 3737 344 3742 “
457 3795 458 3798 ¹
599 3738 649 3785 eat
665 3744 765 3783 annes.

121 3891 124 3900 ,
191 3829 343 3894 CXXIX.
388 3829 562 3892 Statuimus
579 3840 613 3890 ut
633 3829 770 3910 singulis
788 3830 880 3890 annis
902 3831 1126 3914 unusquisque
1150 3833 1246 3916 Epis-

105 3935 206 3996 copus
225 3914 413 3996 parochiam
428 3935 518 3976 suam
536 3911 674 3976 sollicite
697 3911 883 3989 circumeat,
907 3923 939 3973 et
956 3915 1114 3994 populum
1130 3917 1235 3976 confir

104 4007 249 4058 marcet
270 3998 381 4078 plebes
401 3997 518 4058 docere
545 4005 577 4058 ct
608 3995 824 4075 investigare,
849 4005 881 4056 et
903 3997 1078 4077 prohibere
1107 4020 1245 4080 paganas

104 4078 356 4168 observationes,
380 4079 572 4162 divinosque
597 4078 649 4152 vel
672 4078 850 4160 sortilegos,
873 4090 928 4156 aut
943 4080 1088 4161 auguria,
1113 4082 1244 4164 phylac-

102 4153 196 4239 teria,
219 4156 475 4248 incantationes,
498 4155 686 4231 vclonines
707 4160 877 4244 spurcitias
900 4163 1082 4236 Gentilium
1106 4165 1244 4230 studeat.

101 4237 193 4310 Itid'
211 4265 239 4307 c.
262 4265 290 4328 7.

908 4328 991 4456 ⁴ns
