2948 4990
527 313 641 374 uses
677 311 866 374 surtinus
909 373 911 384 ,

141 473 190 536 ¹9·
217 453 264 516 De
290 455 453 518 monendis
468 455 516 517 bis
533 457 588 538 qui
612 475 663 516 or·

134 573 138 578 -
225 533 386 602 dinantur.

139 637 191 683 oo.
214 617 264 676 De
300 617 513 701 satisfactione
550 619 663 701 poeni-

225 702 349 761 tentiae.

139 797 192 844 αι.
214 779 263 838 De
279 803 425 843 mensura
437 783 661 868 poenitentiae.

140 880 192 928 αα.
214 861 263 921 De
290 865 444 926 malorum
463 864 662 926 ordinatione

224 943 367 1011 vitanda.

135 1022 192 1087 ¹23.
213 1023 262 1084 De
277 1025 445 1111 Episcopis
467 1027 522 1110 qui
536 1024 663 1087 inutiles

224 1106 450 1170 ordinaverint.

140 1187 194 1267 24.
215 1189 263 1249 De
283 1192 433 1251 cauendis
458 1189 589 1251 inlicitis
607 1209 663 1252 or·
725 1222 728 1226 >

227 1268 451 1334 dinationibtis.
631 1325 632 1328 ,

141 1351 194 1417 25.
214 1352 264 1411 De
281 1354 482 1440 rebaptizatis
499 1374 562 1416 non
577 1349 665 1417 ordi·

227 1433 351 1496 nandis.

137 1513 195 1582 36.
220 1514 261 1577 Ut
293 1517 349 1600 qui
379 1518 664 1579 excommunicatus

225 1599 292 1658 sine
329 1599 457 1660 licentio
491 1600 663 1660 communi-

225 1681 359 1753 caverit,
375 1681 549 1748 damnetur.

143 1783 195 1844 27.
216 1761 265 1822 De
287 1781 351 1822 non
373 1761 547 1824 vendendis
572 1760 663 1824 rebus

227 1841 396 1911 Ecclesiae.

144 1922 196 1992 28.
221 1922 260 1984 Ut
276 1927 391 2010 absque
405 1923 665 2009 licentiaEpisco·

209 2007 259 2146 (pi
277 2007 322 2068 od
331 2009 470 2089 uirgines
484 2008 538 2068 vel
550 2006 664 2090 viduas

233 2087 325 2150 lerici
342 2111 406 2152 non
424 2088 584 2153 accedant.

147 2189 198 2253 29·
219 2170 288 2310 Ded
304 2173 512 2258 appellatione
543 2169 663 2252 primae

229 2272 261 2311 sc
286 2275 323 2318 es.

145 2341 198 2402 30.
217 2334 266 2395 De
281 2336 414 2398 arbitrio
421 2334 573 2422 Episcopi
590 2350 664 2412 erga

249 2419 427 2486 oeru'tentes.

143 2503 195 2563 51.
215 2436 264 2560 Ec
282 2497 580 2560 neonumissionibus.

144 2585 195 2646 32.
221 2577 262 2639 Ut
275 2584 392 2642 nemini
398 2585 440 2642 sit
445 2579 600 2662 facultas,
615 2599 662 2639 re·

224 2663 302 2723 licto
312 2664 483 2749 principali
491 2660 660 2732 Gatbedra,

225 2747 259 2804 in
269 2745 411 2807 Ecclesia
428 2747 462 2804 in
488 2765 545 2802 sua
570 2742 662 2803 dioc-

225 2831 289 2890 cesi
314 2828 368 2889 uel
395 2831 428 2888 in
467 2847 501 2886 rc
528 2824 662 2908 propria

228 2907 346 2970 diutius
373 2908 520 2972 residere.

143 2990 195 3054 55.
216 2990 265 3051 Dc
279 2991 496 3073 defensoribus
503 2987 662 3050 Ecclesiae

226 3074 246 3132 lo
263 3075 343 3154 Rege
355 3071 532 3160 poscendis.

144 3155 196 3232 54.
217 3159 266 3218 De
305 3179 436 3218 occursu
469 3151 662 3214 Clerieorum

227 3237 271 3298 ad
290 3238 471 3303 Concilium.

144 3321 195 3388 55.
218 3323 267 3383 De
282 3321 414 3384 Lectore
441 3318 532 3378 unius
549 3313 628 3375 Eccl
646 3346 662 3359 -

228 3407 292 3466 siae
312 3407 345 3464 in
360 3405 425 3464 alio
441 3399 583 3462 Ecclesia
601 3415 664 3458 non

249 3484 448 3548 removendo.

143 3568 193 3632 56.
247 3591 263 3629 e
293 3569 474 3634 remissione
495 3563 665 3649 ‹poeniten-

230 3653 319 3713 tium.

145 3735 196 3814 57.
217 3734 266 3792 De
290 3756 354 3800 non
378 3727 558 3794 invadendo
584 3727 663 3787 olte-

229 3818 295 3876 rius
304 3817 467 3904 parocbia.

147 3897 197 3966 58.
219 3898 267 3956 De
289 3902 370 3960 iusto
395 3895 578 3982 baptismate
601 3913 665 3954 non

231 3981 384 4051 iterando.
556 3993 558 4000 ’

146 4063 198 4146 59,
221 4062 270 4120 De
285 4064 402 4124 ultione
422 4072 630 4147 peccatorum.
675 4091 677 4095 ι

146 4146 198 4224 4ο.
220 4144 268 4204 De
286 4147 454 4229 prohibitis
475 4165 537 4208 non
559 4140 666 4226 despi-

230 4225 361 4304 ciendis.

1172 301 1245 382 stt

722 457 782 530 41.
804 454 852 514 De
865 441 1167 538 praevaricatoribus
1187 463 1249 521 Ce-

812 557 925 596 nonum
940 541 1168 600 submovendis,

729 621 780 696 4²·
802 619 851 678 Dc
886 619 1037 681 dilatione
1079 639 1251 707 temporum

814 720 887 780 erga
913 723 966 762 eos
995 705 1049 784 qui
1069 705 1114 764 ad
1144 727 1250 768 sacros

810 782 938 843 ordines
966 799 1200 866 promoventem

730 863 780 942 45.
802 864 850 927 De
877 865 1070 946 consessione
1092 869 1251 932 scelernm.

730 946 781 1024 44
810 943 851 1004 Ut
875 949 1063 1016 Docteribus
1089 954 1249 1014 contraria

814 1049 877 1088 reon
898 1028 1077 1090 doceantur.

730 1109 781 1188 45.
804 1110 851 1169 De
865 1109 1126 1194 profundioribus
1138 1135 1251 1199 quaes·

815 1192 960 1270 tionibus.
1198 1253 1202 1269 ,

731 1271 781 1356 46,
803 1273 925 1333 Denon
945 1274 1142 1354 neglegenciis
1160 1301 1252 1362 prac-

814 1358 911 1438 ceptis
931 1357 1108 1438 Cononem,
1131 1361 1189 1420 sed
1210 1365 1250 1422 ei·

813 1439 917 1497 riliter
933 1441 1129 1502 coercendis.
1231 1439 1233 1444 ’

732 1521 782 1597 47.
804 1519 852 1578 De
868 1541 930 1578 non
942 1520 1096 1582 studendo
1105 1527 1250 1584 nevituti.

730 1603 781 1678 46.
807 1599 849 1662 Ut
863 1601 966 1659 nullus
983 1601 1141 1665 Sacerdos
1155 1607 1188 1664 in
1201 1609 1250 1667 el-

724 1689 727 1740 Ῐ
814 1684 911 1742 terius
938 1686 1090 1766 parocbia
1128 1687 1252 1766 aliquid

810 1777 1014 1845 praesentata,

730 1844 782 1929 49.
802 1847 849 1906 Dc
868 1853 933 1906 'reon
945 1847 1129 1924 ignorandis
1147 1848 1249 1912 Cano-

812 1928 911 1988 nibus.

733 2009 791 2086 50.
806 2011 852 2069 De
873 2010 989 2094 populo
1006 2011 1158 2080 docendo.

732 2091 781 2158 51.
808 2089 850 2152 Ut
879 2095 985 2174 aliqua
1013 2095 1191 2157 conditione
1218 2121 1250 2159 o·
1313 2147 1314 2156 ,

811 2173 955 2254 bligatus‚
975 2177 1088 2258 absque
1098 2182 1248 2261 petitione

815 2255 936 2316 domini
943 2257 992 2314 sui
1002 2280 1065 2318 uon
1075 2260 1247 2328 ordinetur.

733 2337 780 2400 52.
803 2338 851 2396 De
875 2339 965 2396 malis
978 2337 1127 2418 funditus
1150 2344 1248 2404 nbsci·

813 2418 935 2478 dcndis.

732 2500 780 2563 53.
804 2501 851 2558 De
869 2523 932 2561 non
954 2501 1118 2580 exigendis
1136 2507 1248 2566 usuris.

732 2582 781 2657 54.
806 2583 855 2640 De
866 2584 970 2666 pravis
986 2585 1219 2665 persequendis,
1272 2589 1275 2600 '

729 2663 778 2728 55.
800 2664 848 2721 Dc
866 2663 956 2745 plebe
977 2663 1129 2724 adversus
1149 2671 1249 2728 cocti-

813 2745 898 2823 legos
912 2745 1125 2806 cccstodicnda.

696 2915 701 2923 Ι
731 2827 779 2890 56.
800 2827 848 2885 De
863 2827 996 2886 utilitate
1011 2829 1114 2906 gregis
1127 2841 1158 2888 et
1169 2851 1246 2914 pas·

732 2989 781 3071 57.
802 2919 987 3073 bibentsipidis
1012 2991 1208 3056 Doctoribus.

640 3106 641 3112 .
673 3117 674 3122 1
732 3073 781 3138 58.
805 3072 968 3154 Quomodo
978 3072 1074 3131 dubia
1086 3072 1133 3130 vel
1144 3074 1249 3134 obscu-

813 3175 851 3214 ra
871 3167 1043 3214 teneantur.

732 3236 782 3318 59.
803 3237 852 3295 De
861 3236 1014 3296 uxoribus
1023 3238 1248 3299 etconeubinie.

731 3319 781 3384 60.
802 3318 851 3378 De
874 3318 1052 3378 concubinis
1069 3320 1248 3400 relinquen-

777 3423 780 3430 ⁴
815 3399 876 3460 dis.

734 3483 786 3544 61.
807 3483 855 3542 De
878 3481 1063 3542 abstinendo
1085 3483 1229 3544 inlicitis.

730 3567 781 3632 62.
805 3563 900 3646 Quod
919 3566 1149 3648 poenitentibus
1162 3567 1250 3626 saulis

814 3649 902 3708 lucra
922 3647 1141 3724 negotiationis
1155 3668 1250 3708 eccer-

815 3749 887 3788 cere
912 3730 1080 3788 conueniat

734 3811 784 3876 63.
806 3811 854 3869 De
875 3823 963 3870 reatu
975 3822 1147 3892 potentum.

733 3894 786 3970 64.
802 3892 1013 3975 ’Περνανίηοη
1023 3903 1252 3952 consecrentur.

733 3977 784 4038 65.
810 3975 852 4043 Ut
876 3975 992 4032 iniusta
1009 3974 1121 4057 populi
1141 3976 1252 4054 petitio

815 4056 932 4136 effectu
955 4068 1070 4115 carcat.

734 4140 783 4206 66.
806 4141 854 4202 De
889 4146 1042 4221 potestate
1080 4135 1156 4200 dato
1192 4160 1254 4202 non

816 4217 985 4286 abutenda.

870 4335 917 4406 43
