2926 4986
541 335 654 390 uren
684 337 884 395 scrutatus,
1086 305 1088 313 ’
1188 323 1259 396 725

127 469 212 534 sidio
236 469 471 553 unusquisque,
494 495 559 555 quo
582 473 687 535 valeat
705 461 746 538 ex
768 477 965 536 relevatione
991 476 1116 539 alienae
1138 479 1263 541 vindie-

125 562 178 616 tae
203 555 274 616 tse
292 553 354 614 Dei
377 575 541 617 removere
560 556 745 618 vindictam.
787 561 882 621 Libat
901 560 988 620 cuim
1011 560 1150 624 Domino
1173 584 1262 646 pros·

125 656 206 724 pera
230 635 289 718 qui
313 635 353 696 ab
373 636 501 698 afflictis
524 638 617 721 pellit
640 639 782 702 adversa.
837 717 840 722 Δ
1112 653 1116 663 ’
1185 645 1190 664 “

294 740 384 825 Quid
409 742 449 802 ale
478 745 733 807 vaticinatoribus
746 744 845 828 salsis
868 747 1023 828 agendum
1045 749 1096 815 sit.

134 922 140 930 ¹
211 846 373 914 CCXXII,
416 851 458 910 Ut
477 849 719 931 vaticinatores,
747 851 861 935 quise
890 853 999 916 sutura
1024 853 1106 916 scire
1135 835 1260 936 dicunt,

125 931 212 996 caesi
233 931 273 993 de
295 929 425 994 civitate
447 931 616 1006 iactentur,
964 949 968 958 ’

128 1036 225 1121 Quod
239 1038 273 1096 in
288 1038 530 1121 metropolitana
550 1039 637 1111 secie,
660 1053 875 1124 temporeque
893 1061 997 1101 omnes
1015 1041 1163 1121 elegerint
1178 1065 1260 1104 com·

124 1119 335 1210 provinciales
343 1117 506 1203 Episcopi,
523 1121 567 1180 ad
575 1120 928 1202 Synodumfaciendum
945 1123 986 1182 sit
1004 1125 1260 1188 conveniendum.

209 1223 392 1294 CCXXIII.
433 1225 560 1285 Placuit
593 1226 720 1286 deliniri
757 1237 793 1288 ut
823 1227 966 1311 paternis
998 1227 1259 1291 institutionibus

126 1306 343 1388 obsequentes
363 1304 396 1365 in
425 1307 704 1389 metropolitanam
727 1311 853 1389 sedem,
884 1318 1027 1392 tempore
1056 1331 1122 1392 quo
1149 1322 1259 1372 omues

125 1389 448 1470 comprovincialiter
467 1390 823 1472 elegerintPontifices,
846 1392 886 1453 ad
906 1393 1065 1478 synodum
1080 1392 1260 1456 faciendum

127 1471 251 1532 devotis
277 1470 392 1536 studiis
415 1473 634 1540 conferantur.
679 1473 737 1541 VI.
759 1475 829 1538 525.

128 1574 218 1660 Quid
244 1575 285 1636 de
311 1576 471 1660 Episcopo
494 1579 551 1660 qui
578 1579 675 1638 alitem
704 1579 888 1644 conculcare
913 1579 963 1640 rel
984 1580 1176 1641 calumniare
1205 1593 1258 1643 aut

132 1710 137 1716 .
222 1659 376 1730 iniuriare
392 1663 642 1742 praesumpserit
663 1660 875 1746 Episcopum,
901 1661 1091 1744 faciendum
1113 1665 1164 1722 sit.
1241 1741 1243 1746 Ι

211 1761 396 1831 CCXXIV.
438 1767 480 1826 Ut
504 1765 614 1827 nullus
635 1767 815 1848 Episcopus
840 1767 939 1828 ulium
958 1768 1154 1850 Episcopum
1177 1790 1258 1830 eon·

126 1845 254 1924 calcet,
276 1869 416 1929 eumque
436 1848 632 1909 calumniare
652 1850 706 1910 vel
727 1849 882 1911 iniuriare
908 1860 1097 1934 praesumat
1160 1851 1258 1931 Quod

125 1928 155 1990 si
175 1928 301 2008 fecerit,
324 1931 440 2012 gradus
462 1930 511 1993 sui
532 1930 679 2015 periculo
703 1931 889 1994 subiacebit.
933 1932 969 1994 V
966 1938 991 1998 Ι.
1011 1933 1084 2010 4⁰⁰·

131 2055 175 2123 Ut
195 2059 298 2118 nullus
324 2059 496 2136 Presbyter
522 2061 556 2120 in
577 2059 720 2140 Ecclesia
748 2059 976 2123 bertedictiones
994 2063 1138 2147 publicas
1164 2083 1258 2148 super·

167 2141 320 2224 populum
332 2141 494 2226 sundere,
514 2153 568 2202 aut
584 2142 683 2203 altare
704 2163 897 2224 consecrare,
920 2146 969 2232 vel
985 2145 1213 2218 mconciliare,

593 2239 784 2309 praesumat.

155 2379 157 2386 .
208 2327 375 2392 CCXXV.
396 2329 556 2390 Statutum
571 2338 618 2391 est
636 2339 670 2389 ut
678 2331 861 2413 Presbyteri
875 2331 1134 2394 benedictionem
1150 2333 1256 2393 inEc-

122 2411 223 2478 c‘lesia
239 2433 338 2496 super
358 2414 486 2495 plebem
504 2412 654 2488 fundere,
676 2423 730 2472 aut
750 2415 848 2474 altare
864 2435 1051 2475 consecrare
1073 2424 1128 2475 aut
1143 2435 1256 2474 recon-

121 2495 248 2574 ciliare,
271 2504 325 2554 aut
347 2497 537 2557 submovere
554 2495 606 2556 vel
630 2494 808 2571 collocare,
829 2498 898 2562 ullo
915 2497 1011 2560 modo
1033 2519 1097 2556 non
1119 2517 1253 2579 praesu·

120 2586 222 2642 mant,
264 2577 366 2656 Simul
389 2589 422 2639 et
444 2579 503 2639 hoc
523 2575 676 2638 statutum
697 2587 754 2654 est,
782 2575 940 2638 nt'altare
966 2580 1107 2660 erigere,
1138 2578 1189 2638 vel
1213 2578 1253 2640 de

120 2661 196 2720 loco
216 2658 250 2720 in
270 2660 377 2720 locum
391 2669 614 2730 transmutare,
638 2669 674 2720 ut
694 2660 910 2742 aquibnsdam
928 2663 1046 2720 facttum
1062 2659 1253 2736 audivimus,

120 2743 194 2803 sine
214 2740 368 2826 Episcopi
389 2743 439 2803 sui
463 2743 595 2804 lieentia
618 2743 670 2802 vel
694 2743 842 2818 consilio,
865 2744 957 2802 errius
977 2752 1023 2822 est
1042 2751 1073 2802 et
1093 2741 1196 2822 ipsum
1210 2742 1255 2800 al-

119 2833 190 2884 tare
213 2845 401 2886 consecrare
424 2833 457 2886 et
475 2834 546 2908 post
561 2823 737 2885 motionem
752 2825 805 2885 vel
828 2823 1037 2892 violationem
1058 2824 1251 2884 reconcilia-

120 2926 168 2978 re,
189 2904 373 2989 Presbyteri
395 2928 460 2968 nou
481 2915 676 2988 pertentent.
719 2908 816 2984 Quod
831 2907 859 2968 si
882 2905 976 2976 {liter
1001 2905 1156 2983 fecerint,
1180 2927 1252 2988 gra-

121 2987 183 3050 dus
206 2988 255 3047 sui
276 2990 426 3072 periculo
449 2989 668 3053 subiacebunt.

208 3093 248 3156 Ut
270 3097 447 3162 absentibus
468 3093 556 3178 qrcod
581 3095 720 3155 ablatum
747 3105 795 3154 est
817 3095 956 3178 pleniter
978 3096 1169 3176 restituatur.

138 3259 141 3264 .
204 3199 389 3262 CCXXVI.
429 3201 567 3281 Propter
581 3197 729 3258 absentes
752 3200 870 3282 Legem
894 3201 1252 3278 volumusitc1·nre,ut

120 3279 281 3364 quiequid
297 3283 397 3344 luerit
421 3283 466 3343 eis
486 3282 504 3341 a
523 3278 669 3363 qualibet
684 3301 822 3361 persona
839 3281 992 3359 ablatum,
1014 3292 1117 3344 totum
1141 3283 1251 3344 enticis

119 3385 297 3444 eorumque
316 3364 470 3447 proximis
486 3365 539 3424 vel
560 3362 670 3437 servis,
693 3385 767 3422 cum
788 3361 933 3424 Iudicem
957 3365 1250 3446 interpellaverint,

118 3446 189 3507 sine
214 3447 371 3509 dilatione
397 3447 566 3517 reddatur;
598 3453 635 3503 ut
663 3465 713 3506 res
734 3468 812 3526 quas
839 3446 1007 3508 discedens
1036 3447 1184 3507 dominus
1216 3449 1249 3506 in

118 3549 175 3590 suu
201 3530 396 3610 proprietate
414 3529 544 3602 dimisit,
569 3528 693 3608 integre
712 3529 750 3588 ab
772 3529 933 3592 actoribus
950 3530 1083 3605 domini,
1106 3551 1252 3610 quocun·

117 3631 182 3691 que
203 3611 324 3691 sedeat,
347 3612 563 3676 vindicentur.
609 3612 830 3693 Quaecunque
852 3622 959 3672 autem
978 3613 1011 3672 in
1032 3607 1147 3670 militia
1171 3632 1251 3672 con-
1273 3661 1275 3668 .

117 3692 237 3754 stitutio
260 3695 309 3756 rel
340 3693 525 3756 absentibus
548 3712 680 3775 pervasa
705 3695 843 3772 luerint,
876 3694 947 3756 sinc
970 3695 1080 3777 aliqua
1102 3693 1250 3753 iubemus

117 3773 273 3856 dilatione
292 3777 428 3844 restitui.

121 3877 163 3940 Ut
180 3900 217 3939 ea
236 3901 315 3964 quae
337 3883 382 3944 ad
394 3855 579 3968 perpetuam
600 3883 766 3942 utilitatem
787 3892 860 3942 stent
881 3884 1044 3968 instituto,
1068 3882 1251 3942 inconvulsa
1309 3884 1312 3895 ⁴

570 3977 784 4049 permaneant.

201 4067 402 4132 CCXXVII.
443 4073 535 4149 Quae
562 4071 602 4130 ad
624 4079 812 4151 perpetuam
834 4067 1008 4129 utilitatem
1024 4077 1104 4130 'sunt
1124 4067 1251 4132 institu-

114 4160 159 4227 ta,
185 4153 275 4210 nulla
297 4155 545 4215 commutatione
568 4154 751 4224 sericatum
781 4173 841 4214 nec
866 4152 907 4212 ad
930 4154 1093 4234 privatum
1116 4151 1249 4213 traban-

115 4241 166 4298 tut
191 4237 394 4304 commodum
412 4257 494 4323 queve
514 4237 557 4302 cd
576 4235 698 4302 honum
721 4244 994 4322 santleommuue
1017 4235 1167 4320 praelixa.
1208 4238 1250 4304 Et
