2910 4986
188 297 262 376 tat
618 301 904 408 carnotanam}

186 461 238 520 ter
255 476 330 519 suus
345 453 486 515 moriens
505 453 702 535 dereliquit,
725 452 943 537 appellaverit.
984 453 1033 514 De
1058 452 1108 514 his
1125 443 1250 516 duobus
1272 447 1316 516 li⁴

186 549 256 603 ceat
273 539 323 599 illi
338 544 572 599 sacramentum
597 536 629 594 in
653 536 752 617 patria
778 553 851 614 sua,
874 536 908 595 id
936 544 1005 611 cst,
1025 534 1059 595 in
1090 536 1235 618 legitimo
1264 539 1316 598 sui

185 621 377 687 sacramenti
392 620 480 696 loco,
504 619 674 681 iurandum
696 617 820 684 offerre.
862 616 948 679 Etis
971 617 1027 698 qui
1049 640 1121 678 cum
1141 641 1178 680 eo
1197 619 1314 702 litigat,

153 747 154 754 κ
184 708 212 768 si
227 696 323 781 velit,
346 711 498 783 sequatur
514 701 655 760 illumin
676 701 809 783 patriam
829 723 917 762 suam
936 700 975 759 ad
988 701 1211 782 recipiendum
1231 703 1316 762 illud

184 794 428 850 sacramentum.
471 785 541 866 lpse
558 794 663 843 tamen
684 784 786 866 primo
812 784 844 843 in
868 783 980 843 eudem
1001 783 1091 854 loco,
1115 785 1147 844 id
1171 794 1235 860 est,
1258 785 1315 844 ubi

184 868 411 951 interpellatus
429 875 487 942 est,
510 866 756 926 satisfaciattam
772 867 888 926 Comiti
906 875 937 925 et
950 865 1124 942 ludicibus,
1145 887 1241 948 quam
1263 867 1318 948 ad·

184 951 326 1014 versario
341 969 417 1025 suo,
441 947 572 1009 testibus
586 949 751 1030 probando
766 949 853 1029 quod
873 969 942 1009 rem
962 969 1044 1029 quae
1067 949 1105 1008 ab
1122 970 1159 1009 eo
1184 948 1315 1030 quaeri*

184 1045 239 1109 tur
249 1080 259 1115 ,
281 1042 374 1118 pater
395 1052 470 1092 suus
486 1031 519 1091 ei
537 1031 724 1112 dereliquit.

452 1141 503 1198 De
525 1137 677 1198 solutione
699 1149 790 1220 atque
812 1138 1045 1220 compositione.

267 1240 403 1305 LXXV.
445 1243 488 1302 Ut
506 1241 609 1302 omnis
626 1242 743 1302 solutio
763 1249 860 1326 atque
882 1243 1067 1323 compositio
1086 1265 1169 1324 quae
1185 1247 1315 1328 inlsege

185 1325 290 1390 Salica
308 1324 511 1401 continetur,
535 1325 619 1384 iuter
652 1325 792 1386 Francos
819 1344 877 1407 per
908 1325 1078 1386 duodecim
1105 1327 1313 1390 denariorum

87 1457 88 1468 ,
184 1409 546 1488 solidoscomponatur;
570 1417 706 1486 excepto
726 1407 780 1467 ubi
803 1407 967 1468 contentio
995 1408 1082 1468 iuter
1108 1409 1251 1472 Saxones
1280 1420 1313 1472 et

184 1491 348 1565 Frisiones
366 1499 476 1550 exorta
492 1489 600 1548 fuerit.
642 1489 691 1549 lbi
707 1491 854 1551 volumus
872 1499 908 1548 ut
933 1490 1144 1572 quadraginta
1160 1491 1313 1553 denario-

185 1595 257 1634 rum
271 1571 483 1652 quantitatem
508 1562 628 1631 solidus
648 1570 763 1632 habeat
778 1594 875 1654 quem
889 1571 941 1632 vel
960 1573 1042 1632 Saxo
1070 1575 1121 1634 vel
1143 1574 1249 1634 Frisio
1271 1573 1312 1634 ad

184 1664 308 1740 partem
325 1652 423 1716 salici
445 1653 562 1714 Franci
580 1675 655 1714 cum
677 1675 715 1715 eo
732 1654 886 1736 litigantis
902 1655 1025 1715 solvere
1046 1655 1150 1716 debet.
1172 1661 1213 1734 m)

598 1760 646 1820 De
666 1772 749 1820 statu
772 1761 916 1820 hominis.

271 1861 425 1927 LXXVI.
466 1865 509 1924 Ut
522 1863 561 1924 de
580 1873 664 1924 statu
682 1883 759 1944 sno,
779 1867 815 1938 id
835 1876 900 1945 est,
924 1865 962 1928 de
986 1867 1132 1929 libertate
1150 1869 1202 1928 vel
1221 1861 1314 1930 herel

188 1951 286 2012 ditate
308 1947 568 2029 compellandus,
590 1946 679 2007 iuxta
705 1949 798 2031 Legis
832 1949 1094 2010 constitutionem
1121 1952 1312 2012 manniatur.

186 2037 236 2096 De
253 2028 386 2092 caeteris
411 2050 489 2090 vero
513 2029 615 2090 causis
640 2030 758 2111 ubique
784 2032 941 2093 rationem
966 2043 1013 2094 est
1039 2026 1232 2094 redditurus.
1269 2032 1311 2093 si

187 2124 259 2198 post
273 2111 445 2174 secundam
460 2111 592 2171 Comitis
606 2112 856 2174 admonitionem
884 2113 998 2194 aliquis
1034 2114 1073 2174 ad
1097 2116 1229 2174 mallum
1250 2133 1312 2176 've-

189 2197 260 2257 nire
279 2195 435 2267 nolucrit,
457 2193 553 2253 rebus
572 2193 688 2254 clusin
712 2194 854 2256 bannum
866 2195 968 2257 missis
978 2196 1091 2258 venire
1106 2206 1139 2258 et
1158 2196 1313 2260 iustitiam

189 2280 296 2340 facere
314 2275 535 2356 compellatur.
577 2274 683 2359 Supra
696 2299 721 2338 c.
735 2273 784 2354 ui.

212 2385 261 2445 De
280 2381 473 2468 proprietate
496 2381 630 2441 nominis
644 2403 728 2482 ,quae
751 2385 789 2446 ob
802 2383 950 2482 ‘'aliquod
968 2386 1085 2445 crimen
1105 2387 1139 2444 in
1160 2361 1311 2446 bannum

276 2542 448 2691 ΒΧΧΞΙΙὋ
491 2463 873 2630 uniuscuiiiiithiiillli
888 2547 1084 2631 proprietas,
1112 2557 1173 2610 cto.
1202 2561 1237 2608 ut
1260 2570 1316 2608 su-
1344 2629 1347 2634 „

190 2650 252 2713 pro
272 2648 340 2713 cap.
357 2647 376 2688 2
398 2670 406 2688 .

530 2709 682 2772 Exrmcrr
710 2713 805 2773 Lucu
828 2731 979 2788 Quanros.

230 2873 448 2946 SEQUUNTUR
464 2873 642 2926 cararum
659 2877 782 2930 DOMNI
808 2877 940 2930 KAROLI
958 2874 1132 2937 AUGUSTI,
1160 2874 1283 2928 Ptrnts

308 2942 518 3002 ‹VIDELICET
533 2945 659 2998 DOMNI
678 2947 902 3002 HLUDOUVICI
923 2944 1175 3002 IMPERATORIS.
1200 2975 1203 2980 n

462 3075 464 3078 ⁴
555 3035 769 3098 APPENDIX
809 3039 949 3102 PRIMA.

198 3146 363 3238 Capitale
379 3145 516 3214 Domni
541 3145 666 3214 Karoli
691 3145 924 3239 Imperatoris
950 3148 1197 3234 ecclesiastiea,
1224 3159 1317 3241 quae'

197 3246 280 3314 ideo
305 3244 554 3338 suprascriptis
576 3254 663 3313 'nou
697 3247 869 3314 coniunxi
903 3247 1098 3336 Capitulis,
1133 3249 1216 3340 quia
1248 3247 1319 3316 aliti

202 3344 339 3415 existis
365 3344 462 3436 quasi
481 3351 597 3410 ‘causa
621 3346 819 3412 memoriae
844 3347 975 3436 scripta
999 3344 1155 3430 fuerant,
1184 3356 1221 3415 et
1243 3370 1317 3415 non

198 3441 369 3514 videntur
392 3441 538 3532 plenum
560 3441 711 3532 explere
737 3465 901 3531 sensum,
927 3444 995 3512 alia
1020 3456 1102 3511 suut
1122 3447 1314 3532 geminata,

200 3562 283 3608 cum
307 3539 383 3608 aliis
408 3539 575 3611 videlicet
598 3541 710 3610 mixta
737 3541 936 3632 Capitulis,
962 3541 1030 3607 alia
1055 3544 1196 3630 penitus
1216 3544 1318 3612 finita

425 3649 530 3728 atquc
554 3638 601 3706 od
625 3639 885 3730 perlectionem
908 3640 1094 3731 perducta.

422 3751 1094 3838 lncreruurssnrrrunn.

198 3946 200 3952 ¹
221 3923 296 4004 Cap.
308 3921 332 3986 l.
346 3863 413 3980 De
429 3917 630 3980 lectionibus.
683 3919 815 4003 Capitol.
837 3923 864 3980 I.
881 3944 909 3980 o.
927 3920 997 3985 805.
1011 3941 1036 3980 c.
1052 3940 1076 3980 1.

281 4001 326 4066 ll.
367 4004 416 4063 Dc
437 4012 543 4063 cantu.
583 4002 740 4064 Ibidem.

225 4198 276 4258 sm)
291 4192 367 4242 Unus
385 4189 480 4241 Codex
499 4188 585 4241 addit:
604 4200 630 4240 ct
648 4189 867 4255 compositionem
886 4189 919 4242 de
940 4210 972 4244 ea
991 4195 1071 4244 iuxta
1093 4165 1198 4243 modum
1213 4195 1321 4261 superi·

243 4267 247 4272 '
290 4278 322 4314 us
341 4260 557 4330 comprehenauu
574 4257 615 4313 ln’s
634 4257 673 4314 od
688 4277 755 4331 quas
774 4259 825 4315 itta
844 4259 948 4334 legibus
964 4266 1104 4332 pertinent
1121 4263 1252 4318 exsolvat.
