2926 4986
501 346 837 410 transsumimus
1167 318 1241 402 695

126 482 289 548 celebrare
305 483 461 551 diuinam
483 479 600 570 steria,
628 486 811 554 inconsulto
837 509 877 562 eo
909 482 962 546 cui
987 479 1152 552 tommim
1170 478 1243 560 '⁰⁸²2

123 576 314 652 praesumat.
358 569 417 633 Vl.
437 509 508 636 tir.
1246 573 1249 582 '

383 675 434 736 De
454 667 536 738 iusto
555 674 738 760 baptismate
761 693 824 738 nou
845 669 1001 736 iterando.

205 753 400 823 XXXVIII.
440 755 513 819 Rite
531 759 703 840 baptizatos
723 757 782 818 illo
806 757 892 818 dono
916 751 1026 818 iterari
1047 771 1114 814 non
1140 769 1244 834 possa

123 837 168 901 Et
181 837 276 898 aliter
291 838 358 900 sola
382 859 464 919 aqua
485 841 566 902 lotos
582 839 744 922 baptizare
765 838 798 900 in
823 836 953 901 nomine
970 833 1092 914 Patris,
1112 833 1246 914 atFilii,¹

125 930 159 983 et
177 920 314 1006 Spiritus
331 919 432 983 sancti
456 942 585 984 necesse
603 929 650 982 cst
666 921 841 1006 provideri.
942 917 946 926 ’

452 1026 503 1090 De
517 1027 635 1089 uitione
656 1040 866 1112 peccatorum.

205 1129 366 1201 XXXI-X.
390 1132 426 1193 In
444 1131 590 1196 Ecclesia
604 1141 735 1217 peccata
754 1131 866 1218 populi
880 1129 984 1196 inulta
998 1148 1166 1194 remanere
1179 1149 1245 1193 non

126 1210 254 1278 debere·
403 1298 453 1359 Dc
463 1297 633 1384 proutiitis
655 1318 718 1360 aon
742 1293 962 1382 despiciendis.
1236 1247 1238 1250 ι

89 1386 97 1402 ’
165 1397 305 1545 unit
318 1397 352 1462 Si
369 1403 442 1487 quis
467 1402 637 1470 interdicta
659 1399 853 1488 dispexerit,
881 1401 997 1488 gradus
1022 1398 1073 1466 sui
1097 1395 1244 1484 periculo

128 1501 164 1548 sn
190 1503 256 1546 tace
281 1505 316 1550 ι.
906 1501 910 1508 .
1005 1501 1007 1510 Α

224 1662 228 1666 β
302 1585 353 1648 De
364 1590 667 1670 praevaricatoribus
679 1587 837 1654 Cauarum
851 1585 1081 1651 submovendis.

206 1664 295 1730 XLI.
337 1668 490 1752 Quisquis
512 1671 721 1750 sacerdotnm
744 1681 856 1733 contra
883 1670 1054 1732 interdicta
1076 1669 1246 1736 canonum

116 1751 256 1829 'fecerit‚
277 1748 295 1809 t
313 1771 371 1812 sao
391 1761 439 1812 est
462 1753 566 1818 officio
583 1753 835 1819 submovendus..
869 1753 913 1820 Et
930 1751 1057 1816 veniam
1074 1749 1135 1814 sibi
1154 1748 1256 1812 deine*

125 1854 200 1918 ceps
215 1832 344 1894 noverit
362 1833 524 1917 denegari.
1236 1845 1238 1852 '

164 1937 214 1999 De
232 1935 382 1999 dilatione
393 1954 564 2023 temporum
577 1961 650 2022 erga
666 1961 719 2002 eos
735 1942 791 2023 qui·
803 1937 849 2002 ad
860 1960 967 2004 sacros
983 1935 1111 2002 ordines
1121 1957 1202 2024 pro.-

189 2080 191 2086 .
219 2061 222 2068 ·
611 2036 786 2086 mouentur.
1134 2078 1136 2084 .

201 2098 310 2170 XLII.
352 2101 466 2180 Quies
488 2102 617 2167 divinae
633 2105 766 2166 militiae
785 2103 944 2166 desiderat
958 2100 1152 2185 mancipari,
1174 2101 1243 2164 sira

124 2184 212 2244 inter
227 2181 404 2256 Lectores,
426 2184 492 2248 sive
508 2185 596 2260 inter,
615 2187 795 2254 Exorcistas
804 2231 814 2264 ‚
834 2186 1060 2269 quinqueanio
1087 2193 1245 2248 teneatur.

121 2259 251 2332 Exinde
261 2263 438 2348 Acolythns
453 2267 505 2328 vel
523 2269 743 2336 Subdiaeonns
767 2279 905 2352 quatuor
927 2270 1029 2332 annis.
1070 2267 1112 2326 Et
1133 2265 1179 2340 sic
1202 2265 1244 2334 ad

122 2346 384 2409 benedictionem
402 2348 606 2428 diaconatus,
627 2351 653 2412 si
669 2360 828 2428 meretur,
850 2351 999 2411 accedat:
1021 2349 1054 2408 in
1095 2369 1136 2407 no
1160 2347 1244 2419 ordi·

124 2449 166 2490 ne
185 2427 329 2510 quinque
351 2429 461 2510 annis,
483 2432 509 2492 si
527 2431 836 2516 inculpategesscnit
856 2431 1081 2496 adhaererede
1105 2428 1180 2493 ehit.
1200 2429 1242 2490 Et

83 2549 90 2560 .
123 2517 252 2596 postea,
272 2509 300 2574 si
320 2511 438 2594 probus
454 2513 570 2592 fuerit,
591 2516 743 2576 Sacerdos
760 2514 925 2581 efficiatur.

376 2651 379 2658 .
464 2620 514 2679 ¹De
534 2619 727 2702 confessione
742 2621 900 2682 scelerum.
971 2637 974 2646 ’

204 2693 329 2759 XLIII.
369 2699 573 2762 Manifestum
593 2712 639 2764 est
655 2702 800 2764 confiteri
820 2723 892 2761 eum
907 2699 945 2760 de
966 2696 1111 2778 crimine,
1124 2697 1242 2782 quiin·

123 2778 219 2859 dnlto
236 2788 268 2839 et
286 2778 431 2862 delegato
454 2783 575 2844 iudicio
602 2785 759 2867 purgandi
777 2805 810 2844 se
840 2780 1005 2843 occasione
1034 2801 1098 2842 non
1128 2781 1240 2844 utiturs
1315 2813 1318 2817 ·

124 2860 213 2921 Nihil
233 2860 320 2921 enim
341 2862 473 2926 interest
490 2875 598 2932 utrum
616 2868 646 2926 in
673 2864 832 2949 praesenti
857 2863 1001 2925 examine
1030 2862 1240 2942 omniaquae

124 2942 210 3007 dicta
232 2950 308 3002 sunt
321 2943 361 3003 de
378 2966 416 3006 eo
438 2949 704 3028 comprobentur,
725 2945 886 3031 cumipse
907 2945 1051 3009 absentia
1079 2964 1138 3028 pro
1162 2964 1239 3006 con-

121 3024 261 3093 fessione
286 3035 417 3090 constat.
460 3028 499 3090 V.
519 3032 569 3111 57.

319 3129 360 3191 Ut
384 3134 573 3200 Doctoribus
599 3136 757 3201 contraria
777 3157 841 3202 uon
861 3133 1040 3200 doceantur.
1229 3191 1233 3200 ,

205 3209 323 3278 XLIV.
363 3214 434 3274 Non
456 3217 572 3278 debere
603 3239 796 3300 quemquam
825 3219 864 3279 ad
889 3218 1039 3278 iniuriam
1065 3217 1241 3281 Doctorum

123 3291 289 3360 vindicare
308 3296 498 3372 doctrinam
520 3299 595 3388 qnia
609 3301 705 3364 timeo
727 3322 767 3362 ne
785 3300 959 3364 conhibere
981 3298 1102 3361 sithoc
1124 3309 1240 3362 tacere.

121 3375 166 3441 Et
178 3377 255 3441 alibi
263 3402 273 3444 a
293 3377 409 3442 Merito
422 3401 424 3406 ’
436 3402 529 3442 causa
543 3403 601 3443 nos
614 3382 754 3465 respicit,
763 3383 789 3444 si
805 3383 935 3444 silentio
951 3383 1111 3446 faveamus
1128 3381 1240 3448 errori.

373 3485 438 3543 'De
451 3484 713 3569 profundioribus
735 3487 977 3570 quaestiouibus.

202 3561 306 3625 XLV.
328 3591 330 3594 ·
347 3564 578 3630 Profundiores
590 3571 793 3652 quaestiones
807 3589 868 3630 nec
884 3569 1136 3632 contemnendae
1154 3579 1241 3650 sunt,
1281 3593 1283 3598 ’

122 3666 184 3710 nec
198 3645 326 3728 penitus
345 3650 543 3711 asserendae.

121 3753 172 3814 Dc
191 3773 255 3840 uon
274 3752 471 3840 neglegenciis
488 3755 666 3840 praeceptis
696 3755 866 3854 Cauarum,
895 3751 955 3817 sed
981 3757 1115 3850 viriliter
1143 3777 1239 3818 exer-

203 3912 325 3978 XLVI.
339 3887 342 3896 .
364 3917 431 3979 Nec
448 3917 549 3982 otiosa
563 3839 877 4005 nobisceesislglgatitnr
889 3920 946 4006 qni
965 3919 1157 4000 exercenda,
1172 3933 1239 3981 non

124 3996 340 4080 neglegenda,
361 3999 502 4064 donavit.
582 4047 586 4064 ,-
687 4041 690 4048 ι

451 4106 499 4166 Dc
513 4125 576 4168 uon
588 4105 743 4170 studendo
758 4110 904 4171 nouitati.

203 4181 339 4246 XLVII.
380 4185 414 4248 si
432 4186 561 4250 studere
584 4188 773 4272 incipiamus
804 4190 958 4271 novitati,
979 4189 1132 4256 traditum
1146 4188 1239 4254 nobie

121 4266 139 4332 i
154 4265 304 4358 Patribus
320 4267 466 4336 ordinem
482 4270 690 4338 calcabimus.¹
781 4287 785 4296 “
