2910 4984
509 319 665 380 ssumo
684 319 845 386 Qunam.
1174 303 1247 381 845

118 469 216 533 ssione
228 461 433 526 'necessitatis
448 457 552 526 testes
570 461 730 539 faciendi,
752 471 807 521 aut
823 481 916 524 caasa
936 459 1246 548 ordinandi'domus,
1275 537 1278 545 ¹

125 561 310 612 extraneam
326 546 495 606 mulierem
513 544 547 604 in
565 545 663 606 domo
678 567 733 605 sua
754 544 872 604 babere
889 555 1078 625 praesumat,

121 634 176 694 <De
192 631 310 697 vidais.
350 627 551 716 lla-epistola
569 628 653 689 beati
671 627 816 704 Gregorii
826 626 931 708 Papae
946 628 1113 711 Bonifitcio
1132 629 1247 692 Arelli-

550 714 694 792 epieeopo
713 711 817 772 missa.

143 817 146 824 ·
206 792 417 860 LXXXVIII.
459 791 580 856 Viduas
607 791 625 850 al
648 790 811 872 proposito
840 789 1038 852 discedentes
1063 793 1246 875 viduitatis,

117 899 224 962 super
239 875 431 960 quibusnos
448 874 618 938 consulere
645 872 748 932 voluit
772 873 903 933 dilectio
928 883 998 948 tua,
1025 875 1124 936 frater
1147 880 1245 938 caris-

125 949 347 1036 sime‚⁸eredo
368 969 398 1019 te
429 978 521 1018 nosse
541 957 559 1016 d
582 965 690 1017 saneto
720 954 1003 1035 ApostoloPaulo
1029 959 1103 1016 etit
1135 962 1246 1022 multis

116 1043 241 1106 :sanctis
252 1042 420 1119 Patribus,
435 1040 497 1102 nisi
509 1045 757 1112 convertantur,
786 1037 864 1096 olim
879 1059 948 1098 csse
966 1037 1146 1112 damnatae
1167 1041 1248 1123 quas

126 1135 159 1186 et
175 1147 233 1186 nos
251 1125 422 1205 apostolica
445 1122 631 1182 auctoritate
651 1119 845 1179 damnandas
868 1121 931 1180 etia
954 1123 1178 1186 communione
1204 1127 1242 1183 fi-

124 1208 249 1269 delium
269 1207 397 1288 atque'd
421 1204 585 1266 liminibus
603 1202 767 1263 Ecclesiae
790 1202 941 1263 arcendas
964 1203 1033 1264 fore
1060 1225 1246 1285 censemus,

118 1309 294 1370 usquequo
312 1287 463 1350 obediant
480 1285 646 1368 Episcopis
666 1285 747 1360 suis,
770 1292 802 1344 et
819 1283 858 1343 ad
876 1282 997 1344 bonum
1018 1287 1104 1366 quod
1127 1311 1247 1376 coepe-

123 1380 221 1447 runt,
244 1370 362 1430 inuitae
381 1379 433 1429 aut
455 1367 655 1430 voluntariae
671 1373 880 1426 revertantur.
921 1368 969 1426 De
992 1367 1170 1450 vlrginibus
1192 1393 1246 1432 au·

117 1463 191 1514 ¹tem
207 1473 271 1512 non
290 1450 420 1527 velatis,
443 1451 469 1512 si
496 1449 716 1523 deviaverint,
735 1448 751 1506 a
772 1457 898 1508 sanctae
922 1451 1092 1510 memoriae
1114 1454 1248 1534 praede·

117 1555 249 1598 cessere
268 1544 374 1594 nostro
385 1531 470 1616 Papa
486 1532 677 1594 Innocentio
691 1529 798 1589 taliter
814 1530 977 1590 decretum
991 1530 1151 1594 habemus.
1172 1534 1245 1595 Hae

126 1637 197 1678 evera
219 1636 298 1698 quae
318 1615 449 1676 necdum
466 1636 556 1676 sacro
576 1614 732 1674 velamine
758 1625 854 1671 tectae
863 1656 875 1684 ,
899 1625 1001 1673 tamen
1023 1617 1057 1675 in
1079 1619 1245 1700 proposito

124 1699 270 1778 virginali
286 1718 409 1779 semper
422 1720 455 1757 se
472 1698 692 1756 simulaverunt
704 1714 903 1776 permanere,
930 1695 1004 1756 lieet
1034 1698 1149 1758 velatae
1168 1719 1245 1760 'non

118 1779 266 1862 suerint,
286 1781 490 1862 sinnpserint
502 1823 513 1850 ,
536 1780 584 1838 bis
602 1775 723 1855 agenda
744 1777 902 1856 aliquanto
923 1790 1058 1860 tempere
1079 1783 1245 1862 poeniten·

121 1863 173 1922 tia
196 1873 260 1930 est;
280 1864 354 1942 qaia
371 1863 499 1943 sponsio
520 1860 657 1920 earunzla
678 1859 815 1917 Domino
833 1860 1003 1924 tenebatur.
1044 1860 1083 1920 Si
1099 1864 1180 1921 enim
1194 1865 1246 1922 ia-

128 1956 176 2002 ter
193 1944 335 2002 bomines
347 1945 433 2016 :solet
447 1940 640 2024 bonaefidei
657 1951 834 2001 contractas
851 1942 938 2000 nulla
959 1944 1079 2002 ratione
1099 1943 1245 2024 dissolvi,

125 2027 355 2106 quantomagis
377 2027 440 2084 ista
468 2024 657 2106 pollicitatio
690 2042 781 2102 arsam
802 2043 871 2080 cum
902 2024 970 2082 Deo
993 2027 1132 2106 pepigit,
1162 2029 1248 2086 solvi

127 2109 193 2166 sine
206 2105 424 2167 vindiotanoa
443 2106 583 2188 poterit?
603 2106 645 2164 Et
660 2113 793 2163 caetera.
805 2105 883 2161 llam
901 2103 924 2164 si
946 2106 1086 2187 virgines
1103 2110 1247 2168 nondum

125 2189 246 2249 velatae
263 2189 372 2249 taliter
385 2188 583 2270 poenitentia
608 2185 735 2267 publica
753 2185 950 2264 puniuntur,
974 2198 1005 2247 et
1021 2190 1037 2246 t
1053 2200 1147 2249 coetu
1165 2191 1246 2252 lide·

126 2271 206 2330 lium
220 2291 321 2350 usalue
339 2272 379 2332 ad
396 2270 642 2331 satisfactionem
659 2268 893 2343 excluduntur,
923 2280 1043 2348 quanto
1065 2273 1170 2351 potius
1196 2275 1247 2333 vi-

130 2353 228 2422 duae,
250 2373 331 2432 quae
351 2352 551 2434 perlecti0ris
573 2350 684 2409 aetatis
707 2358 738 2408 et
752 2350 932 2410 maturioris
955 2353 1128 2433 sapientiae
1150 2365 1246 2434 atque

124 2433 255 2495 consilii
271 2434 427 2510 existunt,
449 2435 656 2512 virorumque
673 2431 832 2491 consortio
847 2434 1032 2494 multotiens
1058 2456 1131 2495 ursae
1154 2446 1246 2514 sunt,

116 2527 161 2579 'et
179 2516 330 2577 velari‘se
345 2516 575 2600 permiserunt,
602 2515 809 2592 habitumque
820 2513 986 2595 religionis
1004 2525 1248 2598 assumpserunt,

126 2608 161 2688 et
179 2599 307 2658 demum
329 2606 602 2680 apostataverunt,
628 2606 723 2676 atque
752 2595 791 2654 ad
822 2596 962 2675 priorem
990 2597 1144 2659 vomitum
1171 2611 1246 2662 sunt

125 2701 292 2757 reversae,
308 2681 324 2740 a
340 2682 430 2742 nobis
448 2691 480 2742 et
493 2682 531 2740 ab
548 2678 705 2741 omnihus·
717 2676 865 2738 fidelibus
879 2677 896 2736 al
912 2679 1075 2742 liminibus
1085 2682 1248 2744 Ecclesiae

126 2773 160 2825 et
178 2763 302 2824 ireoetu
317 2763 461 2824 fidelium
481 2784 581 2844 usque
592 2761 631 2821 ad
657 2759 902 2821 satisfactionem
923 2771 997 2821 sunt
1021 2762 1247 2843 eliminandae,

128 2856 161 2906 et
188 2846 369 2906 carceribus
391 2846 582 2914 tradendae;
603 2842 760 2923 qualiter,
784 2842 873 2912 iuxta
901 2842 1030 2904 beatum
1054 2845 1245 2930 Apostolum

120 2929 285 3003 Paulum,
314 2929 474 2988 tradentes
498 2925 682 2986 huiusmodi
707 2923 871 2985 hominem
898 2925 1031 2987 Satanae
1065 2928 1098 2990 in
1132 2925 1257 2990 interi·¹

123 3019 194 3069 tum
213 3010 328 3086 carnis,
352 3019 389 3069 ut
407 3010 535 3092 spiritus
562 3007 667 3068 salvus
692 3006 733 3066 sit
753 3005 785 3064 in
810 3006 861 3068 die
882 3009 1022 3068 Domini.
1063 3013 1111 3072 De
1130 3014 1246 3074 talibus

125 3092 213 3151 enim
237 3100 269 3150 et
288 3091 445 3153 Dominus
461 3113 520 3173 per
541 3093 671 3170 Moysen
694 3087 850 3170 loquitur,
873 3089 998 3152 dicens:
1025 3093 1156 3173 Auferte
1178 3118 1244 3156 ma-

124 3174 189 3232 lum
205 3172 244 3232 de
268 3175 371 3234 medio
395 3175 497 3238 vestri.
537 3176 584 3234 De
602 3170 720 3251 quibus
738 3179 769 3229 et
792 3192 850 3250 per
868 3173 1060 3254 Proplretam
1078 3177 1137 3236 ait:
1163 3178 1245 3236 Lae-

123 3256 244 3316 tabitur
266 3257 364 3315 iustas
388 3277 457 3315 cam
480 3255 600 3315 viderit
626 3253 819 3322 uindictam,
847 3275 956 3312 manas
984 3279 1055 3316 suas
1079 3259 1194 3320 lavabit
1211 3262 1244 3318 in

124 3339 271 3416 sanguiue
290 3338 474 3419 peccatoris.
515 3341 563 3398 De
586 3335 702 3396 talibus
723 3355 862 3414 namque
881 3357 1054 3418 eorumque
1075 3340 1244 3419 similibus,

123 3428 219 3498 atque
242 3419 361 3479 eisdem
384 3417 678 3492 consentientibus,
700 3419 794 3495 (quia
819 3437 882 3476 non
910 3419 1012 3478 solum
1029 3421 1085 3501 qui
1109 3424 1243 3501 faciunt,

120 3502 178 3562 sed
197 3501 291 3561 etiam
315 3503 370 3582 qui
392 3501 583 3562 facientilsus
603 3497 821 3572 consentiunt,
843 3497 890 3556 rei
909 3507 999 3576 sunt)
1013 3503 1168 3566 Dominus
1187 3529 1245 3588 per

119 3583 259 3642 eundern
286 3583 479 3665 Proplretam
498 3583 602 3643 David
624 3581 780 3661 loquitur,
806 3578 936 3640 diceas:
969 3584 1104 3645 Videbam
1119 3587 1241 3668 fierem,
1331 3586 1335 3599 ’

119 3667 269 3726 currebas
296 3686 365 3724 cam
383 3686 440 3738 eo,
465 3677 495 3725 et
521 3686 589 3724 cum
613 3663 764 3722 adulteris
789 3663 966 3742 portionem
990 3678 1072 3724 taam
1093 3671 1241 3750 portabas.

121 3745 164 3805 Et
181 3748 282 3806 multa
306 3747 392 3823 talia,
422 3769 595 3827 eorumque
615 3745 741 3808 similia.
792 3744 888 3804 Tales
916 3766 991 3805 vcro
1016 3769 1167 3828 personae
1190 3754 1243 3811 in-
1285 3797 1298 3816 ,

122 3825 308 3888 dubitanter
329 3831 491 3890 adulterae
508 3850 575 3889 esse
594 3828 855 3896 manifestantur5
878 3828 1027 3909 quoniam
1053 3831 1166 3891 relicto
1184 3834 1244 3894 im-

121 3909 249 3968 mortali
270 3933 395 3991 sponso,
419 3913 458 3972 ad
473 3911 663 3971 anteriorem
679 3920 714 3968 ut
736 3931 829 3968 canes
846 3908 890 3980 ‚ad
911 3911 1077 3992 proprium
1097 3935 1244 3978 reversae

122 4001 198 4051 sunt
231 3994 384 4053 vomitum
416 4005 447 4055 et
477 4001 635 4074 apostatae
665 3995 784 4066 l'actae,
814 3991 935 4050 inlicita
962 4015 997 4056 ac
1030 3995 1182 4074 sacrilega
1212 4021 1244 4060 se

121 4074 313 4154 contagione
336 4071 530 4159 polluentes,
552 4074 630 4136 viris
652 4073 838 4134 mortalibus
864 4094 895 4132 se
920 4075 1246 4156 conglutinaverunt:

121 4176 204 4234 quae
224 4157 329 4235 etiarn,
351 4160 439 4218 iuxta
462 4157 599 4218 eundem
624 4157 808 4239 Apostolum
838 4155 990 4232 Paulum,
1014 4179 1051 4218 eo
1079 4161 1166 4239 quod
1196 4165 1247 4223 vi·
1327 4200 1332 4208 ·
1381 4181 1386 4190 ·

122 4236 252 4300 deitatis
279 4241 477 4326 propositum
502 4240 704 4319 dimiserunt,
726 4250 758 4302 et
785 4239 988 4320 lidemquam
1009 4261 1082 4300 carm
1099 4244 1170 4306 Deo
1189 4270 1247 4330 pe-
