2948 4990
186 263 257 350 (56.6
610 286 893 342 cnrlruaamun
981 279 991 290 ·

185 421 348 485 connubio
362 425 497 506 ducant,
517 448 579 490 nec
600 427 669 488 sine
688 425 912 488 bencdictione
942 425 1120 490 Sacerdotis
1144 411 1221 490 cnm
1246 429 1313 490 vir

183 505 314 649 fiinibus
338 509 460 570 nubere
484 511 765 605 audeautsnequc
781 507 891 604 viduas
909 509 1026 592 absque
1040 532 1171 571 suornm
1191 514 1309 573 Sacer-

208 597 296 649 0tum
311 611 487 671 consensu,
509 603 541 656 et
556 593 763 655 conhibentia
795 591 919 674 plelus,
949 592 1066 653 ducere
1093 603 1310 676 praesumant.

620 672 688 710 -s

646 723 682 768 tu

183 774 234 837 De
258 797 295 840 eo
316 776 372 862 qui
396 799 428 838 se
453 779 627 841 incestuoso
648 778 759 840 ordine
785 781 833 839 his
852 779 997 864 personis
1018 779 1163 863 quibusda
1185 777 1307 839 divinis

430 862 546 942 regulis
554 863 747 949 prohibitum
765 873 823 934 est,
845 863 1055 924 coniunxerit.

265 959 443 1028 CCCCIX.
485 966 520 1028 si
535 967 687 1050 quissine
712 967 858 1050 gradosa
882 966 1063 1028 incestuoso
1091 966 1208 1028 ordine
1233 987 1309 1028 eum

180 1044 232 1108 his
248 1047 394 1130 personis
411 1047 528 1131 quibus
551 1051 568 1111 d
588 1049 706 1110 divinis
725 1049 847 1130 regulis
862 1048 1060 1130 prohibitum
1079 1057 1150 1124 est,
1172 1049 1309 1110 coniun-

179 1130 283 1214 xerit,
307 1151 474 1213 usquequo
492 1130 722 1215 poenitentiam
745 1129 997 1212 sequestratione
1015 1123 1191 1209 testcn'tur,
1223 1132 1309 1190 utri-

182 1213 487 1293 que-communione
507 1213 693 1296 priventur,
716 1222 748 1274 et
767 1233 873 1294 neque
891 1211 925 1272 in
940 1211 1057 1294 palatio
1071 1211 1195 1274 habere*
1218 1213 1309 1272 miti-

181 1295 278 1373 tiam,
301 1316 407 1378 neque
428 1296 461 1356 in
477 1297 547 1358 foro
564 1296 757 1378 agendarum
774 1315 940 1356 causarum
954 1293 1118 1355 licentiam
1131 1293 1308 1362 habebunt.

182 1376 263 1437 Nam
278 1397 391 1439 eorum
405 1378 462 1460 qui
476 1380 570 1441 modo
589 1378 752 1462 praedicto
773 1398 807 1438 se
825 1377 947 1437 incesto
959 1376 1200 1452 coniunxerint,
1211 1376 1307 1458 Epis·

183 1458 257 1540 copi
273 1480 331 1520 seu
342 1461 522 1544 Presbyteri
538 1462 572 1523 in
594 1481 732 1542 quorum
750 1459 888 1521 dioecesi
904 1458 953 1521 rel
973 1480 1054 1541 pago
1070 1467 1175 1519 actum
1193 1458 1306 1535 fuerit,

182 1540 264 1622 Regi
299 1543 351 1603 vel
375 1542 538 1606 lodicibus
563 1545 667 1608 scelus
690 1550 908 1625 perpetratum
928 1540 1137 1610 adnuntient;
1165 1548 1203 1598 ut
1231 1561 1309 1600 cum

185 1621 261 1704 ipsis
278 1621 503 1688 denuntiatum
518 1627 637 1705 fuerit,
663 1646 696 1686 se
724 1625 762 1688 ah
783 1644 896 1686 eorum
919 1622 1144 1682 commuuione
1166 1629 1221 1680 aut
1249 1643 1308 1682 co-

182 1700 380 1767 habitatione
397 1717 607 1790 sequestrent.
648 1707 710 1770 Res
723 1714 828 1768 autern
842 1725 953 1766 eorum
973 1705 1014 1765 ad
1026 1705 1143 1786 primos
1156 1713 1308 1784 parentes

183 1804 286 1867 usque
305 1787 344 1847 ad
363 1792 646 1870 sequestrationem
666 1787 874 1871 perveniant,
897 1785 956 1848 sub
980 1807 1017 1846 ea
1040 1785 1247 1861 conditione,
1270 1792 1309 1845 ut

184 1879 356 1950 antequam
367 1883 592 1954 segregentur,
613 1893 672 1954 per
693 1869 822 1931 nullum
836 1867 1005 1951 ingenium
1026 1889 1133 1949 neque
1160 1887 1220 1946 per
1248 1887 1309 1946 pa-

183 1959 316 2027 rentes,
355 1973 461 2034 neque
491 1976 550 2034 per
570 1953 787 2034 emptionem,
809 1973 915 2035 neque
931 1971 989 2032 per
1003 1949 1226 2012 auctoritatem
1251 1969 1308 2007 re-

185 2031 267 2112 giam
283 2031 479 2116 adproprias
499 2036 689 2117 perveniant
702 2034 886 2110 facultates,
910 2030 971 2093 uisi
996 2033 1174 2114 praefatum
1199 2027 1308 2092 scelus

183 2115 445 2204 sequestrationis
463 2117 661 2198 separatione
680 2124 711 2178 et
724 2113 922 2199 poenitentia
939 2115 1110 2175 fateantur.

306 2219 361 2283 Ex
376 2219 457 2283 libro
467 2221 583 2302 Legum
594 2219 764 2282 Theodosii
778 2224 851 2294 111,·
860 2241 927 2294 cop.
938 2241 967 2280 ιι
983 2217 1022 2278 dc
1043 2217 1183 2286 incestis.

267 2325 424 2390 CCCCX.
466 2326 562 2405 Quod
573 2326 688 2388 incesti
704 2347 770 2386 non
787 2322 853 2388 sint
865 2323 1000 2410 legitimi
1014 2321 1168 2402 heredes,
1187 2321 1244 2386 sed
1258 2324 1310 2384 in-

185 2411 282 2476 famia
298 2410 362 2472 sint
375 2419 500 2472 notatae
517 2420 672 2492 utraeque
687 2427 851 2492 personae.

242 2517 284 2582 Ut
304 2516 408 2579 nullus
433 2514 580 2580 devotam
600 2515 669 2576 Deo
697 2513 851 2600 virginem
871 2511 927 2574 uel
946 2507 1076 2572 viduam
1096 2513 1259 2590 coniugem

347 2615 349 2620 ’
670 2597 815 2680 occipiat.

268 2679 444 2746 CCCCXI.
486 2681 527 2742 Ut
545 2680 714 2763 deinceps,
736 2675 819 2738 sic'ut
838 2694 977 2739 canones
1003 2671 1210 2736 ecclesiastici
1231 2697 1311 2756 pro«

185 2767 321 2844 hibent,
344 2765 452 2826 nullus
468 2765 539 2824 Deo
560 2764 706 2825 devotam
724 2759 900 2840 virginem,
922 2754 1032 2816 nullus
1054 2755 1112 2816 suh
1139 2756 1309 2837 religionis

186 2849 301 2913 habitu
322 2847 569 2924 consistentem,
590 2845 655 2907 sive
680 2840 845 2906 viduitatis
875 2837 1106 2900 continentiam
1122 2839 1313 2922 professam,

189 2935 240 2994 rel
253 2931 303 2994 sui
323 2930 500 3014 proximam
517 2927 659 3010 generis,
680 2923 842 2985 autetiam
860 2922 899 2988 de
919 2921 1010 2982 cuius
1035 2920 1229 2980 admixtione
1256 2921 1311 2978 in-

187 3015 326 3080 cestivae
344 3023 450 3073 notam
465 3009 565 3093 possit
589 3007 695 3070 subire
720 3005 887 3081 infamiae,
919 3001 1047 3064 inlicita
1070 3001 1233 3062 connubio
1255 3010 1316 3068 aut

187 3099 220 3160 vi
244 3105 299 3156 aut
315 3115 474 3156 consensu
494 3091 629 3173 accipiat
653 3089 840 3170 coniugem
864 3085 940 3167 quia
964 3105 1024 3144 nec
1054 3104 1167 3143 verum
1189 3084 1315 3164 poterit,

189 3201 257 3244 esse
275 3177 461 3258 coniugium
477 3173 565 3262 quod
578 3171 730 3234 dmeliori
741 3168 903 3252 proposito
921 3164 1092 3230 deducitur
1103 3167 1144 3226 ad
1157 3165 1317 3240 deterius,

190 3272 223 3326 et
241 3261 299 3322 sub
313 3259 384 3319 falsi
400 3257 537 3320 nominis
554 3255 668 3338 copula
683 3250 852 3327 incestiva,
875 3248 1055 3332 pollutione
1072 3256 1105 3308 et
1123 3247 1316 3307 fornicatio..

188 3344 239 3406 nis
261 3340 483 3417 immunditia,
505 3345 717 3420 perpetratur.
758 3334 825 3393 Hoc
845 3351 920 3393 uero
942 3331 1050 3406 nefas,
1072 3328 1099 3390 si
1117 3349 1209 3413 agere
1228 3349 1318 3388 amon

190 3427 231 3488 do
246 3422 420 3485 cuiuslibet
440 3422 543 3504 gentis
564 3421 710 3482 homines
727 3437 821 3478 sexus
843 3413 1010 3494 utriusque
1026 3411 1231 3502 tentaverint,
1260 3410 1315 3469 in-

188 3509 319 3570 sistente
335 3505 504 3567 Sacerdote
523 3503 576 3566 vel
600 3503 729 3576 Iudice,
751 3496 870 3560 etiamsi
885 3495 993 3555 nullus
1009 3504 1172 3558 accusator
1188 3501 1318 3566 s1t‚om-,

189 3588 326 3650 nimodis
343 3585 493 3669 separati,
516 3585 614 3647 exilio
625 3589 781 3667 perpetuo
795 3579 1001 3660 relegentur3
1022 3596 1081 3636 nec
1101 3575 1209 3668 aliqua
1224 3572 1316 3634 inde-

188 3672 335 3732 finitione
357 3667 424 3746 sui,
446 3689 614 3751 quousque
631 3664 785 3741 riserint,
807 3660 1009 3743 longitudine
1036 3667 1189 3741 temporis
1212 3677 1319 3718 exeun

192 3764 313 3818 santur.

234 3857 330 3945 Quod
351 3855 572 3942 blasphemiam
595 3855 664 3917 Deo
692 3851 808 3934 inserat
831 3849 886 3931 qui
911 3867 946 3906 se
966 3866 1036 3906 cum
1059 3843 1128 3905 Deo
1148 3855 1273 3905 sacratu

666 3935 833 3997 miscuerit.

271 4027 465 4109 CCCCXll.
515 4043 604 4105 Scire
632 4064 688 4102 vos
716 4035 868 4100 convenit
891 4033 967 4116 quia
988 4007 1218 4113 blasphemiam
1243 4031 1320 4100 Deo

190 4129 391 4272 inrogpttqui
412 4151 486 4191 cum
498 4129 570 4191 Deo
585 4133 722 4202 sacrata,
744 4121 796 4186 uel
812 4139 885 4184 cum
903 4118 1007 4182 velata
1022 4115 1152 4194 femina,
1173 4137 1205 4178 se
1226 4136 1320 4182 cooa-

193 4235 339 4279 manua.

183 669 291 754 Supra
310 691 337 738 c.
356 674 421 740 150.

1424 3791 1430 3804 '
1460 3775 1469 3860 l
