2926 4984
525 327 645 395 usar
677 331 844 397 ouinrus
1149 320 1239 412 Ι579

257 469 306 532 De
328 470 486 536 Monacho
503 473 559 555 qui
577 476 800 536 monasterium
817 493 908 534 suum
927 473 1094 538 dimiserit.

195 575 433 639 CCCLXXIX.
475 577 509 638 Si
537 577 716 642 Monachus
738 579 967 641 monasterium
982 586 1085 648 ,suum
1107 585 1240 649 dimise-

106 660 163 739 rit,
187 661 293 720 omnia
310 660 394 720 bona
411 657 521 742 ipsius,
544 669 575 719 et
594 683 676 743 quae
701 662 735 721 in
755 664 981 724 monasterium
999 666 1189 745 introduxit,
1208 680 1240 730 et

107 765 193 824 quae
214 765 279 801 non
303 742 492 820 introduxit,
516 743 659 802 dominio
681 744 864 806 monasterii
891 745 965 823 sint,
989 757 1020 808 et
1043 749 1110 831 ipse
1130 751 1239 812 officio

106 825 270 886 Praesidis
285 823 404 886 servire
422 833 563 906 cogatur.
607 825 640 884 Si
664 845 740 886 vero
757 826 933 888 Monachus
952 829 991 888 ad
1014 831 1103 892 aliud
1118 853 1241 894 monas·

108 908 228 966 terium
244 906 440 987 migraverit,
463 907 670 968 substantiam
692 908 761 970 eius
779 909 867 990 prius
886 913 1115 974 monasterium
1134 916 1239 998 possi·

108 989 195 1068 duat,
219 989 302 1050 etin
321 988 384 1049 alio
403 989 598 1050 monasterio
618 989 685 1072 ipse
709 1012 774 1051 non
797 991 982 1074 recipiatur.

390 1095 438 1154 De
454 1115 547 1156 servo
568 1097 602 1155 in
617 1097 805 1158 monasterio
825 1110 959 1180 recepto.

192 1197 415 1266 CCCLXXX.
456 1201 490 1261 Si
514 1200 632 1282 aliquis
661 1199 844 1283 incognitus
867 1201 901 1261 in
931 1205 1161 1281 monasterium
1184 1206 1238 1267 in·

108 1282 203 1364 gredi
223 1283 377 1360 voluerit,
400 1293 473 1343 ante
494 1283 672 1343 triennium
688 1283 838 1344 Monachi
860 1283 987 1345 habitus
1009 1287 1039 1345 ei
1061 1309 1125 1347 non
1144 1310 1238 1370 prae-

106 1374 219 1429 stetur.
262 1366 303 1424 Et
325 1365 349 1424 si
369 1365 453 1423 intra
471 1373 535 1426 tres
553 1387 653 1426 annos
676 1375 730 1424 aut
750 1387 861 1426 servus
879 1367 933 1426 vel
949 1367 1086 1429 libertus
1110 1372 1162 1432 vel
1182 1392 1239 1431 eo-

107 1448 205 1506 lonus
223 1456 406 1526 quaeratur,
429 1447 559 1508 domino
578 1469 636 1508 suo
653 1448 807 1508 reddatur
825 1470 898 1510 cum
919 1449 1066 1512 omnibus
1083 1473 1165 1532 quae
1187 1453 1240 1512 ad·

106 1529 195 1602 tulit,
220 1527 282 1588 lide
306 1537 411 1588 tamen
430 1539 558 1611 accepta
584 1530 623 1591 de
645 1529 846 1612 impunitate.
896 1529 930 1590 si
952 1541 1058 1592 autem
1079 1533 1166 1594 intra
1182 1534 1239 1592 tri-

108 1611 244 1670 ennium
263 1610 437 1691 requisitus
459 1632 523 1671 non
542 1611 658 1689 fucrit,
679 1622 790 1694 postea
812 1612 923 1694 quaeri
949 1635 1015 1672 non
1042 1625 1157 1696 potest,
1181 1616 1239 1675 sed

107 1701 234 1752 tantum
244 1713 280 1753 ea
293 1713 376 1775 quae
391 1693 426 1752 in
441 1693 669 1754 monasterium
678 1694 823 1771 adduxit,
833 1693 982 1756 dominus
996 1697 1080 1759 servi
1093 1696 1238 1782 recipiat.

451 1797 500 1859 De
514 1799 775 1860 Monacbislaicis
783 1798 894 1879 factis.

190 1898 432 1966 CCCLXXXl.
475 1902 509 1963 si
534 1912 640 1963 autem
666 1902 843 1964 Monachus
873 1903 975 1965 laicus
1001 1905 1103 1968 factus
1125 1909 1236 1990 suerit,

105 1985 232 2048 honore
257 1995 289 2046 et
312 1983 443 2066 cingulo
459 1985 626 2066 spolietur,
649 1995 681 2046 et
698 2005 749 2044 res
778 1986 846 2044 eius
871 1990 1065 2049 monasterio
1092 1989 1237 2050 adician-

106 2080 170 2135 tur.
214 2067 356 2148 Quodsi
385 2067 592 2127 monasticam
616 2067 713 2128 vitam
732 2066 921 2148 reliquerit,
942 2070 1075 2133 Praeses
1100 2073 1237 2156 provin-

107 2152 176 2214 ciae
195 2173 269 2212 eum
289 2157 399 2210 teneat
424 2159 456 2209 et
475 2149 582 2210 curiae
604 2170 679 2210 suae
704 2158 926 2216 connumeret.

370 2251 371 2264 ¹
456 2254 504 2314 De
521 2251 887 2336 Ecclesiaaediflcanda.

191 2334 452 2401 CCCLXXXII.
493 2338 593 2396 Nemo
613 2336 791 2395 Ecclesiam
819 2332 1162 2421 aedificetantequam
1184 2339 1235 2404 ei-

106 2421 215 2486 vitatis
238 2419 417 2501 Episcopus
435 2419 554 2492 veniat,
579 2427 612 2478 et
629 2417 749 2478 ibidem
769 2437 898 2478 crucem
921 2419 996 2501 figat
1015 2421 1155 2500 publice.
1193 2427 1236 2486 Et

106 2513 181 2564 aute
197 2501 366 2584 praefiniat
384 2502 440 2580 qui
463 2501 631 2560 aedificare
657 2500 747 2574 vult,
770 2499 849 2578 quid
875 2500 915 2560 ad
943 2502 1115 2561 luminaria
1137 2513 1169 2564 et
1196 2507 1237 2567 ad

105 2586 284 2648 custodiam
299 2593 330 2644 et
344 2583 501 2663 stipendia
517 2582 686 2644 custodum
703 2581 850 2646 sufficiat.
890 2583 933 2646 Et
946 2585 1030 2644 facta
1049 2584 1235 2669 donatione,

105 2670 152 2731 sic
173 2669 303 2729 domum
323 2665 478 2726 aedificet.

295 2773 342 2831 De
363 2793 398 2831 eo
417 2773 471 2853 qui
490 2768 524 2830 iis
544 2769 637 2831 domo
663 2789 720 2828 suu
740 2769 913 2830 oratoriam
923 2769 1052 2848 fecerit.
1175 2817 1176 2824 .

190 2851 473 2916 CCCLXXXlll.
522 2851 587 2929 Qui
615 2851 649 2911 in
669 2851 764 2911 domo
790 2871 845 2912 sua
873 2853 1052 2918 oratorium
1070 2853 1233 2936 habuerit,

108 2957 201 2997 orare
223 2934 269 2995 ihi
288 2945 399 3018 potest.
441 2933 562 2994 Tamen
580 2954 644 2992 non
664 2933 779 2992 audeat
797 2933 830 2991 in
850 2954 888 2992 eo
906 2955 1008 2995 sacras
1027 2937 1133 2998 facere
1154 2939 1234 3000 Mis·

42 3081 43 3086 ,
105 3041 154 3080 sas
174 3018 244 3078 sine
260 3018 414 3100 permissu
426 3015 577 3098 Episcopi
596 3015 661 3075 loci
681 3014 779 3075 illius.
821 3015 917 3092 Quod
932 3018 965 3093 si,
978 3019 1103 3096 fecerit,
1122 3019 1234 3082 domus
1265 3094 1267 3098 .

105 3101 197 3160 illius
215 3100 282 3160 fisci
297 3101 418 3163 viribus
432 3099 476 3172 d)
498 3098 673 3158 addicatur.
727 3098 840 3158 Comes
860 3107 892 3156 et
908 3098 995 3160 Missi
1014 3101 1083 3172 eius
1099 3100 1154 3182 qui
1171 3103 1233 3164 hoc

106 3183 269 3264 cognovit,
291 3192 323 3242 et
340 3203 405 3241 non
426 3180 610 3264 prohibuit,
632 3179 715 3239 libra
732 3179 800 3238 auri
814 3179 1013 3259 multabitur,
1035 3192 1068 3243 et
1084 3185 1121 3243 ab
1138 3183 1234 3267 Epis.
1329 3197 1331 3225 τ

106 3286 189 3347 copo
215 3263 278 3324 loci
297 3264 385 3326 illius
409 3262 595 3326 canonicam
616 3260 768 3344 suscipiat
792 3263 1156 3346 excommunicationem
1180 3266 1232 3330 vel

106 3347 342 3410 exclusionem.

451 3428 500 3486 De
522 3426 669 3487 electione
694 3425 886 3493 Abbatissae.

191 3530 466 3596 CCCLXXXlV.
507 3530 671 3592 Abbatissa
685 3532 821 3614 eligatur
841 3533 857 3592 a
876 3541 990 3594 cuneta
1011 3535 1216 3620 congregatio

106 3640 160 3695 ne,
185 3639 250 3676 non
277 3617 455 3677 secundum
476 3615 632 3691 ordinem,
648 3613 820 3694 sed'quam
833 3615 975 3676 melioris
989 3618 1151 3699 opinionis
1165 3638 1234 3682 esse

107 3697 299 3776 constiterit,
324 3709 356 3759 et
375 3717 470 3778 quam
487 3696 635 3757 meliores
657 3695 824 3778 elegerint.
865 3697 907 3757 Et
930 3697 986 3779 qui
1009 3721 1077 3759 eam
1099 3701 1233 3782 eligunt,

106 3790 290 3867 proponant
309 3781 425 3840 sanctis
445 3778 630 3860 evangeliis,
653 3777 796 3839 dicentes
816 3779 903 3858 quod
925 3781 989 3839 non
1009 3790 1142 3862 propter
1159 3780 1236 3844 ami·

107 3865 199 3926 citias
215 3864 266 3923 rel
285 3863 415 3944 gratiam
431 3861 614 3937 humanam,
635 3855 691 3921 sed
707 3859 844 3921 scientes
862 3880 930 3920 eam
952 3861 1015 3920 fide
1036 3873 1173 3940 rectam,
1202 3871 1236 3924 et
1270 3891 1274 3898 ¹

106 3947 175 4010 vita
194 3955 322 4020 castam,
344 3954 377 4004 'et
394 3943 670 4004 administratione
692 3941 829 4024 dignam,
850 3942 890 4001 ad
906 3961 1098 4024 omnemque
1120 3954 1235 4005 statum

106 4026 295 4090 monasterii
317 4026 440 4087 utilem.
483 4027 526 4086 Et
538 4035 618 4087 tunc
638 4024 846 4087 confirmetur
863 4023 903 4084 ab
915 4025 1075 4109 Episcopo
1092 4026 1146 4086 cui
1164 4047 1236 4088 mo·

107 4110 285 4171 nasterium
305 4109 485 4169 subiectum
507 4116 567 4171 est..

108 4217 475 4238 *nn—m

143 4261 177 4335 d)
198 4263 231 4316 al.
250 4280 310 4316 mss.
326 4259 444 4324 *iuribus
