2926 4984
204 296 278 373 ⁵22
615 322 904 382 carinummun

345 463 395 524 De
408 460 606 541 Presbyter-is
627 466 683 548 qui
698 463 843 549 sirrsinus·
857 467 891 526 in
908 461 1054 526 domibus
1071 461 1194 524 hubent.

286 567 474 632 LXXXIX.
519 571 683 633 sancitum
698 582 745 634 est
762 573 800 634 ab
817 571 985 657 Episcopis
1000 573 1039 633 de
1057 568 1255 652 Presbyteris
1274 573 1336 654 qui

202 653 338 718 feminas
358 674 466 713 secum
483 653 653 716 indiscrete
671 655 814 717 habitare
836 655 1037 738 permittunt,
1061 663 1093 715 et
1115 661 1247 735 propter
1269 653 1332 716 hoc

203 739 303 798 malae
328 735 489 818 opinionis
507 738 689 820 suspicione
714 740 920 814 denotantur,
943 747 978 798 ut
994 737 1020 798 si
1043 736 1195 816 deinceps
1219 737 1331 798 admo-

204 821 265 880 niti
286 840 349 878 non
373 819 641 898 se'correxerint,
664 821 752 882 velut
775 829 1013 899 contemptores
1032 840 1195 880 sacrorum
1222 819 1338 880 Cano«

204 925 283 966 uum
302 899 456 962 canonica
474 901 657 966 invectione
670 904 837 968 feriantur.
866 901 948 969 Ibid.
971 923 997 963 e.
1019 921 1069 984 92.

628 1011 676 1072 De
693 1011 907 1095 scriptoribus.

190 1170 193 1176 .
285 1117 357 1187 XC.
400 1122 443 1181 Ut
455 1117 578 1180 scribae
593 1117 706 1182 vitiose
725 1139 791 1178 uon
813 1116 963 1178 scribant.
1004 1113 1127 1177 uiuo.
1146 1116 1213 1182 105,

638 1229 690 1288 De
706 1225 897 1289 incestuosis.

283 1333 373 1402 XCI.
415 1337 463 1397 De
486 1334 686 1412 incestuosis,
708 1344 745 1394 ut
762 1332 916 1394 canonice
940 1329 1184 1406 examinentur-1,
1213 1338 1246 1391 et
1268 1351 1334 1391 nec

202 1427 336 1500 propter
361 1419 496 1480 alicuius
517 1418 687 1479 amicitiam
717 1416 848 1500 quidam
869 1414 1073 1493 relaxentur,
1095 1413 1228 1496 quidam
1251 1433 1335 1474 veroa

203 1499 475 1582 constringantur.
496 1501 579 1563 Ibid.
601 1523 627 1566 c,
654 1521 720 1559 ιιι.

454 1639 457 1644 ·
504 1607 552 1668 De
573 1607 849 1668 communicatione
861 1604 1022 1689 fidelium.

285 1713 394 1779 XCII.
435 1717 478 1774 Ut
495 1736 604 1775 omnes
627 1714 738 1775 fideles
751 1712 999 1787 communicent,
1022 1711 1109 1773 etad
1125 1709 1234 1772 Missas
1251 1729 1332 1793 per-

201 1806 348 1882 spectent
368 1796 437 1858 sine
454 1796 561 1878 aliqua
582 1797 758 1864 occasione.
798 1795 881 1858 laid.
904 1817 930 1856 c.
955 1796 1020 1856 132.

531 1906 579 1964 De
601 1904 746 1986 confugio
761 1903 806 1964 ud
817 1903 999 1964 Ecclesiam.

284 2009 410 2075 XCIII.
452 2011 484 2072 si
504 2011 576 2094 quis
597 2013 636 2072 ad
651 2012 829 2074 Ecclesiam
846 2010 1032 2092 confugium
1049 2006 1173 2082 fecerit,
1195 2004 1228 2064 in
1245 2003 1330 2064 atrio

199 2090 300 2173 ipsius
316 2092 479 2154 Ecclesiae
503 2116 613 2176 pacem
635 2094 768 2172 habeat,
792 2115 851 2155 nec
875 2094 916 2156 sit
939 2094 968 2156 ei
990 2113 1118 2152 necesse
1146 2088 1330 2150 Ecclesiam-

200 2175 343 2256 ingredi3
366 2185 397 2234 et
414 2173 520 2236 nullus
536 2198 608 2236 eum
627 2175 703 2238 inde
722 2198 779 2258 per
792 2175 1251 2262 vim-abstraherepraesumat‚
1269 2169 1332 2228 sed.

144 2324 147 2328 ,
201 2257 298 2316 liceat
313 2257 458 2317 confiteri
474 2259 562 2338 quod
584 2259 671 2335 secit,
697 2269 727 2319 et
749 2259 824 2319 inde
848 2281 906 2340 per
920 2279 1031 2316 manus
1050 2257 1206 2315 bonorum
1226 2250 1332 2311 homi·

201 2361 279 2399 num
305 2340 345 2399 ad
364 2340 593 2402 discussionem
614 2342 646 2400 in
667 2341 798 2424 publico
813 2341 1017 2422 perducatur.
1058 2335 1142 2399 [tid.
1162 2358 1189 2402 c.
1215 2335 1281 2410 134.

517 2447 565 2506 De
580 2447 791 2508 admonitione
804 2446 1020 2508 Sacerdotum.

282 2551 404 2615 XCIV.
429 2538 489 2613 'Ut
507 2555 694 2616 Sacerdotes
718 2555 913 2615 admoneant
929 2551 1086 2633 populum
1100 2557 1136 2608 ut
1156 2548 1332 2626 eleemosy-

207 2659 280 2697 nam
302 2636 379 2697 dent
401 2645 431 2697 et
454 2637 613 2698 orationes
632 2637 750 2697 faciant
766 2659 824 2718 pro
841 2635 974 2696 diuersis
988 2633 1089 2716 plagis
1103 2652 1180 2713 quas
1204 2628 1335 2704 assidue

202 2741 262 2802 pro
285 2720 423 2802 peccatis
445 2719 560 2780 nostris
576 2720 724 2802 patimur.
766 2717 850 2780 Ibid.
872 2740 897 2779 c.
924 2717 990 2798 159.

503 2826 551 2884 De
573 2826 808 2908 praedicatione
827 2823 878 2884 ud'
888 2824 1018 2906 plebem.

286 2928 392 2995 XCV.
433 2934 475 2991 Ut
490 2932 549 3013 ipsi
571 2933 776 3006 Sacerdotes,
799 2933 1019 3012 unusquisque
1044 2927 1225 2990 secundnm.
1241 2925 1338 2986 ordi-.

206 3035 280 3074 nem
298 3035 413 3089 suum,
435 3015 619 3092 praedicare
644 3025 675 3076 et
696 3016 811 3076 docere
837 3015 985 3076 studeant
1004 3012 1131 3095 plebem
1153 3007 1214 3070 sihi
1242 3029 1339 3067 corn-2

207 3096 343 3160 missam.
388 3096 590 3161 lbid.c.160.

329 3204 378 3261 De
396 3201 579 3262 eruditione
582 3203 730 3286 filiorum
758 3201 971 3285 dperentidus
989 3200 1043 3258 uel
1061 3199 1207 3280 patrinis,

290 3305 412 3372 XCVI.
455 3311 496 3368 Ut
519 3319 668 3390 parentes
685 3310 768 3370 lilios
789 3332 878 3383 suos,
902 3317 934 3367 et
959 3306 1076 3389 patrini
1104 3328 1157 3366 eos
1185 3325 1266 3380 quos
1292 3301 1337 3362 de

207 3391 296 3450 fonte
319 3389 435 3449 lavacri
459 3391 650 3472 suscipiunt,
674 3393 802 3451 erudire
828 3411 1026 3469 summo-pere
1051 3389 1214 3454 studeant3
1247 3384 1332 3457 illos,

208 3471 283 3554 quia
300 3493 353 3532 eos
372 3483 564 3552 genuerunt,
584 3483 615 3532 et
638 3473 682 3533 eis
709 3475 726 3532 t
751 3475 890 3534 Domino
911 3473 974 3532 dati
990 3479 1078 3542 snnt;
1103 3478 1133 3543 et
1154 3469 1240 3544 istos,
1256 3465 1338 3547 quia

207 3575 266 3641 pro
286 3554 331 3620 eis
347 3553 549 3616 fideiussores
568 3555 724 3624 existunt„
761 3556 865 3640 Supra
886 3556 951 3615 aio.
972 3554 1017 3615 II.
1039 3573 1065 3610 c.
1087 3552 1136 3628 46.

457 3684 510 3745 De
528 3682 677 3742 Ecclesiis
698 3687 874 3768 antiquitus:
891 3685 1077 3745 constitutis.
1113 3692 1116 3698 ’

290 3788 432 3856 XCVII,
473 3791 516 3849 Ut
531 3788 698 3848 Ecclesiae
710 3788 886 3870 antiquitus
902 3787 1093 3848 constitutae
1116 3805 1180 3846 neo
1201 3780 1340 3844 decimis

209 3894 269 3933 nec
291 3873 357 3932 ulla
377 3871 574 3954 possessione
598 3869 776 3951 prirentur.
818 3869 899 3931 uid.
921 3893 946 3934 c.
968 3871 1018 3948 47.
1121 3909 1124 3922 -

234 3980 283 4038 De
300 3980 348 4039 lais
365 3979 504 4061 quisine
524 3998 675 4038 consensu
697 3974 848 4058 Episcopi
874 3974 1078 4050 presbyteros
1099 3975 1133 4032 in
1153 3969 1305 4032 Ecclesiis

453 4061 642 4121 constituunt
663 4059 711 4116 vel
730 4057 770 4116 de
793 4055 941 4116 Ecclesiis
959 4057 1082 4114 eiciunt.

290 4164 447 4228 XCVIII.
488 4167 536 4236 De
553 4164 605 4223 his
624 4163 680 4246 qui
697 4163 768 4223 sine
784 4148 943 4222 consensu
960 4159 1109 4241 Episcopi
1127 4147 1340 4238 Presbytdros

209 4248 410 4310 inEeclesiis
425 4245 490 4308 suis
511 4245 728 4322 constituunt,
750 4243 802 4306 vel
826 4241 866 4303 de
888 4239 1042 4302 Ecclesiis
1069 4239 1208 4314 eiciunt,
1231 4246 1264 4298 et
1296 4235 1336 4295 ab
