2948 4990
541 375 655 438 nrnnn
681 379 837 441 sextos.
1185 358 1257 439 597

131 503 177 567 Ut
197 507 253 591 qui
278 508 463 577 vendiderit
489 515 602 601 filiam
637 545 724 585 suam
751 517 994 664 indemutata,
1028 537 1092 580 non
1120 519 1228 598 egredi

540 615 592 664 tur
611 606 691 667 sicut
716 607 788 666 anci
835 655 843 670 .
1223 617 1230 633 “

212 695 273 759 IV.
319 699 354 761 Si
375 702 447 784 quis
469 708 656 772 vendiderit
683 711 783 770 filiam
811 730 900 770 suam
927 705 960 766 in
984 703 1161 780 famulam,
1189 727 1257 768 uon
1309 737 1310 742 ¹

47 826 49 840 .
123 779 314 860 egredietur
324 783 407 844 sicut
423 789 559 852 ancillae
576 793 665 854 exire
685 797 933 854 consueverunt.
975 789 1010 850 si
1023 786 1183 871 placuerit
1198 789 1256 849 do-

123 861 216 921 mino
237 885 312 940 suo,
326 867 377 926 cui
397 871 528 931 vendita
548 883 606 950 est,
622 877 767 936 admittat
782 895 851 935 eam
870 872 1019 943 liberam;
1042 870 1135 933 etad
1157 869 1257 931 alium

120 945 284 1026 populum
300 969 364 1008 non
384 949 462 1012 licet
483 953 582 1036 ipsam
599 959 751 1023 vendere.

275 1051 316 1114 Ut
335 1057 389 1140 qai
409 1059 563 1120 hominem
584 1063 793 1147 percusserit,
823 1074 922 1123 morte
944 1061 1107 1125 moriatur.

198 1155 251 1254 ¹V.
294 1161 360 1240 Qui
384 1167 580 1246 percusserit
600 1167 790 1247 hominem,
825 1163 1119 1242 volensoccidere,
1153 1172 1255 1227 merto

119 1250 289 1309 momatur.
407 1253 410 1260 ‘

173 1347 224 1407 De
254 1368 290 1409 eo
317 1351 372 1433 qui
394 1373 455 1434 per
478 1353 665 1418 industriam
689 1358 872 1438 premiorum
890 1355 1028 1422 voluerit
1049 1352 1204 1414 occidere.

207 1453 267 1516 Vl.
308 1455 343 1517 si
367 1457 439 1538 quis
460 1459 499 1520 de
521 1461 678 1524 industria
697 1463 853 1524 occiderit
876 1460 1057 1545 proximum
1078 1481 1188 1538 suum,
1218 1467 1252 1522 et

119 1555 187 1620 per
206 1534 349 1616 insidias,
374 1539 412 1600 ab
431 1541 524 1603 altari
544 1566 616 1606 meo
636 1545 756 1607 evelles
777 1567 872 1622 eum,
895 1554 930 1606 ut
948 1545 1111 1610 moriatur.

290 1644 339 1703 De
373 1664 409 1706 eo
440 1647 496 1730 qni
526 1652 718 1732 percusserit
735 1664 857 1734 patrem
872 1663 925 1710 aut
945 1664 1085 1711 matrem.

143 1829 152 1846 ·
208 1747 289 1810 Vll.
331 1750 396 1829 Qui
421 1755 615 1836 percusserit
641 1765 763 1839 patrem
792 1765 1025 1836 anemonen,
1054 1764 1155 1820 morte
1171 1759 1251 1836 ζωο-

120 1840 237 1898 natur.

382 1915 455 1975 Non
472 1918 719 1981 maledicendum
733 1923 820 2005 patri
840 1933 870 1980 et
890 1921 992 1981 matri.

143 2099 151 2114 ι
174 2108 188 2160 ι
211 2016 301 2082 Vlll.
343 2020 409 2098 Qui
430 2021 632 2086 maledixerit
653 2026 735 2110 patri
763 2049 821 2088 suo
842 2036 873 2088 et
904 2026 1021 2104 matrI,
1047 2035 1149 2090 morta
1177 2045 1249 2088 mo·

120 2121 173 2161 rra
189 2122 237 2166 ur.

247 2209 297 2268 De
316 2231 351 2270 eo
368 2211 423 2292 qni
440 2212 595 2272 bominem
615 2213 746 2293 saratas
763 2211 868 2293 suerit
885 2228 915 2276 et
933 2216 1123 2281 vendiderit.

147 2393 155 2406 ·
208 2313 263 2373 lx.
305 2314 370 2391 Qui
383 2316 507 2377 furatus
517 2318 615 2413 fuerit
627 2318 801 2415 hominen&
822 2329 855 2380 et
868 2321 1052 2384 vendiderit
1068 2343 1153 2401 enm,
1172 2342 1247 2384 con-

91 2404 229 2457 ¹v1ctus
247 2417 366 2473 noxae,
390 2407 489 2459 morte
508 2409 672 2467 monetur.
775 2407 777 2410 ’
1015 2425 1018 2432 ’

185 2503 236 2562 De
263 2504 311 2562 lais
336 2502 391 2584 qui
413 2505 514 2565 rixati
540 2506 622 2566 inter
642 2529 674 2567 re
685 2501 823 2588 fuerim,
846 2521 877 2568 et
898 2510 1086 2593 percusserit
1104 2511 1186 2572 alter

617 2590 768 2650 alterum.¹

206 2663 247 2723 X.
289 2665 323 2726 Si
344 2667 439 2730 rixati
459 2671 582 2733 fuerint
596 2671 677 2748 viri,
701 2682 732 2733 et
750 2673 945 2754 percusserit
961 2673 1048 2737 alter'
1064 2671 1246 2754 proximum

122 2769 218 2810 suum
234 2746 340 2828 lapide
353 2751 407 2813 vel
423 2775 551 2835 pugno,
570 2763 601 2815 et
616 2753 672 2814 ille
690 2765 834 2816 mortuus
853 2777 918 2816 non
937 2755 1048 2833 fuerit,
1069 2764 1099 2815 et
1112 2756 1246 2818 iacuerit
1282 2838 1284 2840 Ι

122 2831 157 2890 in
176 2829 315 2903 lectulo;
339 2833 365 2894 si
392 2836 569 2898 surrexerit
587 2847 618 2898 et
635 2837 845 2899 ambulaverit
867 2837 944 2900 foris
973 2859 1069 2920 super
1096 2838 1246 2898 haculum

123 2921 235 2988 suum,
263 2912 419 2978 innocens
436 2919 498 2980 erit
515 2919 572 2999 qui
590 2920 805 3002 percusserit3
834 2921 878 2979 ita
895 2928 1001 2982 tamen
1018 2929 1054 2980 ut
1076 2941 1186 3004 operas
1212 2929 1245 2983 et

123 2995 281 3077 impensas
299 2997 367 3060 eius
384 2999 417 3059 in
438 3002 578 3062 medicos
593 3003 748 3067 restituat.

121 3103 174 3163 De
197 3123 233 3164 eo
262 3103 317 3186 qui
341 3108 530 3187 percusserit
556 3128 681 3166 servum
711 3129 799 3165 suum
821 3107 875 3166 vel
898 3105 1043 3168 ancillam
1062 3107 1171 3192 lapide
1190 3109 1247 3169 arel

462 3189 562 3266 virga,
585 3201 614 3247 et
639 3190 754 3248 mortui
763 3186 898 3268 fuerint,

207 3264 267 3327 XI.
310 3267 376 3343 Qui
402 3271 595 3350 percusserit
621 3292 749 3332 servum
776 3293 868 3332 suum
891 3270 945 3331 vel
967 3269 1115 3330 ancillam
1138 3270 1244 3352 lapide

121 3349 176 3412 vel
195 3347 302 3428 virga,
333 3353 641 3413 etmortuusfuerit
660 3353 693 3412 iu
716 3353 966 3428 manibuseius,
994 3373 1067 3412 reus
1092 3352 1163 3413 erit.
1211 3352 1245 3414 si

123 3441 231 3491 autem
244 3452 310 3490 uuo
321 3431 372 3492 die
385 3434 601 3515 supervixerit
614 3435 672 3516 vel
689 3435 823 3515 duobus,
840 3457 905 3496 non
921 3433 1097 3496 subiacebit
1109 3455 1245 3518 poenae,

123 3513 202 3595 quia
220 3513 357 3596 pecunie
378 3513 446 3577 eius
467 3527 521 3582 est.

169 3617 212 3690 Ut
230 3620 258 3678 si
273 3618 372 3702 aliqui
390 3621 473 3680 inter
489 3644 521 3682 se
532 3622 660 3704 fieerint
679 3625 795 3696 rixati,
818 3635 849 3684 et
875 3625 1064 3708 percusserit
1089 3645 1133 3685 ex
1160 3624 1205 3683 eis

412 3705 526 3785 aliquis
549 3707 709 3765 maalierem
725 3719 954 3794 praegnantem.

206 3780 282 3847 Xll.
326 3784 360 3846 si
379 3784 475 3845 rixati
497 3787 621 3848 fuerint
639 3787 808 3863 homines,
830 3798 861 3849 et
879 3784 1074 3871 percusserit
1090 3782 1162 3866 quis
1179 3803 1249 3844 mu-

126 3863 241 3924 lierem
267 3877 514 3948 praegnantem,
537 3879 570 3931 et
592 3870 771 3931 abortivum
796 3871 931 3949 fecerit,
962 3868 987 3927 si
1016 3866 1083 3948 ipsa
1104 3866 1246 3942 vixerit,

123 3945 302 4008 subiacebit
322 3949 438 4009 damno
460 3962 617 4034 quantum
636 3952 816 4036 expedierit
828 3954 959 4016 maritus
975 3948 1124 4012 mulieris
1140 3957 1173 4010 et
1191 3967 1246 4006 ar-

122 4028 223 4090 bitres
240 4030 420 4093 iudicarint.

126 4135 225 4221 Quod
244 4139 271 4196 si
296 4140 410 4201 mulier
430 4152 553 4203 mortua
566 4140 690 4240 faerit3
721 4139 834 4203 reddet
851 4162 1019 4226 percussor
1039 4115 1175 4202 animani
1186 4157 1252 4222 pro

630 4247 742 4286 amma.
1118 4245 1119 4252 ¹

209 4297 306 4364 XIII.
348 4301 382 4364 Si
398 4315 505 4368 autem
523 4326 607 4371 mors
626 4307 695 4371 eius
715 4309 814 4372 fuerit
832 4307 1017 4388 subsecuta,
1042 4305 1156 4370 reddet
1181 4304 1253 4366 ani-
