2910 4984
516 345 672 408 sumno
707 347 866 411 cusam.
1175 335 1245 410 est

128 507 220 551 saum
240 486 439 550 solummodo
455 477 780 572 propriam'pertinet
794 485 995 568 parochiam,
1016 491 1085 553 sine
1112 485 1251 558 consilio

130 580 163 632 et
194 572 360 643 voluntate
387 571 529 630 omnium
558 569 873 652 comprovincialium
901 571 1132 655 Episcoporum
1159 589 1249 638 extra

128 653 254 734 aliquid
280 673 374 734 agere
401 652 584 730 tentaverit,
612 653 727 734 gradus
749 651 798 712 sui
824 653 970 734 periculo
995 657 1186 736 subiacebit,
1216 671 1250 722 et

92 797 94 806 Α
128 736 217 816 quod
238 737 359 816 egerit,
382 733 509 794 irritum
523 733 725 794 habeaturet
743 755 887 794 vacuum.
928 736 993 796 Sed
1020 738 1178 820 quicquid
1208 745 1249 803 de

129 815 445 899 comprovincialium
463 815 732 900 Coepiscoporum
746 817 864 892 causis,
886 839 1078 900 suarumque
1088 823 1251 884 Ecclesia.

128 920 201 960 rum
217 907 248 958 et
266 899 468 959 Clericorum
482 907 575 977 atque
589 899 796 959 Secularium
807 899 1066 982 necessitatibus,
1080 925 1172 984 agere
1191 916 1250 970 aut

129 982 301 1063 disponere
322 1001 450 1041 necesse
472 980 595 1056 fuerit,
617 979 682 1040 hoc
708 1001 781 1041 cum
802 977 946 1041 omnium
972 1003 1131 1045 consensu
1158 1009 1250 1048 com-

127 1063 377 1146 provincialium
409 1071 520 1142 agatur
540 1062 750 1139 Pontificum,
783 1085 848 1122 non
880 1063 990 1143 aliquo
1019 1065 1248 1134 dominationis

126 1149 212 1206 fastu
230 1145 287 1205 sed
306 1143 487 1204 humillima
508 1151 541 1205 et
566 1145 718 1204 concordi
744 1145 1036 1222 administratione,
1069 1150 1151 1210 sicut
1177 1153 1247 1214 Do-

126 1227 233 1288 minus
246 1227 305 1288 aits
326 1229 397 1286 Non
413 1227 487 1284 ueni
501 1226 695 1298 ministrari,
717 1225 776 1286 sed
789 1229 976 1289 ministrare.
1010 1230 1052 1288 Et
1068 1233 1160 1300 alibi:
1184 1237 1248 1318 Qui

125 1309 228 1370 maior
243 1307 290 1366 est
303 1321 460 1378 vestrum,
481 1311 541 1368 erit
556 1309 707 1368 minister.
753 1309 795 1369 Et
809 1309 944 1391 reliqua.
986 1310 1142 1382 Similiter
1154 1327 1185 1378 et
1196 1318 1248 1397 ip-

126 1390 153 1452 si
169 1389 456 1470 comprovinciales
476 1388 627 1472 Episcopi
645 1411 718 1450 cum
734 1390 974 1468 eiusconsilio,
997 1393 1061 1453 nisi
1090 1393 1249 1478 qnantum

127 1471 324 1553 adproprias
350 1470 492 1553 pertinet
520 1471 704 1553 parochias,
735 1483 827 1554 agant
852 1473 941 1532 iuxta
964 1485 1145 1542 sanctorum
1166 1502 1247 1541 con-

126 1554 236 1614 stituta
251 1555 401 1628 Patrum,
423 1563 460 1613 ut
478 1574 544 1612 uuo
564 1554 688 1634 auimo,
711 1577 777 1614 uno
802 1576 881 1633 ore,
908 1557 1111 1624 concorditer
1137 1573 1247 1624 sancta

126 1635 326 1718 glorificetur
338 1635 478 1696 Trinitas
492 1633 527 1694 in
545 1637 663 1698 secula.
705 1637 742 1702 V
737 1643 784 1703 II.
800 1638 870 1701 558.

128 1766 271 1851 Qualiter
291 1767 466 1854 Episcopus
487 1763 532 1826 ud
557 1764 721 1843 Synodam
752 1779 963 1842 convocetur,
994 1783 1024 1831 et
1051 1771 1185 1856 qualiter
1212 1777 1248 1836 iu

526 1869 566 1922 eu
586 1846 626 1907 de
647 1849 702 1908 itto
724 1860 843 1927 agatur.

206 1951 318 2021 XVII.
360 1955 475 2016 Sancta
491 1953 638 2036 Synodus
662 1953 802 2012 Romana
827 1953 918 2020 dixit.
959 1955 1044 2020 Haec
1064 1973 1139 2023 sunt
1160 1985 1245 2044 quae

124 2037 277 2119 deinceps
294 2047 425 2118 propter
441 2037 596 2095 maiorum
615 2034 782 2101 hominum
803 2035 954 2114 insidias,
976 2039 1032 2122 qui
1050 2042 1083 2101 in
1100 2045 1247 2107 Ecclesi-

126 2144 177 2182 am
196 2131 228 2181 et
244 2116 276 2179 in
290 2119 530 2180 Ecclesiasticus
544 2115 765 2177 indifferenter
786 2118 932 2178 saeviunt
948 2120 1044 2200 viros,
1062 2129 1246 2190 conservari

126 2202 302 2263 firmissime
319 2203 467 2262 volumus
491 2199 525 2260 in
546 2199 663 2259 secula.
705 2198 739 2258 Si
753 2198 825 2279 quis
844 2200 1020 2286 Episcopus
1045 2207 1083 2266 ab
1104 2209 1169 2270 illis
1190 2233 1246 2272 ac-

126 2285 324 2346 cusatoribus
341 2283 397 2365 qui
424 2281 603 2364 'recipiendi
632 2288 707 2340 sunt
729 2279 826 2340 fuerit
857 2293 1041 2363 accusatus,
1075 2301 1246 2372 postquam

124 2367 196 2448 ipse
215 2368 255 2426 ab
277 2367 321 2428 eis
339 2364 501 2426 caritative
518 2372 694 2424 conventus
706 2362 805 2423 suerit
822 2373 859 2422 ut
881 2363 979 2446 ipsam
995 2387 1120 2430 causam
1133 2395 1246 2434 emen-

125 2451 201 2511 dare
222 2449 358 2524 debeat,
381 2457 412 2508 et
432 2468 500 2507 eam
518 2445 678 2525 corrigere
692 2443 849 2521 noluerit,
872 2467 936 2506 non
964 2448 1060 2526 olim,
1083 2454 1138 2513 sed
1165 2464 1245 2517 tunc
1317 2525 1323 2534 ‚

124 2533 165 2592 ad
185 2552 321 2592 summos
338 2531 492 2591 Primates
511 2549 604 2588 causa
620 2525 687 2586 eius
708 2526 863 2590 canonice
891 2528 1074 2603 deferatur;
1102 2536 1177 2615 quia
1209 2537 1243 2597 in

123 2634 267 2696 congruo
281 2615 353 2673 loco
369 2613 452 2671 infra
468 2611 567 2691 ipsam
586 2608 805 2689 provinciam,
833 2617 976 2691 tempore
1005 2612 1039 2672 in
1065 2619 1243 2681 canonibus

121 2697 262 2778 praefixo
280 2693 446 2767 Nicaenis,
467 2691 651 2753 Concilium
673 2691 826 2750 canonice
853 2711 1028 2754 convocare
1057 2698 1242 2778 debebunt,
1330 2758 1332 2766 ,

121 2773 167 2839 ita
184 2789 219 2838 ut
235 2778 273 2837 ab
293 2777 439 2838 omnibus
456 2773 598 2837 eiusdem
617 2773 800 2853 provinciae
821 2772 987 2856 Episcopis
1007 2775 1041 2836 in
1074 2801 1110 2839 ea
1134 2783 1243 2844 audia-

122 2869 195 2920 tur:
218 2860 252 2918 in
270 2880 366 2941 quam
383 2868 414 2917 et
433 2857 500 2936 ipse
519 2855 672 2917 canonice
694 2863 906 2930 convocatus,
930 2857 957 2922 si
984 2878 1057 2919 eum
1076 2871 1131 2922 aut
1151 2864 1245 2924 infir-

122 2943 213 3002 mitas
235 2950 290 2999 aut
304 2940 367 2998 alia
387 2936 497 3020 gravis,
517 2935 684 2998 necessitas
705 2958 771 2996 non
794 2936 987 3014 detinuerit,
1016 2942 1125 3004 adesse
1145 2946 1244 3007 debe-

122 3023 186 3093 bit;
208 3021 283 3104 quia
298 3022 381 3082 ultra
392 3017 576 3100 provinciae
591 3017 743 3078 terminos
758 3020 927 3080 accusandi
948 3031 1021 3082 ante
1033 3024 1163 3085 licentia
1178 3049 1242 3088 non

123 3114 188 3181 est,
211 3126 306 3185 quam
321 3100 482 3161 audientia
502 3110 640 3181 rogetur.
682 3101 760 3158 Nam
776 3099 802 3160 si
822 3098 887 3160 suis
909 3102 1009 3162 fuerit
1027 3106 1122 3168 rebus
1140 3101 1178 3169 ex
1206 3133 1245 3171 o·

122 3186 235 3260 flatus,
256 3185 342 3266 quod
357 3183 453 3259 absit,
475 3192 530 3242 aut
542 3227 551 3258 ,
574 3179 662 3266 quod
676 3180 815 3240 alienum
835 3182 872 3240 ab
895 3181 1043 3247 omnibus
1064 3211 1129 3250 esse
1149 3131 1246 3253 dehet

122 3269 293 3343 fidelibus,
315 3266 423 3326 alsede
447 3264 574 3346 propria
597 3261 734 3338 eiectus,
756 3273 810 3322 aut
827 3263 859 3321 in
887 3263 1072 3330 detentione
1098 3272 1242 3353 aliquah

122 3351 188 3412 suis
201 3349 316 3412 ovihus
330 3347 427 3408 fuerit
449 3353 680 3428 sequestratus,
701 3353 779 3406 tunc
795 3346 974 3418 canonice,
1003 3361 1172 3434 antequam
1207 3355 1242 3417 in

122 3431 292 3512 pristinum
309 3429 496 3491 restituatur
514 3429 685 3504 honorem,
709 3435 740 3486 ct
768 3449 824 3488 sua
852 3429 979 3507 omniu,
1002 3455 1083 3514 quae
1105 3437 1143 3496 ab
1168 3436 1244 3500 insi·

123 3514 183 3576 diis
202 3514 551 3574 inimicorum‘suorum
567 3511 595 3571 ei
613 3509 714 3570 ablata
729 3509 866 3586 fuerint,
889 3509 1160 3595 redintegrentur,
1181 3541 1242 3582 nec

122 3597 293 3659 convocari
314 3617 374 3656 nec
393 3592 526 3655 iudicari
544 3592 681 3672 poterit,
706 3590 767 3652 nisi
787 3590 852 3674 ipse
872 3613 930 3672 pso
957 3617 1011 3654 sua
1035 3600 1242 3682 necessitate,

121 3680 253 3739 minime
270 3689 374 3739 tamen
391 3675 575 3751 iudicandi,
598 3673 749 3734 advenire
767 3682 883 3754 sponte
901 3675 1042 3756 elegerit.
1084 3681 1150 3741 Nec
1173 3705 1242 3744 om-

122 3761 201 3821 nino
218 3763 405 3842 iquoquam
423 3758 616 3835 respondere
631 3766 763 3835 rogetur
776 3764 944 3836 antequam
959 3759 1163 3840 integerrime
1179 3767 1244 3825 cm·

123 3843 177 3902 nia
190 3865 272 3924 quae
290 3863 348 3923 per
364 3839 579 3921 suggestiones
596 3837 799 3897 inimicorum
814 3859 944 3898 suorum
962 3841 1117 3918 amiserat,
1141 3858 1243 3925 potes·

122 3925 179 3984 tati
199 3925 267 3985 eius
287 3925 324 3982 ab
351 3920 532 3981 honorabili
553 3918 700 3980 Concilio
732 3921 1016 4000 redintegrentur,
1052 3933 1084 3984 et
1109 3928 1242 3990 Praesul

121 4006 209 4088 prius
225 4006 317 4067 statui
344 4004 478 4087 pristino
504 4001 663 4062 reddatur.
706 4001 746 4062 Et
769 4002 860 4083 ipse,
896 4001 1055 4083 dispositis
1076 4009 1243 4088 ordinatis-

122 4109 186 4168 que
203 4088 303 4148 lihere
323 4106 482 4148 acsccure
501 4081 583 4159 suis,
605 4092 683 4143 tunc
704 4084 857 4144 canonice
886 4097 1076 4149 convocatus
1097 4091 1137 4150 ad
1159 4102 1241 4154 lem-

121 4191 198 4249 pas,
220 4169 341 4250 synodo
362 4168 393 4226 in
413 4166 772 4250 legitimaetcanonica
787 4165 895 4226 veniat
918 4167 956 4226 ad
980 4191 1114 4232 causam.
1157 4169 1240 4239 Etsi

122 4252 167 4314 st,
187 4251 266 4316 iuste
292 4249 442 4330 viderur,
485 4245 701 4320 accusantium
729 4246 1001 4332 propositionibus
1031 4259 1240 4339 respondeat,
