2926 4984
571 315 687 376 uene
721 311 904 381 Qulurus.
928 399 931 410 Ι

1205 279 1282 374 sos

171 452 241 544 3⁹⁵³
258 455 308 522 :Ut
325 459 496 540 Presbyter
512 457 564 521 elie
585 454 704 517 domi:
759 455 830 537 391.
857 454 902 519 oe
916 457 1093 524 absentibus
1114 479 1177 522 non
1196 456 1284 521 iudi-

251 547 321 606 m‘co
340 566 408 604 cum
428 545 589 606 benedicta
610 560 692 622 aqua

249 627 412 712 procedat.

171 709 241 788 575.
264 711 313 770 De
336 712 413 770 locis
433 709 691 771 monasteriorum

201 835 203 840 -
249 793 300 852 uel
308 792 463 875 aedificas
475 789 691 858 providendis.

170 873 241 953 574.
264 876 311 934 De
329 879 540 955 hospitalitate
562 888 592 933 et
618 893 693 932 cura

251 979 433 1040 paviperum.

172 1038 243 1119 575.
270 1039 309 1100 Ut
319 1040 510 1101 adiutorium
522 1041 538 1098 ic
552 1041 629 1118 Rege
640 1041 696 1097 im-

256 1123 415 1207 pendatur
428 1125 536 1204 liisqui
555 1123 694 1180 ministe-

254 1207 313 1265 rim
327 1209 495 1268 ecclesiast.
512 1203 694 1272 adimplent.

174 1283 244 1369 576.
272 1286 312 1349 Ut
335 1291 437 1349 nullus
454 1290 628 1370 Episcopus
645 1285 698 1344 uel

256 1372 361 1433 Aleuas
386 1393 446 1450 per
469 1373 612 1454 praemia
632 1369 697 1428 vsuis

249 1455 434 1517 nominibus
450 1453 602 1539 beneficia
623 1451 699 1512 deut

258 1537 313 1594 vel
333 1537 487 1616 auferant.

175 1615 245 1697 577.
262 1617 698 1698 UtConsiliariiIiegisnicenus

259 1723 321 1764 nou
337 1705 491 1786 accipiant
504 1705 542 1765 ob
557 1699 702 1784 benefici-

217 1784 220 1787 ’
260 1804 309 1842 um
332 1786 404 1843 aliis
426 1785 667 1868 impetrandum.

179 1861 248 1944 578.
276 1865 317 1927 Ut
334 1866 491 1948 Clericus,
513 1869 567 1928 vel
591 1870 703 1929 Mona·

259 1950 347 2022 ctus,
361 1951 415 2010 vel
432 1950 699 2023 Sanctimom'alis,

261 2052 322 2090 non
339 2046 503 2094 accusetur
521 2032 566 2092 ad
583 2031 700 2092 iudici·

261 2134 312 2172 um
330 2117 434 2175 ciuile.

178 2193 249 2274 579.
272 2196 321 2254 De
346 2199 502 2259 Monacho
520 2199 574 2278 qui
595 2219 701 2258 mona·

261 2281 390 2340 sterium
422 2303 510 2340 suum
533 2281 699 2340 dimiserit.

178 2357 249 2420 580.
273 2361 320 2420 De
342 2385 434 2425 seruo
456 2366 489 2423 in
510 2364 698 2424 monasterio

261 2459 396 2527 recepto.

180 2522 251 2584 38¹.
275 2529 323 2586 De
334 2529 497 2588 Monachis
507 2528 596 2588 laicis
607 2526 700 2598 factis

180 2605 252 2666 382.
276 2610 322 2668 De
330 2610 476 2670 »Ecclesia
490 2607 700 2694 aedificanda.

181 2685 252 2748 585.
274 2692 322 2750 De
343 2713 378 2752 eo
397 2695 451 2774 quei
470 2695 503 2752 in
525 2692 702 2752 domosua

263 2777 433 2834 oratorium
445 2775 572 2854 fecerit.

182 2853 253 2927 584.
278 2859 324 2915 De
348 2859 496 2918 electione
509 2858 702 2924 Abbatissae.

182 2935 253 3002 585.
276 2939 322 2996 De.
351 2941 540 3000 Diaconissa
569 2940 616 2999 uel
634 2942 701 3001 Deo

265 3019 387 3083 devota.

182 3101 252 3166 586.
275 3104 327 3162 De
349 3105 543 3166 restituendo
576 3124 703 3165 monas-

244 3188 334 3245 terio.

182 3264 252 3344 587.
272 3270 323 3327 ‘De
340 3270 558 3349 litigatoribus.

180 3346 252 3408 588.
276 3351 321 3408 De
341 3353 481 3411 scenicis.

182 3429 254 3510 589.
276 3433 324 3491 De
351 3435 600 3516 praescriptione
633 3453 706 3517 qua·

266 3513 412 3592 draginta
432 3537 594 3576 annorum.

182 3595 253 3676 590.
281 3594 321 3655 Ut
338 3619 426 3657 izemo
443 3599 557 3657 audeat
576 3597 706 3680 Episco-

261 3699 337 3762 pum
354 3692 406 3737 aut
423 3679 637 3750 Sa·.erdotenz,
652 3681 707 3740 vel

268 3757 433 3831 Clericum,
458 3762 545 3844 apud
561 3764 706 3845 publicos

268 3841 394 3903 ludices
407 3864 563 3903 accusare.

841 539 959 607 caudis.

762 620 832 701 392.
856 624 903 682 Ne
929 626 1010 684 ullus
1030 623 1186 693 Sacerdos
1203 621 1285 682 iudi·

844 719 943 778 cetur,
957 712 1021 768 nisi
1031 721 1209 790 praesentes
1223 709 1286 766 siut

844 791 943 868 ipsius
958 805 1165 862 accusatores,
1184 788 1286 848 idem·

845 891 903 952 que
924 875 1065 951 legitimi.

766 954 836 1034 595.
863 953 903 1014 Ut
917 959 985 1016 uita
1001 958 1212 1016 accusantium
1220 956 1288 1039 pri-

845 1059 894 1096 mo
918 1039 1115 1098 discutiatur.

765 1117 834 1201 594.
858 1121 907 1179 De
930 1124 1058 1182 testibus
1088 1118 1288 1197 requirendis

847 1203 877 1260 in
890 1197 1087 1264 accusatione
1103 1203 1253 1263 Clericor.

768 1285 836 1365 595.
861 1287 909 1346 De
923 1287 1072 1370 culpabili
1080 1305 1289 1369 personanon

849 1368 1039 1452 recipienda.

767 1449 837 1532 596.
860 1452 908 1510 De
919 1473 981 1512 non
991 1449 1165 1512 iudicando
1181 1470 1289 1530 quem·-

838 1554 942 1616 ,quam
975 1547 1044 1596 ante
1078 1535 1291 1595 examinatam

851 1636 986 1676 causam.

769 1699 909 1779 597.Πο
936 1721 1003 1760 nou
1030 1698 1203 1761 iudicando
1224 1710 1291 1758 'mu
1340 1745 1347 1759 .

850 1781 917 1840 iore
932 1783 951 1841 lc
972 1783 1103 1844 minore.

768 1863 839 1944 598.
861 1865 910 1922 De
923 1885 985 1928 non
1000 1863 1172 1927 iudicando
1187 1884 1291 1948 quem-
1347 1901 1351 1913 ι

850 1965 942 2028 quam
956 1950 1070 2030 alisque
1084 1949 1223 2028 legitimo
1240 1968 1291 2008 ac·

851 2043 1004 2096 cusatore.

768 2111 839 2192 599.
864 2111 909 2170 De
926 2134 962 2174 eo
977 2116 1032 2197 qui
1041 2113 1231 2198 frequenter
1255 2115 1294 2175 li-

851 2195 940 2273 tigat,
964 2209 997 2256 ut
1020 2218 1082 2257 non
1101 2199 1293 2282 suscipiatur

851 2278 966 2359 absque
983 2281 1138 2340 examine.

768 2359 840 2437 400.
863 2360 910 2418 De
938 2358 1086 2420 rimanda
1108 2363 1294 2424 enucleatim

850 2461 944 2502 causa
956 2445 990 2502 in
1002 2441 1135 2516 iudicio,
1159 2456 1189 2504 et
1201 2465 1293 2528 saepe

853 2526 1046 2586 ventilanda.

769 2605 840 2684 401.
863 2607 911 2668 De
934 2611 982 2668 leis
997 2610 1053 2690 qui
1068 2629 1100 2668 00
1110 2619 1225 2692 putant
1235 2627 1295 2691 per

851 2700 944 2751 testes
966 2690 1144 2775 redemptos
1172 2690 1216 2750 ad
1238 2690 1296 2750 Sa·

825 2772 1017 2833 'cerdotum
1066 2775 1296 2833 accusationem

853 2852 990 2930 admitti,
1000 2869 1033 2916 ut
1048 2875 1111 2916 nou
1127 2853 1297 2914 admittan-

855 2948 908 2997 tur
929 2940 993 2998 nisi
1014 2940 1100 3000 omni
1118 2937 1296 3021 suspicione

855 3024 1024 3082 caruerint.

772 3101 833 3179 402
870 3102 911 3163 Ut
923 3105 1027 3163 nullus
1042 3115 1154 3164 contra
1166 3102 1297 3182 religio-

853 3185 1049 3264 nemsaciat.

696 3258 699 3263 ⁸
773 3267 845 3342 405.
868 3268 964 3349 Quod
983 3269 1089 3344 Laicis
1110 3269 1237 3328 nonsit
1256 3267 1297 3330 da

856 3350 1006 3428 religione
1022 3350 1298 3435 praesumendum.

773 3430 845 3508 404.
872 3431 913 3493 Ut
922 3433 1014 3494 liceat
1027 3437 1162 3493 maiores
1170 3431 1297 3492 Iudices

841 3516 1017 3598 ¹appellare
1036 3517 1178 3598 quotiens
1195 3535 1300 3574 neces·

856 3600 933 3657 sitas
956 3599 1120 3676 ingruerit.

772 3677 846 3756 405.
868 3681 915 3738 De
929 3680 1043 3740 iniusto
1057 3678 1191 3749 iudicio,
1206 3677 1301 3738 Prin-

857 3763 937 3844 cipis
956 3773 1039 3820 metu
1060 3761 1115 3820 uel
1128 3761 1215 3820 iussu
1232 3773 1299 3822 ter·

857 3846 987 3914 minato,
1012 3840 1175 3904 cassando.

323 3941 326 3951 ’
380 3949 567 4008 lecim
610 3968 837 4010 00000000
880 3968 1094 4022 quincue.

247 4061 393 4148 Epistola
420 4063 592 4124 Zachariae
620 4064 727 4148 Papae
751 4064 883 4125 Francis
903 4076 934 4124 et
958 4062 1060 4123 Gallis
1085 4023 1231 4131 directa.

232 4170 273 4265 ·1.
316 4172 492 4263 Zscnssuiss
514 4169 599 4252 Papa
615 4169 973 4264 universistpiscopis,
994 4169 1205 4266 presbyteris,
1225 4170 1302 4233 Dia·

163 4253 314 4332 mnibus,
334 4251 521 4329 Abbaubus,
542 4260 671 4314 cuncus
694 4262 791 4316 etiam
810 4251 966 4332 Ducibus,
989 4253 1181 4333 Gomiubus,
1198 4256 1316 4318 omni--
