2910 4986
540 309 656 402 tissa
693 315 850 375 narnus.
889 330 890 338 Ν
1189 299 1261 377 413

132 467 261 528 crimine
282 465 361 528 victi
386 473 460 528 sunt
495 461 610 523 falsum
633 456 772 536 dixisse,
801 456 834 518 in
862 457 1005 523 secundo
1029 478 1095 524 non
1127 458 1266 523 habeant

129 558 317 633 potestatem
334 548 472 612 dicendi.
514 542 598 609 laid.
620 561 645 606 c.
665 542 716 618 44.

285 715 315 732 ,Α
489 654 539 713 De
563 649 733 728 virginibus
754 646 904 714 velandis.

204 733 305 805 XLV.
365 739 448 802 Item
471 735 506 795 in
531 729 661 810 eodem,
691 739 727 790 ut
753 728 897 812 virgines
920 749 986 791 non
1015 730 1167 793 velentur
1190 743 1265 796 ante

128 817 227 887 XXV.
244 843 365 901 annos,
387 819 451 882 nisi
467 815 652 879 rationabili
668 813 860 876 necessitate
879 823 1025 902 cogcpte.
1066 814 1152 880 Ibid.
1169 837 1195 882 c.
1212 817 1264 894 45.

504 922 554 982 De
571 920 684 984 oblatis
699 917 883 1006 pauperum.
979 971 982 974 .

207 1010 323 1075 XLVI.
364 1007 404 1069 In
418 1005 568 1068 Concilio
583 1004 763 1086 Gangrensi
774 1047 783 1080 ‚
795 1011 832 1063 ut
844 1001 930 1064 nulli
945 1002 1044 1064 liceat
1060 999 1166 1066 oblata
1181 1026 1264 1088 quac

129 1094 166 1154 ad
183 1113 342 1178 pauperes
360 1089 528 1173 pertinent
542 1107 655 1180 rapere
670 1086 720 1148 vel
743 1084 916 1150 fraudare.'
944 1084 1028 1152 [bid.
1046 1107 1072 1152 c.
1090 1085 1140 1164 46.

353 1196 402 1255 De
424 1194 550 1253 ieiuniis
572 1194 591 1251 ia
612 1188 838 1253 Sacerdotibus
855 1186 1044 1256 constitutis.

207 1280 337 1344 XLVll.
380 1276 464 1338 Item
488 1275 521 1333 in
543 1272 678 1350 eodem,
704 1283 739 1333 ut
756 1272 974 1334 ecclesiastica
996 1273 1013 1332 ia
1037 1272 1263 1339 Sacerdotibus

128 1362 248 1424 ieiunia
273 1361 444 1422 constituta
471 1358 540 1421 sine
572 1355 762 1418 necessitate
785 1355 970 1417 rationabili
999 1376 1065 1416 non
1089 1358 1263 1426 solvantur.

129 1446 212 1510 laid.
233 1466 260 1510 c.
324 1494 330 1508 .

281 1446 319 1524 47
374 1527 422 1585 De
442 1523 563 1605 hirqui
581 1534 691 1583 contra
709 1535 853 1582 naturam
864 1533 1010 1616 peccant.

208 1607 363 1674 XLVIII.
406 1608 445 1668 In
471 1605 620 1669 Concilio
648 1603 900 1686 Ancyronens1:
927 1603 1060 1665 Inventi
1080 1611 1158 1666 sunt
1178 1604 1266 1669 inter

128 1716 184 1756 ros
202 1693 260 1776 qui
278 1713 351 1753 cum
374 1687 636 1771 quadrupedibus
653 1687 707 1748 vel
722 1686 872 1748 masculis
892 1695 1004 1750 contra
1022 1697 1169 1748 naturam
1185 1709 1265 1770 pec·

131 1786 211 1837 cant.
253 1773 319 1851 Qui
338 1773 416 1832 dard
436 1781 468 1833 et
490 1770 632 1832 districtis
647 1768 848 1850 poenitentia
867 1769 1039 1830 coercendi
1054 1779 1139 1831 snut.
1174 1773 1262 1850 Qua·

128 1867 260 1942 propter
271 1854 424 1940 Episcopi
436 1863 468 1915 et
481 1853 685 1935 Presbyteri,
704 1852 722 1910 sl
738 1850 855 1932 quibus
870 1850 1026 1912 iudicium
1042 1852 1263 1934 poenitentiae

129 1939 330 2021 iniungitur,
356 1947 516 1998 conentur
537 1933 729 1995 omnimodis
752 1933 814 1994 hoc
837 1933 957 1992 malum
982 1935 1000 1995 b
1027 1935 1262 1999 consuetudine

129 2023 300 2108 prohibere
321 2021 374 2082 vel
394 2019 567 2084 abscidere.
608 2017 692 2081 Ibid.
714 2037 739 2076 c.
760 2017 810 2092 48.

311 2137 367 2196 De
390 2132 608 2210 Presbyteris,
630 2149 691 2216 quo
713 2144 851 2214 tenzpore
872 2130 1069 2200 ordinentur.

209 2215 333 2282 XLIX.
376 2217 412 2276 In
436 2214 585 2278 Concilio
608 2213 940 2293 Neocaesa1·iensi,ut
959 2215 1148 2278 nullatenus
1165 2211 1263 2278 Prasa-

128 2299 222 2383 byter
250 2299 421 2360 ordinetur
447 2306 522 2357 ante
549 2295 749 2378 trigesimum
776 2295 886 2357 aetatis
911 2318 987 2360 suae
1017 2319 1159 2369 anuum;
1180 2300 1265 2380 aquia

128 2381 285 2444 Dominus
308 2383 381 2442 lesu
401 2380 547 2441 Christus
562 2400 636 2448 uon
662 2376 861 2460 praedicavit
885 2388 959 2442 ante
983 2379 1184 2463 trigesimum
1205 2402 1263 2440 an-

130 2487 216 2529 num·
258 2462 341 2524 lind·
363 2484 389 2528 c·
409 2464 459 2546 49·
551 2546 607 2607 De
620 2564 698 2628 pace
723 2542 839 2608 danda.

210 2650 247 2718 L.
289 2652 329 2714 In
359 2649 573 2714 decretalibus
595 2647 780 2710 innocentii
801 2643 921 2733 Papae*
958 2659 995 2710 ut
1016 2671 1078 2732 pax
1103 2647 1199 2711 detur
1224 2652 1264 2712 ab

131 2735 299 2813 omnibns,
322 2735 478 2796 conlectis
501 2731 622 2795 Christi
646 2732 861 2797 sacramentis.
903 2697 987 2795 ibid.
1009 2751 1035 2796 c.
1056 2725 1105 2796 52.

524 2838 581 2901 De
599 2851 714 2922 sponso
732 2838 872 2903 alterius,

213 2948 267 3014 LI.
309 2949 346 3006 In
376 2943 592 3008 decretalibus
616 2941 725 3004 Siricii
747 2944 874 3027 Papae,
904 2949 940 3004 ut
963 2941 1096 3006 alterius
1115 2955 1264 3028 sponsam

132 3040 227 3094 nemo
243 3025 387 3112 accipiat.
429 3020 513 3088 laid.
535 3047 561 3086 c.
584 3025 633 3090 50.

471 3137 526 3196 De
545 3132 723 3193 nominibus
744 3128 924 3196 recitandis.

214 3244 288 3308 Lll.
330 3243 410 3303 Item
433 3237 596 3314 eiusdem,
632 3247 669 3296 nt
693 3236 824 3296 nomint
843 3237 974 3320 publice
995 3261 1061 3306 non
1082 3241 1265 3306 recitentur

134 3337 206 3389 ante
221 3347 333 3408 preces
352 3319 574 3387 sacerdotales.
615 3319 700 3384 laid.
717 3339 743 3384 c.
760 3319 808 3382 53.

223 3434 272 3492 De
288 3431 447 3491 Coronam
468 3425 618 3488 institutis
635 3425 655 3485 b
671 3425 871 3502 Presbyteris
889 3446 951 3490 aon
967 3429 1162 3511 ignorandis.

214 3539 299 3598 LIII.
341 3537 421 3594 Item
443 3530 606 3627 eiusdem,
634 3538 669 3591 nt
694 3531 778 3591 nulli
801 3531 967 3598 Sacerdoti
993 3537 1088 3602 lIceat
1113 3531 1263 3624 ignorare

135 3630 317 3684 sanctorum
333 3619 503 3679 Canonum
517 3613 671 3676 instituta.
713 3611 798 3679 laid..
814 3635 840 3681 c.
858 3617 907 3696 54.

430 3720 479 3779 De
497 3717 627 3781 Clericis
647 3717 776 3778 alterius
795 3718 958 3808 Episcopi.
1015 3703 1018 3709 Ι

213 3829 301 3895 LIV.
344 3826 381 3888 In
405 3824 543 3888 decretis
560 3823 677 3884 Leonis
692 3824 797 3908 Papae
821 3828 979 3889 sancitum
1000 3842 1064 3912 est,
1083 3844 1117 3893 et
1140 3835 1172 3894 in
1187 3836 1263 3898 Sar-

137 3915 258 3977 dicensi
280 3909 449 3986 Concilio,
474 3916 512 3968 ut
535 3906 715 3988 Episcopus
738 3907 870 3970 alterius
893 3911 1056 3980 Clericum
1077 3917 1117 3977 ad
1141 3937 1262 3979 senon

137 3997 286 4060 sollicitet
305 4015 365 4055 nec
380 3991 516 4054 ordinet.
559 3987 637 4050 zaid
651 4011 677 4052 c.
693 3988 742 4052 55.

532 4099 588 4160 Dc
610 4095 710 4154 servis
731 4096 870 4162 alterius.

215 4207 284 4273 LV.
327 4208 406 4271 Item
423 4203 584 4282 eiusdem,
615 4209 649 4262 ut
665 4201 775 4264 nullus
790 4201 967 4291 Episcopus
983 4230 1111 4274 serrum
1129 4211 1262 4280 alterius
