<?xml version="1.0" encoding="UTF-8"?>
<!DOCTYPE html PUBLIC "-//W3C//DTD XHTML 1.0 Transitional//EN"
    "http://www.w3.org/TR/xhtml1/DTD/xhtml1-transitional.dtd">
<html xmlns="http://www.w3.org/1999/xhtml" xml:lang="en" lang="en">
 <head>
  <title>
</title>
<meta http-equiv="Content-Type" content="text/html;charset=utf-8" />
  <meta name='ocr-system' content='tesseract 3.04.00' />
  <meta name='ocr-capabilities' content='ocr_page ocr_carea ocr_par ocr_line ocrx_word'/>
</head>
<body>
  <div class='ocr_page' id='page_1' title='image "./corpusiurisgerm04visigoog_0466.png"; bbox 0 0 2910 4984; ppageno 0'>
   <div class='ocr_carea' id='block_1_1' title="bbox 1201 249 1332 331">
    <p class='ocr_par' dir='ltr' id='par_1_1' title="bbox 1201 249 1332 331">
     <span class='ocr_line' id='line_1_1' title="bbox 1201 249 1332 331; baseline 0.031 -4"><span class='ocrx_word' id='word_1_1' title='bbox 1201 249 1332 331; x_wconf 79' lang='grc'>867-</span> 
     </span>
    </p>
   </div>
   <div class='ocr_carea' id='block_1_2' title="bbox 421 419 974 510">
    <p class='ocr_par' dir='ltr' id='par_1_2' title="bbox 421 419 974 510">
     <span class='ocr_line' id='line_1_2' title="bbox 421 419 974 510; baseline -0.007 -24"><span class='ocrx_word' id='word_1_2' title='bbox 421 465 424 474; x_wconf 88' lang='lat'>·</span> <span class='ocrx_word' id='word_1_3' title='bbox 465 427 548 488; x_wconf 85' lang='lat' dir='ltr'><strong>Tunc</strong></span> <span class='ocrx_word' id='word_1_4' title='bbox 571 426 710 510; x_wconf 81' lang='lat' dir='ltr'><strong>sequitur</strong></span> <span class='ocrx_word' id='word_1_5' title='bbox 732 423 788 484; x_wconf 82' lang='lat' dir='ltr'><strong>sub</strong></span> <span class='ocrx_word' id='word_1_6' title='bbox 811 419 974 482; x_wconf 50' lang='lat' dir='ltr'><strong>rubricas,</strong></span> 
     </span>
    </p>
   </div>
   <div class='ocr_carea' id='block_1_3' title="bbox 270 535 1162 641">
    <p class='ocr_par' dir='ltr' id='par_1_3' title="bbox 270 535 1162 641">
     <span class='ocr_line' id='line_1_3' title="bbox 270 535 1162 641; baseline -0.01 -24"><span class='ocrx_word' id='word_1_7' title='bbox 270 558 335 619; x_wconf 86' lang='lat' dir='ltr'><strong>Ista</strong></span> <span class='ocrx_word' id='word_1_8' title='bbox 355 557 568 641; x_wconf 82' lang='lat' dir='ltr'><strong>superscripta</strong></span> <span class='ocrx_word' id='word_1_9' title='bbox 589 552 730 638; x_wconf 77' lang='lat' dir='ltr'><strong>capitula</strong></span> <span class='ocrx_word' id='word_1_10' title='bbox 750 551 782 610; x_wconf 90' lang='lat' dir='ltr'><strong>in</strong></span> <span class='ocrx_word' id='word_1_11' title='bbox 806 551 880 633; x_wconf 81' lang='lat' dir='ltr'><strong>lege</strong></span> <span class='ocrx_word' id='word_1_12' title='bbox 900 560 977 613; x_wconf 87' lang='lat' dir='ltr'><strong>sunt</strong></span> <span class='ocrx_word' id='word_1_13' title='bbox 998 535 1162 614; x_wconf 71' lang='lat' dir='ltr'><strong>addenda:</strong></span> 
     </span>
    </p>
   </div>
   <div class='ocr_carea' id='block_1_4' title="bbox 187 677 1032 760">
    <p class='ocr_par' dir='ltr' id='par_1_4' title="bbox 187 677 1032 760">
     <span class='ocr_line' id='line_1_4' title="bbox 187 677 1032 760; baseline -0.013 -10"><span class='ocrx_word' id='word_1_14' title='bbox 187 687 214 754; x_wconf 89' lang='grc' dir='ltr'><strong>Ι.</strong></span> <span class='ocrx_word' id='word_1_15' title='bbox 256 690 305 749; x_wconf 88' lang='lat' dir='ltr'><strong>De</strong></span> <span class='ocrx_word' id='word_1_16' title='bbox 325 689 422 749; x_wconf 80' lang='lat' dir='ltr'><strong>servis</strong></span> <span class='ocrx_word' id='word_1_17' title='bbox 439 683 483 760; x_wconf 76' lang='lat' dir='ltr'><strong>od</strong></span> <span class='ocrx_word' id='word_1_18' title='bbox 497 705 604 746; x_wconf 84' lang='lat' dir='ltr'><strong>sacros</strong></span> <span class='ocrx_word' id='word_1_19' title='bbox 622 683 751 745; x_wconf 79' lang='lat' dir='ltr'><em>ordines</em></span> <span class='ocrx_word' id='word_1_20' title='bbox 773 691 845 744; x_wconf 72' lang='lat' dir='ltr'><strong>nori</strong></span> <span class='ocrx_word' id='word_1_21' title='bbox 861 677 1032 746; x_wconf 81' lang='lat' dir='ltr'><strong>mittendis,</strong></span> 
     </span>
    </p>
   </div>
   <div class='ocr_carea' id='block_1_5' title="bbox 104 767 1284 1215">
    <p class='ocr_par' dir='ltr' id='par_1_5' title="bbox 104 767 1284 1215">
     <span class='ocr_line' id='line_1_5' title="bbox 220 767 1282 864; baseline -0.004 -18"><span class='ocrx_word' id='word_1_22' title='bbox 220 796 256 846; x_wconf 89' lang='lat' dir='ltr'><strong>Ut</strong></span> <span class='ocrx_word' id='word_1_23' title='bbox 273 792 367 844; x_wconf 89' lang='lat' dir='ltr'><strong>nullus</strong></span> <span class='ocrx_word' id='word_1_24' title='bbox 385 793 570 864; x_wconf 86' lang='lat' dir='ltr'><strong>episcoporum</strong></span> <span class='ocrx_word' id='word_1_25' title='bbox 588 805 676 841; x_wconf 83' lang='lat' dir='ltr'><strong>servos</strong></span> <span class='ocrx_word' id='word_1_26' title='bbox 694 786 729 839; x_wconf 84' lang='lat' dir='ltr'><strong>ad</strong></span> <span class='ocrx_word' id='word_1_27' title='bbox 744 801 832 838; x_wconf 78' lang='lat' dir='ltr'><strong>sacros</strong></span> <span class='ocrx_word' id='word_1_28' title='bbox 855 785 962 838; x_wconf 83' lang='lat' dir='ltr'>ordines</span> <span class='ocrx_word' id='word_1_29' title='bbox 988 803 1145 857; x_wconf 86' lang='lat' dir='ltr'><strong>promovere</strong></span> <span class='ocrx_word' id='word_1_30' title='bbox 1171 767 1282 859; x_wconf 64' lang='lat' dir='ltr'><strong>priosu-</strong></span> 
     </span>
     <span class='ocr_line' id='line_1_6' title="bbox 104 855 1282 935; baseline -0.003 -20"><span class='ocrx_word' id='word_1_31' title='bbox 104 915 108 920; x_wconf 83' lang='grc'><strong>,</strong></span> <span class='ocrx_word' id='word_1_32' title='bbox 146 874 217 925; x_wconf 80' lang='lat' dir='ltr'><strong>runt,</strong></span> <span class='ocrx_word' id='word_1_33' title='bbox 244 863 295 916; x_wconf 86' lang='lat' dir='ltr'><strong>nisi</strong></span> <span class='ocrx_word' id='word_1_34' title='bbox 323 865 395 935; x_wconf 82' lang='lat' dir='ltr'><strong>prius</strong></span> <span class='ocrx_word' id='word_1_35' title='bbox 413 881 435 914; x_wconf 84' lang='lat' dir='ltr'><strong>-a</strong></span> <span class='ocrx_word' id='word_1_36' title='bbox 465 861 580 914; x_wconf 85' lang='lat' dir='ltr'><strong>dominis</strong></span> <span class='ocrx_word' id='word_1_37' title='bbox 599 857 708 929; x_wconf 88' lang='lat' dir='ltr'><strong>propriis</strong></span> <span class='ocrx_word' id='word_1_38' title='bbox 740 855 898 909; x_wconf 80' lang='lat' dir='ltr'><strong>libertatem</strong></span> <span class='ocrx_word' id='word_1_39' title='bbox 927 859 1069 910; x_wconf 70' lang='lat' dir='ltr'><strong>consecuti</strong></span> <span class='ocrx_word' id='word_1_40' title='bbox 1100 858 1212 917; x_wconf 83' lang='lat' dir='ltr'><strong>inerint.</strong></span> <span class='ocrx_word' id='word_1_41' title='bbox 1251 861 1282 916; x_wconf 89' lang='lat' dir='ltr'><strong>Si</strong></span> 
     </span>
     <span class='ocr_line' id='line_1_7' title="bbox 146 918 1283 1004; baseline -0.004 -18"><span class='ocrx_word' id='word_1_42' title='bbox 146 951 209 986; x_wconf 88' lang='lat' dir='ltr'><strong>vero</strong></span> <span class='ocrx_word' id='word_1_43' title='bbox 236 933 365 1004; x_wconf 86' lang='lat' dir='ltr'><strong>deinceps</strong></span> <span class='ocrx_word' id='word_1_44' title='bbox 395 933 513 1004; x_wconf 78' lang='lat' dir='ltr'><strong>quilibet</strong></span> <span class='ocrx_word' id='word_1_45' title='bbox 536 946 627 984; x_wconf 85' lang='lat' dir='ltr'><strong>servus</strong></span> <span class='ocrx_word' id='word_1_46' title='bbox 652 927 792 980; x_wconf 87' lang='lat' dir='ltr'><strong>dominum</strong></span> <span class='ocrx_word' id='word_1_47' title='bbox 818 943 898 979; x_wconf 88' lang='lat' dir='ltr'><strong>suum</strong></span> <span class='ocrx_word' id='word_1_48' title='bbox 919 927 1007 980; x_wconf 85' lang='lat' dir='ltr'><strong>sciens</strong></span> <span class='ocrx_word' id='word_1_49' title='bbox 1031 937 1080 982; x_wconf 83' lang='lat' dir='ltr'><strong>aut</strong></span> <span class='ocrx_word' id='word_1_50' title='bbox 1107 918 1219 983; x_wconf 79' lang='lat' dir='ltr'><strong>lititans</strong></span> <span class='ocrx_word' id='word_1_51' title='bbox 1247 931 1283 982; x_wconf 82' lang='lat' dir='ltr'><strong>od</strong></span> 
     </span>
     <span class='ocr_line' id='line_1_8' title="bbox 137 996 1281 1070; baseline -0.002 -14"><span class='ocrx_word' id='word_1_52' title='bbox 137 1004 233 1056; x_wconf 75' lang='lat' dir='ltr'><strong>tribus</strong></span> <span class='ocrx_word' id='word_1_53' title='bbox 258 1005 373 1058; x_wconf 82' lang='lat' dir='ltr'><strong>testibus</strong></span> <span class='ocrx_word' id='word_1_54' title='bbox 405 1005 527 1056; x_wconf 81' lang='lat' dir='ltr'><strong>mannire</strong></span> <span class='ocrx_word' id='word_1_55' title='bbox 556 999 700 1054; x_wconf 89' lang='lat' dir='ltr'><strong>conductis</strong></span> <span class='ocrx_word' id='word_1_56' title='bbox 726 997 772 1050; x_wconf 87' lang='lat' dir='ltr'><strong>vel</strong></span> <span class='ocrx_word' id='word_1_57' title='bbox 799 996 950 1069; x_wconf 78' lang='lat' dir='ltr'><strong>corruptis,</strong></span> <span class='ocrx_word' id='word_1_58' title='bbox 975 1007 1024 1053; x_wconf 85' lang='lat' dir='ltr'><strong>rut</strong></span> <span class='ocrx_word' id='word_1_59' title='bbox 1052 999 1178 1070; x_wconf 83' lang='lat' dir='ltr'><strong>qualibet</strong></span> <span class='ocrx_word' id='word_1_60' title='bbox 1201 1001 1281 1054; x_wconf 88' lang='lat' dir='ltr'><strong>calli-</strong></span> 
     </span>
     <span class='ocr_line' id='line_1_9' title="bbox 118 1067 1284 1147; baseline 0.004 -24"><span class='ocrx_word' id='word_1_61' title='bbox 118 1138 123 1147; x_wconf 28' lang='lat'><strong>.</strong></span> <span class='ocrx_word' id='word_1_62' title='bbox 147 1074 232 1127; x_wconf 82' lang='lat' dir='ltr'><strong>ditate</strong></span> <span class='ocrx_word' id='word_1_63' title='bbox 257 1075 301 1128; x_wconf 86' lang='lat' dir='ltr'><strong>vel</strong></span> <span class='ocrx_word' id='word_1_64' title='bbox 326 1075 421 1128; x_wconf 80' lang='lat' dir='ltr'><strong>fraude</strong></span> <span class='ocrx_word' id='word_1_65' title='bbox 446 1075 481 1126; x_wconf 84' lang='lat' dir='ltr'><strong>ad</strong></span> <span class='ocrx_word' id='word_1_66' title='bbox 507 1072 602 1140; x_wconf 82' lang='lat' dir='ltr'><strong>gradus</strong></span> <span class='ocrx_word' id='word_1_67' title='bbox 631 1067 830 1124; x_wconf 77' lang='lat' dir='ltr'><strong>ecclesiasticos</strong></span> <span class='ocrx_word' id='word_1_68' title='bbox 852 1069 1020 1141; x_wconf 80' lang='lat' dir='ltr'><strong>pervenerit,</strong></span> <span class='ocrx_word' id='word_1_69' title='bbox 1056 1072 1224 1145; x_wconf 84' lang='lat' dir='ltr'><strong>deponatur,</strong></span> <span class='ocrx_word' id='word_1_70' title='bbox 1254 1080 1284 1128; x_wconf 85' lang='lat' dir='ltr'><strong>ct</strong></span> 
     </span>
     <span class='ocr_line' id='line_1_10' title="bbox 147 1145 1207 1215; baseline 0.001 -17"><span class='ocrx_word' id='word_1_71' title='bbox 147 1145 271 1198; x_wconf 84' lang='lat' dir='ltr'><strong>dominus</strong></span> <span class='ocrx_word' id='word_1_72' title='bbox 287 1147 344 1199; x_wconf 84' lang='lat' dir='ltr'><strong>eius</strong></span> <span class='ocrx_word' id='word_1_73' title='bbox 365 1163 427 1199; x_wconf 88' lang='lat' dir='ltr'><strong>eum</strong></span> <span class='ocrx_word' id='word_1_74' title='bbox 444 1145 567 1215; x_wconf 69' lang='lat' dir='ltr'><strong>recipiat.</strong></span> <span class='ocrx_word' id='word_1_75' title='bbox 1206 1159 1207 1167; x_wconf 59' lang='lat'>¹</span> 
     </span>
    </p>
   </div>
   <div class='ocr_carea' id='block_1_6' title="bbox 189 1231 1282 1402">
    <p class='ocr_par' dir='ltr' id='par_1_6' title="bbox 189 1231 1282 1402">
     <span class='ocr_line' id='line_1_11' title="bbox 189 1231 1282 1322; baseline -0.007 -19"><span class='ocrx_word' id='word_1_76' title='bbox 189 1239 233 1303; x_wconf 88' lang='lat' dir='ltr'><strong>ll.</strong></span> <span class='ocrx_word' id='word_1_77' title='bbox 274 1241 323 1301; x_wconf 86' lang='lat' dir='ltr'><strong>De</strong></span> <span class='ocrx_word' id='word_1_78' title='bbox 337 1240 506 1321; x_wconf 81' lang='lat' dir='ltr'><strong>forcapiis.</strong></span> <span class='ocrx_word' id='word_1_79' title='bbox 548 1235 631 1296; x_wconf 90' lang='lat' dir='ltr'><strong>Hinc</strong></span> <span class='ocrx_word' id='word_1_80' title='bbox 652 1231 768 1316; x_wconf 79' lang='lat' dir='ltr'><strong>incipit</strong></span> <span class='ocrx_word' id='word_1_81' title='bbox 790 1231 976 1315; x_wconf 79' lang='lat' dir='ltr'><strong>capitulare</strong></span> <span class='ocrx_word' id='word_1_82' title='bbox 997 1241 1148 1317; x_wconf 87' lang='lat' dir='ltr'><strong>quartum</strong></span> <span class='ocrx_word' id='word_1_83' title='bbox 1168 1257 1195 1299; x_wconf 84' lang='lat' dir='ltr'><strong>a.</strong></span> <span class='ocrx_word' id='word_1_84' title='bbox 1209 1237 1282 1322; x_wconf 81' lang='lat'><strong>819,</strong></span> 
     </span>
     <span class='ocr_line' id='line_1_12' title="bbox 279 1318 917 1402; baseline -0.014 -18"><span class='ocrx_word' id='word_1_85' title='bbox 279 1321 336 1384; x_wconf 90' lang='lat' dir='ltr'><strong>ubi</strong></span> <span class='ocrx_word' id='word_1_86' title='bbox 360 1323 420 1382; x_wconf 86' lang='lat' dir='ltr'><strong>hac</strong></span> <span class='ocrx_word' id='word_1_87' title='bbox 440 1322 546 1382; x_wconf 82' lang='lat' dir='ltr'><strong>variae</strong></span> <span class='ocrx_word' id='word_1_88' title='bbox 571 1318 729 1380; x_wconf 83' lang='lat' dir='ltr'><strong>lectiones</strong></span> <span class='ocrx_word' id='word_1_89' title='bbox 752 1324 917 1402; x_wconf 81' lang='lat' dir='ltr'><strong>apparent.</strong></span> 
     </span>
    </p>
   </div>
   <div class='ocr_carea' id='block_1_7' title="bbox 181 1427 206 1484">
    <p class='ocr_par' dir='ltr' id='par_1_7' title="bbox 181 1427 206 1484">
     <span class='ocr_line' id='line_1_13' title="bbox 181 1427 206 1484; baseline 0.08 -2"><span class='ocrx_word' id='word_1_90' title='bbox 181 1427 206 1484; x_wconf 93' lang='lat' dir='ltr'><strong>l.</strong></span> 
     </span>
    </p>
   </div>
   <div class='ocr_carea' id='block_1_8' title="bbox 184 1568 222 1625">
    <p class='ocr_par' dir='ltr' id='par_1_8' title="bbox 184 1568 222 1625">
     <span class='ocr_line' id='line_1_14' title="bbox 184 1568 222 1625; baseline 0.079 -4"><span class='ocrx_word' id='word_1_91' title='bbox 184 1568 222 1625; x_wconf 89' lang='lat'><strong>11.</strong></span> 
     </span>
    </p>
   </div>
   <div class='ocr_carea' id='block_1_9' title="bbox 272 1427 682 1623">
    <p class='ocr_par' dir='ltr' id='par_1_9' title="bbox 272 1427 682 1623">
     <span class='ocr_line' id='line_1_15' title="bbox 275 1427 565 1508; baseline -0.007 -27"><span class='ocrx_word' id='word_1_92' title='bbox 275 1427 420 1508; x_wconf 83' lang='lat' dir='ltr'><strong>praemium</strong></span> <span class='ocrx_word' id='word_1_93' title='bbox 437 1437 565 1508; x_wconf 70' lang='lat' dir='ltr'><strong>quaeror.</strong></span> 
     </span>
     <span class='ocr_line' id='line_1_16' title="bbox 272 1496 682 1562; baseline -0.002 -10"><span class='ocrx_word' id='word_1_94' title='bbox 272 1497 467 1552; x_wconf 79' lang='lat' dir='ltr'><strong>contradixerit</strong></span> <span class='ocrx_word' id='word_1_95' title='bbox 491 1499 517 1549; x_wconf 85' lang='lat' dir='ltr'><strong>si</strong></span> <span class='ocrx_word' id='word_1_96' title='bbox 531 1496 607 1556; x_wconf 81' lang='lat' dir='ltr'><strong>inde.</strong></span> <span class='ocrx_word' id='word_1_97' title='bbox 677 1553 682 1562; x_wconf 73' lang='grc'>,</span> 
     </span>
     <span class='ocr_line' id='line_1_17' title="bbox 274 1568 619 1623; baseline -0.003 -1"><span class='ocrx_word' id='word_1_98' title='bbox 274 1569 319 1622; x_wconf 80' lang='lat' dir='ltr'><strong>vel</strong></span> <span class='ocrx_word' id='word_1_99' title='bbox 337 1568 452 1623; x_wconf 85' lang='lat' dir='ltr'><strong>cuilibet</strong></span> <span class='ocrx_word' id='word_1_100' title='bbox 470 1568 619 1620; x_wconf 80' lang='lat' dir='ltr'><strong>tradiderit.</strong></span> 
     </span>
    </p>
   </div>
   <div class='ocr_carea' id='block_1_10' title="bbox 184 1636 688 1778">
    <p class='ocr_par' dir='ltr' id='par_1_10' title="bbox 184 1636 688 1778">
     <span class='ocr_line' id='line_1_18' title="bbox 184 1636 578 1707; baseline -0.01 -15"><span class='ocrx_word' id='word_1_101' title='bbox 184 1639 236 1692; x_wconf 89' lang='lat'><em>111.</em></span> <span class='ocrx_word' id='word_1_102' title='bbox 271 1638 437 1692; x_wconf 87' lang='lat' dir='ltr'><strong>beneficium</strong></span> <span class='ocrx_word' id='word_1_103' title='bbox 452 1636 578 1707; x_wconf 77' lang='lat' dir='ltr'><strong>perdet.¹</strong></span> 
     </span>
     <span class='ocr_line' id='line_1_19' title="bbox 184 1708 688 1778; baseline 0.002 -15"><span class='ocrx_word' id='word_1_104' title='bbox 184 1710 233 1769; x_wconf 77' lang='lat' dir='ltr'><strong>lv,</strong></span> <span class='ocrx_word' id='word_1_105' title='bbox 269 1708 688 1778; x_wconf 75' lang='lat' dir='ltr'><strong>nullatenusseenndumlegcm.</strong></span> 
     </span>
    </p>
   </div>
   <div class='ocr_carea' id='block_1_11' title="bbox 186 1804 219 1821">
    <p class='ocr_par' dir='ltr' id='par_1_11' title="bbox 186 1804 219 1821">
     <span class='ocr_line' id='line_1_20' title="bbox 186 1804 219 1821; baseline 0 0"><span class='ocrx_word' id='word_1_106' title='bbox 186 1804 219 1821; x_wconf 53' lang='grc' dir='ltr'><strong><em>Ἀ</em></strong></span> 
     </span>
    </p>
   </div>
   <div class='ocr_carea' id='block_1_12' title="bbox 105 1984 220 2071">
    <p class='ocr_par' dir='ltr' id='par_1_12' title="bbox 105 1984 220 2071">
     <span class='ocr_line' id='line_1_21' title="bbox 105 1984 220 2071; baseline -0.009 -79"><span class='ocrx_word' id='word_1_107' title='bbox 105 1984 220 2071; x_wconf 35' lang='lat' dir='ltr'><strong>,p</strong></span> 
     </span>
    </p>
   </div>
   <div class='ocr_carea' id='block_1_13' title="bbox 268 1779 690 2060">
    <p class='ocr_par' dir='ltr' id='par_1_13' title="bbox 268 1779 690 2060">
     <span class='ocr_line' id='line_1_22' title="bbox 271 1779 590 1847; baseline -0.009 -15"><span class='ocrx_word' id='word_1_108' title='bbox 271 1779 409 1832; x_wconf 58' lang='lat' dir='ltr'><strong>nisi‘sorte</strong></span> <span class='ocrx_word' id='word_1_109' title='bbox 434 1789 481 1832; x_wconf 83' lang='lat' dir='ltr'><strong>aut</strong></span> <span class='ocrx_word' id='word_1_110' title='bbox 498 1795 590 1847; x_wconf 84' lang='lat' dir='ltr'><strong>nepos.</strong></span> 
     </span>
     <span class='ocr_line' id='line_1_23' title="bbox 271 1848 690 1916; baseline 0 -13"><span class='ocrx_word' id='word_1_111' title='bbox 271 1860 398 1904; x_wconf 87' lang='lat' dir='ltr'><strong>neutrum</strong></span> <span class='ocrx_word' id='word_1_112' title='bbox 420 1848 524 1912; x_wconf 82' lang='lat' dir='ltr'><strong>habet,</strong></span> <span class='ocrx_word' id='word_1_113' title='bbox 544 1866 605 1916; x_wconf 85' lang='lat' dir='ltr'><strong>ergo</strong></span> <span class='ocrx_word' id='word_1_114' title='bbox 625 1865 690 1904; x_wconf 86' lang='lat' dir='ltr'><strong>cen·</strong></span> 
     </span>
     <span class='ocr_line' id='line_1_24' title="bbox 268 1920 589 1991; baseline 0.003 -17"><span class='ocrx_word' id='word_1_115' title='bbox 268 1939 327 1974; x_wconf 87' lang='lat' dir='ltr'><strong>sum</strong></span> <span class='ocrx_word' id='word_1_116' title='bbox 351 1921 415 1971; x_wconf 86' lang='lat' dir='ltr'><strong>inde</strong></span> <span class='ocrx_word' id='word_1_117' title='bbox 443 1920 589 1991; x_wconf 85' lang='lat' dir='ltr'><strong>persolvat.</strong></span> 
     </span>
     <span class='ocr_line' id='line_1_25' title="bbox 277 1989 689 2060; baseline -0.005 -16"><span class='ocrx_word' id='word_1_118' title='bbox 277 1989 486 2044; x_wconf 78' lang='lat' dir='ltr'><strong>consideratum</strong></span> <span class='ocrx_word' id='word_1_119' title='bbox 509 2003 549 2043; x_wconf 83' lang='lat' dir='ltr'><strong>est</strong></span> <span class='ocrx_word' id='word_1_120' title='bbox 574 2017 602 2028; x_wconf 92' lang='lat'><strong>·-</strong></span> <span class='ocrx_word' id='word_1_121' title='bbox 626 2006 689 2060; x_wconf 80' lang='lat' dir='ltr'><strong>per-</strong></span> 
     </span>
    </p>
   </div>
   <div class='ocr_carea' id='block_1_14' title="bbox 265 2062 632 2116">
    <p class='ocr_par' dir='ltr' id='par_1_14' title="bbox 265 2062 632 2116">
     <span class='ocr_line' id='line_1_26' title="bbox 265 2062 632 2116; baseline 0.011 -4"><span class='ocrx_word' id='word_1_122' title='bbox 265 2063 383 2113; x_wconf 76' lang='lat' dir='ltr'><strong>solvant</strong></span> <span class='ocrx_word' id='word_1_123' title='bbox 399 2063 509 2114; x_wconf 89' lang='lat' dir='ltr'><strong>omnino</strong></span> <span class='ocrx_word' id='word_1_124' title='bbox 522 2062 632 2116; x_wconf 83' lang='lat' dir='ltr'><strong>desunt.</strong></span> 
     </span>
    </p>
   </div>
   <div class='ocr_carea' id='block_1_15' title="bbox 271 2130 690 2410">
    <p class='ocr_par' dir='ltr' id='par_1_15' title="bbox 272 2130 690 2257">
     <span class='ocr_line' id='line_1_27' title="bbox 272 2130 690 2201; baseline -0.002 -17"><span class='ocrx_word' id='word_1_125' title='bbox 272 2132 315 2184; x_wconf 92' lang='lat' dir='ltr'><strong>De</strong></span> <span class='ocrx_word' id='word_1_126' title='bbox 329 2147 413 2201; x_wconf 86' lang='lat' dir='ltr'><strong>opere</strong></span> <span class='ocrx_word' id='word_1_127' title='bbox 429 2149 492 2184; x_wconf 88' lang='lat' dir='ltr'><strong>vero</strong></span> <span class='ocrx_word' id='word_1_128' title='bbox 514 2132 558 2186; x_wconf 80' lang='lat' dir='ltr'><strong>vel</strong></span> <span class='ocrx_word' id='word_1_129' title='bbox 581 2130 614 2185; x_wconf 85' lang='lat' dir='ltr'><strong>de</strong></span> <span class='ocrx_word' id='word_1_130' title='bbox 635 2146 690 2184; x_wconf 85' lang='lat' dir='ltr'><strong>res·</strong></span> 
     </span>
     <span class='ocr_line' id='line_1_28' title="bbox 273 2202 460 2257; baseline -0.011 -3"><span class='ocrx_word' id='word_1_131' title='bbox 273 2202 460 2257; x_wconf 81' lang='lat' dir='ltr'><strong>taurationem.</strong></span> 
     </span>
    </p>

    <p class='ocr_par' dir='ltr' id='par_1_16' title="bbox 273 2268 537 2338">
     <span class='ocr_line' id='line_1_29' title="bbox 273 2268 537 2338; baseline -0.015 -14"><span class='ocrx_word' id='word_1_132' title='bbox 273 2281 381 2324; x_wconf 84' lang='lat' dir='ltr'><strong>tantum</strong></span> <span class='ocrx_word' id='word_1_133' title='bbox 398 2268 537 2338; x_wconf 80' lang='lat' dir='ltr'><strong>accipiant</strong></span> 
     </span>
    </p>

    <p class='ocr_par' dir='ltr' id='par_1_17' title="bbox 271 2337 630 2410">
     <span class='ocr_line' id='line_1_30' title="bbox 271 2337 630 2410; baseline 0.003 -16"><span class='ocrx_word' id='word_1_134' title='bbox 271 2343 301 2394; x_wconf 89' lang='lat' dir='ltr'><strong>in</strong></span> <span class='ocrx_word' id='word_1_135' title='bbox 315 2351 452 2407; x_wconf 86' lang='lat' dir='ltr'><strong>argentum</strong></span> <span class='ocrx_word' id='word_1_136' title='bbox 467 2337 630 2410; x_wconf 79' lang='lat' dir='ltr'><strong>persolvunt.</strong></span> 
     </span>
    </p>
   </div>
   <div class='ocr_carea' id='block_1_16' title="bbox 255 2410 529 2484">
    <p class='ocr_par' dir='ltr' id='par_1_18' title="bbox 255 2410 529 2484">
     <span class='ocr_line' id='line_1_31' title="bbox 255 2410 529 2484; baseline 0 -19"><span class='ocrx_word' id='word_1_137' title='bbox 255 2475 257 2484; x_wconf 22' lang='lat' dir='ltr'><strong><em>s</em></strong></span> <span class='ocrx_word' id='word_1_138' title='bbox 273 2411 444 2478; x_wconf 72' lang='lat' dir='ltr'><strong>neglexerint</strong></span> <span class='ocrx_word' id='word_1_139' title='bbox 456 2410 529 2465; x_wconf 85' lang='lat' dir='ltr'><strong>illas.</strong></span> 
     </span>
    </p>
   </div>
   <div class='ocr_carea' id='block_1_17' title="bbox 270 2481 691 2610">
    <p class='ocr_par' dir='ltr' id='par_1_19' title="bbox 270 2481 691 2610">
     <span class='ocr_line' id='line_1_32' title="bbox 272 2481 691 2552; baseline -0.005 -16"><span class='ocrx_word' id='word_1_140' title='bbox 272 2484 423 2552; x_wconf 78' lang='lat' dir='ltr'><strong>castigatus</strong></span> <span class='ocrx_word' id='word_1_141' title='bbox 448 2509 477 2521; x_wconf 89' lang='lat'><strong>·-</strong></span> <span class='ocrx_word' id='word_1_142' title='bbox 500 2481 611 2535; x_wconf 80' lang='lat' dir='ltr'><strong>amittet</strong></span> <span class='ocrx_word' id='word_1_143' title='bbox 634 2493 691 2534; x_wconf 80' lang='lat' dir='ltr'><strong>om·</strong></span> 
     </span>
     <span class='ocr_line' id='line_1_33' title="bbox 270 2553 477 2610; baseline -0.005 -5"><span class='ocrx_word' id='word_1_144' title='bbox 270 2555 336 2605; x_wconf 87' lang='lat' dir='ltr'><strong>nino</strong></span> <span class='ocrx_word' id='word_1_145' title='bbox 352 2553 477 2610; x_wconf 79' lang='lat' dir='ltr'><strong>desunt..</strong></span> 
     </span>
    </p>
   </div>
   <div class='ocr_carea' id='block_1_18' title="bbox 185 2619 690 2761">
    <p class='ocr_par' dir='ltr' id='par_1_20' title="bbox 185 2619 690 2761">
     <span class='ocr_line' id='line_1_34' title="bbox 185 2619 598 2694; baseline 0.002 -20"><span class='ocrx_word' id='word_1_146' title='bbox 185 2619 234 2678; x_wconf 80' lang='lat' dir='ltr'><strong>vl.</strong></span> <span class='ocrx_word' id='word_1_147' title='bbox 269 2623 300 2677; x_wconf 84' lang='lat' dir='ltr'><strong>si</strong></span> <span class='ocrx_word' id='word_1_148' title='bbox 320 2623 438 2694; x_wconf 79' lang='lat' dir='ltr'><strong>quilibet</strong></span> <span class='ocrx_word' id='word_1_149' title='bbox 455 2620 598 2693; x_wconf 84' lang='lat' dir='ltr'><strong>mancipia.</strong></span> 
     </span>
     <span class='ocr_line' id='line_1_35' title="bbox 185 2690 690 2761; baseline -0.006 -16"><span class='ocrx_word' id='word_1_150' title='bbox 185 2690 262 2749; x_wconf 82' lang='lat' dir='ltr'><strong>VIII.</strong></span> <span class='ocrx_word' id='word_1_151' title='bbox 274 2694 409 2748; x_wconf 79' lang='lat' dir='ltr'><strong>Octavum</strong></span> <span class='ocrx_word' id='word_1_152' title='bbox 448 2700 531 2761; x_wconf 80' lang='lat' dir='ltr'><strong>caput</strong></span> <span class='ocrx_word' id='word_1_153' title='bbox 579 2690 690 2743; x_wconf 85' lang='lat' dir='ltr'><strong>omnino</strong></span> 
     </span>
    </p>
   </div>
   <div class='ocr_carea' id='block_1_19' title="bbox 185 2899 732 2992">
    <p class='ocr_par' dir='ltr' id='par_1_21' title="bbox 185 2899 732 2992">
     <span class='ocr_line' id='line_1_36' title="bbox 185 2899 732 2992; baseline -0.002 -37"><span class='ocrx_word' id='word_1_154' title='bbox 185 2899 234 2956; x_wconf 81' lang='lat' dir='ltr'><strong>lx.</strong></span> <span class='ocrx_word' id='word_1_155' title='bbox 263 2901 306 2956; x_wconf 84' lang='lat' dir='ltr'><strong>De</strong></span> <span class='ocrx_word' id='word_1_156' title='bbox 330 2921 379 2964; x_wconf 83' lang='lat' dir='ltr'><strong>eo,</strong></span> <span class='ocrx_word' id='word_1_157' title='bbox 405 2905 454 2974; x_wconf 83' lang='lat' dir='ltr'><strong>qni</strong></span> <span class='ocrx_word' id='word_1_158' title='bbox 471 2918 598 2972; x_wconf 77' lang='lat' dir='ltr'><strong>sponsam</strong></span> <span class='ocrx_word' id='word_1_159' title='bbox 619 2899 689 2954; x_wconf 74' lang='lat' dir='ltr'><strong>olit-</strong></span> <span class='ocrx_word' id='word_1_160' title='bbox 725 2970 732 2992; x_wconf 53' lang='grc' dir='ltr'><em>Ι</em></span> 
     </span>
    </p>
   </div>
   <div class='ocr_carea' id='block_1_20' title="bbox 252 2762 690 2834">
    <p class='ocr_par' dir='ltr' id='par_1_22' title="bbox 252 2762 690 2834">
     <span class='ocr_line' id='line_1_37' title="bbox 252 2762 690 2834; baseline -0.005 -19"><span class='ocrx_word' id='word_1_161' title='bbox 252 2763 357 2816; x_wconf 76' lang='lat' dir='ltr'><strong>&#39;deest</strong></span> <span class='ocrx_word' id='word_1_162' title='bbox 385 2762 574 2834; x_wconf 42' lang='lat' dir='ltr'><strong>‘Locollipsius</strong></span> <span class='ocrx_word' id='word_1_163' title='bbox 594 2769 690 2816; x_wconf 80' lang='lat' dir='ltr'><strong>extant</strong></span> 
     </span>
    </p>
   </div>
   <div class='ocr_carea' id='block_1_21' title="bbox 272 2833 496 2906">
    <p class='ocr_par' dir='ltr' id='par_1_23' title="bbox 272 2833 496 2906">
     <span class='ocr_line' id='line_1_38' title="bbox 272 2833 496 2906; baseline 0 -21"><span class='ocrx_word' id='word_1_164' title='bbox 272 2834 327 2885; x_wconf 88' lang='lat' dir='ltr'><strong>duo</strong></span> <span class='ocrx_word' id='word_1_165' title='bbox 342 2833 496 2906; x_wconf 85' lang='lat' dir='ltr'><strong>sequentia.</strong></span> 
     </span>
    </p>
   </div>
   <div class='ocr_carea' id='block_1_22' title="bbox 267 2975 691 3180">
    <p class='ocr_par' dir='ltr' id='par_1_24' title="bbox 267 2975 691 3180">
     <span class='ocr_line' id='line_1_39' title="bbox 267 2975 486 3038; baseline -0.009 -14"><span class='ocrx_word' id='word_1_166' title='bbox 267 2991 331 3024; x_wconf 83' lang='lat' dir='ltr'><strong>nom</strong></span> <span class='ocrx_word' id='word_1_167' title='bbox 349 2975 486 3038; x_wconf 80' lang='lat' dir='ltr'><strong>rapuerit.</strong></span> 
     </span>
     <span class='ocr_line' id='line_1_40' title="bbox 272 3039 689 3114; baseline -0.017 -19"><span class='ocrx_word' id='word_1_168' title='bbox 272 3043 301 3095; x_wconf 91' lang='lat' dir='ltr'><strong>Si</strong></span> <span class='ocrx_word' id='word_1_169' title='bbox 317 3044 377 3114; x_wconf 84' lang='lat' dir='ltr'><strong>quir</strong></span> <span class='ocrx_word' id='word_1_170' title='bbox 387 3059 510 3114; x_wconf 84' lang='lat' dir='ltr'><strong>sponsam</strong></span> <span class='ocrx_word' id='word_1_171' title='bbox 524 3040 639 3099; x_wconf 80' lang='lat' dir='ltr'><strong>alienam</strong></span> <span class='ocrx_word' id='word_1_172' title='bbox 647 3039 689 3110; x_wconf 85' lang='lat' dir='ltr'><strong>ip·</strong></span> 
     </span>
     <span class='ocr_line' id='line_1_41' title="bbox 270 3112 691 3180; baseline -0.007 -14"><span class='ocrx_word' id='word_1_173' title='bbox 270 3129 300 3166; x_wconf 81' lang='lat' dir='ltr'><strong>ra</strong></span> <span class='ocrx_word' id='word_1_174' title='bbox 314 3129 369 3165; x_wconf 88' lang='lat' dir='ltr'><strong>non</strong></span> <span class='ocrx_word' id='word_1_175' title='bbox 388 3112 576 3166; x_wconf 77' lang='lat' dir='ltr'><strong>consentiente</strong></span> <span class='ocrx_word' id='word_1_176' title='bbox 590 3127 691 3180; x_wconf 75' lang='lat' dir='ltr'><strong>rapue«</strong></span> 
     </span>
    </p>
   </div>
   <div class='ocr_carea' id='block_1_23' title="bbox 270 3179 755 3248">
    <p class='ocr_par' dir='ltr' id='par_1_25' title="bbox 270 3179 755 3248">
     <span class='ocr_line' id='line_1_42' title="bbox 270 3179 755 3248; baseline -0.004 -14"><span class='ocrx_word' id='word_1_177' title='bbox 270 3184 323 3248; x_wconf 81' lang='lat' dir='ltr'><strong>rit,</strong></span> <span class='ocrx_word' id='word_1_178' title='bbox 342 3183 409 3237; x_wconf 90' lang='lat' dir='ltr'><strong>licet</strong></span> <span class='ocrx_word' id='word_1_179' title='bbox 420 3200 482 3236; x_wconf 88' lang='lat' dir='ltr'><strong>cum</strong></span> <span class='ocrx_word' id='word_1_180' title='bbox 501 3199 533 3234; x_wconf 90' lang='lat' dir='ltr'><strong>ea</strong></span> <span class='ocrx_word' id='word_1_181' title='bbox 548 3179 689 3234; x_wconf 89' lang='lat' dir='ltr'><strong>concubu·</strong></span> <span class='ocrx_word' id='word_1_182' title='bbox 750 3195 755 3204; x_wconf 64' lang='lat'>‘</span> 
     </span>
    </p>
   </div>
   <div class='ocr_carea' id='block_1_24' title="bbox 270 3251 713 3536">
    <p class='ocr_par' dir='ltr' id='par_1_26' title="bbox 270 3251 713 3536">
     <span class='ocr_line' id='line_1_43' title="bbox 271 3251 688 3317; baseline -0.005 -13"><span class='ocrx_word' id='word_1_183' title='bbox 271 3253 341 3317; x_wconf 87' lang='lat' dir='ltr'><strong>erit,</strong></span> <span class='ocrx_word' id='word_1_184' title='bbox 361 3263 390 3308; x_wconf 91' lang='lat' dir='ltr'><strong>et</strong></span> <span class='ocrx_word' id='word_1_185' title='bbox 408 3253 505 3306; x_wconf 88' lang='lat' dir='ltr'><strong>reddat</strong></span> <span class='ocrx_word' id='word_1_186' title='bbox 522 3269 581 3305; x_wconf 85' lang='lat' dir='ltr'><strong>eam</strong></span> <span class='ocrx_word' id='word_1_187' title='bbox 597 3251 623 3303; x_wconf 85' lang='lat' dir='ltr'><strong>ei</strong></span> <span class='ocrx_word' id='word_1_188' title='bbox 639 3265 688 3302; x_wconf 89' lang='lat' dir='ltr'><strong>cu·</strong></span> 
     </span>
     <span class='ocr_line' id='line_1_44' title="bbox 272 3320 713 3395; baseline -0.009 -20"><span class='ocrx_word' id='word_1_189' title='bbox 272 3324 315 3376; x_wconf 78' lang='lat' dir='ltr'><strong>ius</strong></span> <span class='ocrx_word' id='word_1_190' title='bbox 328 3341 424 3395; x_wconf 86' lang='lat' dir='ltr'><strong>sponsa</strong></span> <span class='ocrx_word' id='word_1_191' title='bbox 442 3332 491 3386; x_wconf 88' lang='lat' dir='ltr'><strong>est,</strong></span> <span class='ocrx_word' id='word_1_192' title='bbox 511 3332 540 3376; x_wconf 88' lang='lat' dir='ltr'><strong>et</strong></span> <span class='ocrx_word' id='word_1_193' title='bbox 554 3322 593 3376; x_wconf 90' lang='lat' dir='ltr'><strong>eis</strong></span> <span class='ocrx_word' id='word_1_194' title='bbox 605 3320 689 3373; x_wconf 71' lang='lat' dir='ltr'><strong>drmit</strong></span> <span class='ocrx_word' id='word_1_195' title='bbox 709 3376 713 3382; x_wconf 57' lang='grc'><strong>,</strong></span> 
     </span>
     <span class='ocr_line' id='line_1_45' title="bbox 272 3393 688 3465; baseline -0.01 -18"><span class='ocrx_word' id='word_1_196' title='bbox 272 3411 332 3447; x_wconf 84' lang='lat' dir='ltr'><strong>eam</strong></span> <span class='ocrx_word' id='word_1_197' title='bbox 351 3395 373 3447; x_wconf 89' lang='lat' dir='ltr'><strong>si</strong></span> <span class='ocrx_word' id='word_1_198' title='bbox 387 3395 456 3450; x_wconf 80' lang='lat' dir='ltr'><strong>velit</strong></span> <span class='ocrx_word' id='word_1_199' title='bbox 470 3394 535 3465; x_wconf 81' lang='lat' dir='ltr'><strong>quia</strong></span> <span class='ocrx_word' id='word_1_200' title='bbox 559 3393 614 3448; x_wconf 85' lang='lat' dir='ltr'><strong>vim</strong></span> <span class='ocrx_word' id='word_1_201' title='bbox 628 3409 688 3462; x_wconf 87' lang='lat' dir='ltr'><strong>pas·</strong></span> 
     </span>
     <span class='ocr_line' id='line_1_46' title="bbox 270 3461 689 3536; baseline -0.012 -20"><span class='ocrx_word' id='word_1_202' title='bbox 270 3481 299 3516; x_wconf 91' lang='lat' dir='ltr'><strong>sa</strong></span> <span class='ocrx_word' id='word_1_203' title='bbox 314 3467 419 3534; x_wconf 83' lang='lat' dir='ltr'><strong>potius,</strong></span> <span class='ocrx_word' id='word_1_204' title='bbox 438 3481 521 3536; x_wconf 90' lang='lat' dir='ltr'><strong>quarn</strong></span> <span class='ocrx_word' id='word_1_205' title='bbox 538 3461 689 3517; x_wconf 74' lang='lat' dir='ltr'><strong>violaturi-</strong></span> 
     </span>
    </p>
   </div>
   <div class='ocr_carea' id='block_1_25' title="bbox 269 3532 694 3606">
    <p class='ocr_par' dir='ltr' id='par_1_27' title="bbox 269 3532 694 3606">
     <span class='ocr_line' id='line_1_47' title="bbox 269 3532 694 3606; baseline -0.012 -18"><span class='ocrx_word' id='word_1_206' title='bbox 269 3535 359 3590; x_wconf 83' lang='lat' dir='ltr'><strong>detur.</strong></span> <span class='ocrx_word' id='word_1_207' title='bbox 402 3535 485 3606; x_wconf 83' lang='lat' dir='ltr'><strong>Quod</strong></span> <span class='ocrx_word' id='word_1_208' title='bbox 509 3535 531 3587; x_wconf 85' lang='lat' dir='ltr'><strong>ri</strong></span> <span class='ocrx_word' id='word_1_209' title='bbox 556 3551 615 3586; x_wconf 84' lang='lat' dir='ltr'><strong>earn</strong></span> <span class='ocrx_word' id='word_1_210' title='bbox 636 3532 694 3585; x_wconf 85' lang='lat' dir='ltr'><strong>du-·</strong></span> 
     </span>
    </p>
   </div>
   <div class='ocr_carea' id='block_1_26' title="bbox 272 3603 688 3676">
    <p class='ocr_par' dir='ltr' id='par_1_28' title="bbox 272 3603 688 3676">
     <span class='ocr_line' id='line_1_48' title="bbox 272 3603 688 3676; baseline -0.017 -18"><span class='ocrx_word' id='word_1_211' title='bbox 272 3623 334 3658; x_wconf 87' lang='lat' dir='ltr'><strong>cere</strong></span> <span class='ocrx_word' id='word_1_212' title='bbox 353 3605 483 3672; x_wconf 87' lang='lat' dir='ltr'><strong>noluerit,</strong></span> <span class='ocrx_word' id='word_1_213' title='bbox 504 3606 621 3676; x_wconf 84' lang='lat' dir='ltr'><strong>accipiat</strong></span> <span class='ocrx_word' id='word_1_214' title='bbox 637 3603 688 3653; x_wconf 81' lang='lat' dir='ltr'><strong>ali·</strong></span> 
     </span>
    </p>
   </div>
   <div class='ocr_carea' id='block_1_27' title="bbox 271 3674 750 3738">
    <p class='ocr_par' dir='ltr' id='par_1_29' title="bbox 271 3674 750 3738">
     <span class='ocr_line' id='line_1_49' title="bbox 271 3674 750 3738; baseline 0.002 -11"><span class='ocrx_word' id='word_1_215' title='bbox 271 3685 314 3727; x_wconf 78' lang='lat' dir='ltr'><strong>arn</strong></span> <span class='ocrx_word' id='word_1_216' title='bbox 330 3676 476 3738; x_wconf 74' lang='lat' dir='ltr'><strong>feminam,</strong></span> <span class='ocrx_word' id='word_1_217' title='bbox 495 3685 592 3729; x_wconf 64' lang='lat' dir='ltr'><strong>tamen*</strong></span> <span class='ocrx_word' id='word_1_218' title='bbox 610 3674 633 3729; x_wconf 86' lang='lat' dir='ltr'><strong>sl</strong></span> <span class='ocrx_word' id='word_1_219' title='bbox 648 3682 688 3735; x_wconf 78' lang='lat' dir='ltr'><strong>{et</strong></span> <span class='ocrx_word' id='word_1_220' title='bbox 747 3725 750 3732; x_wconf 90' lang='grc'><em>,</em></span> 
     </span>
    </p>
   </div>
   <div class='ocr_carea' id='block_1_28' title="bbox 268 3745 721 3818">
    <p class='ocr_par' dir='ltr' id='par_1_30' title="bbox 268 3745 721 3818">
     <span class='ocr_line' id='line_1_50' title="bbox 268 3745 721 3818; baseline -0.004 -21"><span class='ocrx_word' id='word_1_221' title='bbox 268 3747 325 3818; x_wconf 79' lang='lat' dir='ltr'><strong>ipra</strong></span> <span class='ocrx_word' id='word_1_222' title='bbox 357 3745 463 3802; x_wconf 81' lang='lat' dir='ltr'><strong>nubere</strong></span> <span class='ocrx_word' id='word_1_223' title='bbox 492 3745 611 3803; x_wconf 81' lang='lat' dir='ltr'><strong>volucrit</strong></span> <span class='ocrx_word' id='word_1_224' title='bbox 641 3759 688 3796; x_wconf 84' lang='lat' dir='ltr'><strong>ex·</strong></span> <span class='ocrx_word' id='word_1_225' title='bbox 719 3762 721 3766; x_wconf 95' lang='lat'>·</span> 
     </span>
    </p>
   </div>
   <div class='ocr_carea' id='block_1_29' title="bbox 774 2119 809 2177">
    <p class='ocr_par' dir='ltr' id='par_1_31' title="bbox 774 2119 809 2177">
     <span class='ocr_line' id='line_1_51' title="bbox 774 2119 809 2177; baseline 0.029 -1"><span class='ocrx_word' id='word_1_226' title='bbox 774 2119 809 2177; x_wconf 85' lang='grc' dir='ltr'><strong>Χ.</strong></span> 
     </span>
    </p>
   </div>
   <div class='ocr_carea' id='block_1_30' title="bbox 856 1425 1284 3751">
    <p class='ocr_par' dir='ltr' id='par_1_32' title="bbox 856 1425 1283 2112">
     <span class='ocr_line' id='line_1_52' title="bbox 862 1425 1283 1492; baseline 0.019 -18"><span class='ocrx_word' id='word_1_227' title='bbox 862 1427 944 1492; x_wconf 84' lang='lat' dir='ltr'><strong>cepto</strong></span> <span class='ocrx_word' id='word_1_228' title='bbox 960 1429 1082 1492; x_wconf 81' lang='lat' dir='ltr'><strong>raptore,</strong></span> <span class='ocrx_word' id='word_1_229' title='bbox 1101 1426 1147 1480; x_wconf 85' lang='lat' dir='ltr'><strong>cui</strong></span> <span class='ocrx_word' id='word_1_230' title='bbox 1163 1425 1283 1484; x_wconf 82' lang='lat' dir='ltr'><strong>voluerit</strong></span> 
     </span>
     <span class='ocr_line' id='line_1_53' title="bbox 860 1491 1282 1569; baseline 0.017 -25"><span class='ocrx_word' id='word_1_231' title='bbox 860 1491 940 1544; x_wconf 80' lang='lat' dir='ltr'><strong>alteri</strong></span> <span class='ocrx_word' id='word_1_232' title='bbox 973 1493 1095 1561; x_wconf 72' lang='lat' dir='ltr'><strong>legitimo</strong></span> <span class='ocrx_word' id='word_1_233' title='bbox 1126 1499 1282 1569; x_wconf 81' lang='lat' dir='ltr'><strong>copuletur.</strong></span> 
     </span>
     <span class='ocr_line' id='line_1_54' title="bbox 859 1564 1281 1634; baseline 0.021 -22"><span class='ocrx_word' id='word_1_234' title='bbox 859 1565 961 1634; x_wconf 79' lang='lat' dir='ltr'><strong>Raptor</strong></span> <span class='ocrx_word' id='word_1_235' title='bbox 982 1581 1046 1622; x_wconf 85' lang='lat' dir='ltr'><strong>vero</strong></span> <span class='ocrx_word' id='word_1_236' title='bbox 1073 1564 1204 1624; x_wconf 88' lang='lat' dir='ltr'><strong>adulterii</strong></span> <span class='ocrx_word' id='word_1_237' title='bbox 1228 1567 1281 1622; x_wconf 90' lang='lat' dir='ltr'><strong>cri-</strong></span> 
     </span>
     <span class='ocr_line' id='line_1_55' title="bbox 860 1635 1281 1710; baseline 0.007 -22"><span class='ocrx_word' id='word_1_238' title='bbox 860 1635 933 1688; x_wconf 81' lang='lat' dir='ltr'><strong>mino</strong></span> <span class='ocrx_word' id='word_1_239' title='bbox 951 1644 1165 1694; x_wconf 73' lang='lat' dir='ltr'><strong>reniterentur.</strong></span> <span class='ocrx_word' id='word_1_240' title='bbox 1195 1638 1281 1710; x_wconf 85' lang='lat' dir='ltr'><strong>Quod</strong></span> 
     </span>
     <span class='ocr_line' id='line_1_56' title="bbox 864 1704 1282 1775; baseline 0.002 -16"><span class='ocrx_word' id='word_1_241' title='bbox 864 1704 886 1759; x_wconf 82' lang='lat' dir='ltr'><strong>ei</strong></span> <span class='ocrx_word' id='word_1_242' title='bbox 904 1707 961 1775; x_wconf 75' lang='lat' dir='ltr'><strong>ipso</strong></span> <span class='ocrx_word' id='word_1_243' title='bbox 972 1709 1167 1774; x_wconf 81' lang='lat' dir='ltr'><strong>consenserit,</strong></span> <span class='ocrx_word' id='word_1_244' title='bbox 1186 1709 1282 1762; x_wconf 62' lang='lat' dir='ltr'><strong>simili-</strong></span> 
     </span>
     <span class='ocr_line' id='line_1_57' title="bbox 863 1779 1282 1852; baseline 0.019 -27"><span class='ocrx_word' id='word_1_245' title='bbox 863 1783 906 1826; x_wconf 85' lang='lat' dir='ltr'><strong>ter</strong></span> <span class='ocrx_word' id='word_1_246' title='bbox 922 1783 954 1828; x_wconf 89' lang='lat' dir='ltr'><strong>ut</strong></span> <span class='ocrx_word' id='word_1_247' title='bbox 969 1785 1059 1846; x_wconf 87' lang='lat' dir='ltr'><strong>raptor</strong></span> <span class='ocrx_word' id='word_1_248' title='bbox 1070 1793 1103 1829; x_wconf 83' lang='lat' dir='ltr'><strong>ex</strong></span> <span class='ocrx_word' id='word_1_249' title='bbox 1122 1779 1227 1852; x_wconf 85' lang='lat' dir='ltr'><strong>nuptiis</strong></span> <span class='ocrx_word' id='word_1_250' title='bbox 1238 1781 1282 1833; x_wconf 91' lang='lat' dir='ltr'><strong>ul·</strong></span> 
     </span>
     <span class='ocr_line' id='line_1_58' title="bbox 857 1845 1281 1917; baseline 0.017 -21"><span class='ocrx_word' id='word_1_251' title='bbox 857 1845 941 1896; x_wconf 86' lang='lat' dir='ltr'><strong>terius</strong></span> <span class='ocrx_word' id='word_1_252' title='bbox 971 1845 1159 1917; x_wconf 82' lang='lat' dir='ltr'><strong>prohibeatur.</strong></span> <span class='ocrx_word' id='word_1_253' title='bbox 1202 1850 1281 1904; x_wconf 79' lang='lat' dir='ltr'><strong>Etis</strong></span> 
     </span>
     <span class='ocr_line' id='line_1_59' title="bbox 857 1915 1281 1989; baseline 0.021 -23"><span class='ocrx_word' id='word_1_254' title='bbox 857 1915 905 1985; x_wconf 92' lang='lat' dir='ltr'><strong>qui</strong></span> <span class='ocrx_word' id='word_1_255' title='bbox 926 1931 986 1968; x_wconf 81' lang='lat' dir='ltr'><strong>earn</strong></span> <span class='ocrx_word' id='word_1_256' title='bbox 1006 1927 1169 1989; x_wconf 83' lang='lat' dir='ltr'><strong>accepturus</strong></span> <span class='ocrx_word' id='word_1_257' title='bbox 1202 1927 1281 1986; x_wconf 86' lang='lat' dir='ltr'><strong>erat,</strong></span> 
     </span>
     <span class='ocr_line' id='line_1_60' title="bbox 857 1984 1283 2068; baseline 0.026 -33"><span class='ocrx_word' id='word_1_258' title='bbox 857 1984 938 2068; x_wconf 72' lang='lat' dir='ltr'><strong>aliam</strong></span> <span class='ocrx_word' id='word_1_259' title='bbox 963 2004 1045 2060; x_wconf 89' lang='lat' dir='ltr'><strong>quarn</strong></span> <span class='ocrx_word' id='word_1_260' title='bbox 1076 1989 1206 2055; x_wconf 76' lang='lat' dir='ltr'><strong>iclucrit,</strong></span> <span class='ocrx_word' id='word_1_261' title='bbox 1236 2005 1283 2046; x_wconf 86' lang='lat' dir='ltr'><strong>ac·</strong></span> 
     </span>
     <span class='ocr_line' id='line_1_61' title="bbox 856 2067 949 2112; baseline 0.043 -4"><span class='ocrx_word' id='word_1_262' title='bbox 856 2071 881 2108; x_wconf 89' lang='lat' dir='ltr'><strong>cr</strong></span> <span class='ocrx_word' id='word_1_263' title='bbox 900 2067 949 2112; x_wconf 84' lang='lat' dir='ltr'><strong>rat.</strong></span> 
     </span>
    </p>

    <p class='ocr_par' dir='ltr' id='par_1_33' title="bbox 856 2127 1284 3751">
     <span class='ocr_line' id='line_1_62' title="bbox 892 2127 1282 2203; baseline 0.008 -22"><span class='ocrx_word' id='word_1_264' title='bbox 892 2143 972 2191; x_wconf 79' lang='lat' dir='ltr'><strong>ceo,</strong></span> <span class='ocrx_word' id='word_1_265' title='bbox 992 2131 1042 2203; x_wconf 83' lang='lat' dir='ltr'><strong>qui</strong></span> <span class='ocrx_word' id='word_1_266' title='bbox 1076 2127 1211 2186; x_wconf 74' lang='lat' dir='ltr'><strong>nominem</strong></span> <span class='ocrx_word' id='word_1_267' title='bbox 1248 2127 1282 2184; x_wconf 84' lang='lat' dir='ltr'><strong>de</strong></span> 
     </span>
     <span class='ocr_line' id='line_1_63' title="bbox 863 2201 1194 2272; baseline 0.021 -25"><span class='ocrx_word' id='word_1_268' title='bbox 863 2209 938 2251; x_wconf 82' lang='lat' dir='ltr'><strong>statu</strong></span> <span class='ocrx_word' id='word_1_269' title='bbox 953 2218 1003 2252; x_wconf 78' lang='lat' dir='ltr'><strong>suo</strong></span> <span class='ocrx_word' id='word_1_270' title='bbox 1023 2201 1194 2272; x_wconf 76' lang='lat' dir='ltr'><strong>interpellat.</strong></span> 
     </span>
     <span class='ocr_line' id='line_1_64' title="bbox 860 2266 1282 2341; baseline 0.009 -23"><span class='ocrx_word' id='word_1_271' title='bbox 860 2266 948 2321; x_wconf 83' lang='lat' dir='ltr'><strong>Homo</strong></span> <span class='ocrx_word' id='word_1_272' title='bbox 964 2269 1000 2322; x_wconf 87' lang='lat' dir='ltr'><strong>de</strong></span> <span class='ocrx_word' id='word_1_273' title='bbox 1023 2279 1097 2323; x_wconf 84' lang='lat' dir='ltr'><strong>statu</strong></span> <span class='ocrx_word' id='word_1_274' title='bbox 1121 2288 1171 2324; x_wconf 86' lang='lat' dir='ltr'><strong>suo</strong></span> <span class='ocrx_word' id='word_1_275' title='bbox 1189 2267 1282 2341; x_wconf 83' lang='lat' dir='ltr'><strong>pulsa-</strong></span> 
     </span>
     <span class='ocr_line' id='line_1_65' title="bbox 862 2338 1279 2414; baseline 0.014 -23"><span class='ocrx_word' id='word_1_276' title='bbox 862 2347 918 2403; x_wconf 83' lang='lat' dir='ltr'><strong>tus,</strong></span> <span class='ocrx_word' id='word_1_277' title='bbox 936 2338 1010 2402; x_wconf 77' lang='lat' dir='ltr'><strong>riis,</strong></span> <span class='ocrx_word' id='word_1_278' title='bbox 1030 2341 1079 2411; x_wconf 88' lang='lat' dir='ltr'><strong>qui</strong></span> <span class='ocrx_word' id='word_1_279' title='bbox 1097 2357 1161 2394; x_wconf 86' lang='lat' dir='ltr'><strong>oum</strong></span> <span class='ocrx_word' id='word_1_280' title='bbox 1176 2340 1279 2414; x_wconf 80' lang='lat' dir='ltr'><strong>pulsat,</strong></span> 
     </span>
     <span class='ocr_line' id='line_1_66' title="bbox 861 2407 1281 2464; baseline 0.01 -4"><span class='ocrx_word' id='word_1_281' title='bbox 861 2407 897 2460; x_wconf 86' lang='lat' dir='ltr'><strong>ad</strong></span> <span class='ocrx_word' id='word_1_282' title='bbox 942 2409 1161 2464; x_wconf 81' lang='lat' dir='ltr'><strong>convincendum</strong></span> <span class='ocrx_word' id='word_1_283' title='bbox 1200 2409 1281 2464; x_wconf 89' lang='lat' dir='ltr'><strong>illunr</strong></span> 
     </span>
     <span class='ocr_line' id='line_1_67' title="bbox 859 2477 1282 2550; baseline 0.012 -20"><span class='ocrx_word' id='word_1_284' title='bbox 859 2477 1030 2550; x_wconf 74' lang='lat' dir='ltr'><strong>procinctum</strong></span> <span class='ocrx_word' id='word_1_285' title='bbox 1047 2480 1139 2544; x_wconf 86' lang='lat' dir='ltr'><strong>fuerit,</strong></span> <span class='ocrx_word' id='word_1_286' title='bbox 1151 2478 1282 2535; x_wconf 80' lang='lat' dir='ltr'><strong>adhibeat</strong></span> 
     </span>
     <span class='ocr_line' id='line_1_68' title="bbox 858 2547 1282 2618; baseline 0.007 -17"><span class='ocrx_word' id='word_1_287' title='bbox 858 2547 998 2605; x_wconf 84' lang='lat' dir='ltr'><strong>sibiVlIl.</strong></span> <span class='ocrx_word' id='word_1_288' title='bbox 1014 2551 1200 2604; x_wconf 87' lang='lat' dir='ltr'><strong>coniuratores</strong></span> <span class='ocrx_word' id='word_1_289' title='bbox 1215 2550 1282 2618; x_wconf 80' lang='lat' dir='ltr'><strong>legi-</strong></span> 
     </span>
     <span class='ocr_line' id='line_1_69' title="bbox 860 2619 1282 2692; baseline 0.007 -21"><span class='ocrx_word' id='word_1_290' title='bbox 860 2619 941 2671; x_wconf 87' lang='lat' dir='ltr'><strong>timos</strong></span> <span class='ocrx_word' id='word_1_291' title='bbox 970 2637 1005 2672; x_wconf 79' lang='lat' dir='ltr'><strong>ex</strong></span> <span class='ocrx_word' id='word_1_292' title='bbox 1038 2639 1072 2674; x_wconf 86' lang='lat' dir='ltr'><strong>ea</strong></span> <span class='ocrx_word' id='word_1_293' title='bbox 1092 2631 1180 2692; x_wconf 86' lang='lat' dir='ltr'><strong>parte,</strong></span> <span class='ocrx_word' id='word_1_294' title='bbox 1207 2623 1282 2680; x_wconf 85' lang='lat' dir='ltr'><strong>unde</strong></span> 
     </span>
     <span class='ocr_line' id='line_1_70' title="bbox 860 2690 1280 2763; baseline 0.002 -22"><span class='ocrx_word' id='word_1_295' title='bbox 860 2690 997 2762; x_wconf 85' lang='lat' dir='ltr'><strong>pulsatur,</strong></span> <span class='ocrx_word' id='word_1_296' title='bbox 1014 2691 1071 2746; x_wconf 81' lang='lat' dir='ltr'><strong>sive</strong></span> <span class='ocrx_word' id='word_1_297' title='bbox 1093 2691 1142 2744; x_wconf 91' lang='lat' dir='ltr'><strong>illa</strong></span> <span class='ocrx_word' id='word_1_298' title='bbox 1156 2699 1280 2763; x_wconf 81' lang='lat' dir='ltr'><strong>paterna,</strong></span> 
     </span>
     <span class='ocr_line' id='line_1_71' title="bbox 860 2759 1275 2827; baseline 0.012 -15"><span class='ocrx_word' id='word_1_299' title='bbox 860 2759 917 2813; x_wconf 82' lang='lat' dir='ltr'><strong>rive</strong></span> <span class='ocrx_word' id='word_1_300' title='bbox 949 2769 1071 2818; x_wconf 83' lang='lat' dir='ltr'><strong>materna</strong></span> <span class='ocrx_word' id='word_1_301' title='bbox 1095 2762 1147 2827; x_wconf 83' lang='lat' dir='ltr'><strong>rit,</strong></span> <span class='ocrx_word' id='word_1_302' title='bbox 1174 2771 1203 2814; x_wconf 88' lang='lat' dir='ltr'><strong>ct</strong></span> <span class='ocrx_word' id='word_1_303' title='bbox 1227 2761 1275 2817; x_wconf 88' lang='lat' dir='ltr'><strong>lv.</strong></span> 
     </span>
     <span class='ocr_line' id='line_1_72' title="bbox 861 2829 1278 2898; baseline 0.012 -18"><span class='ocrx_word' id='word_1_304' title='bbox 861 2829 974 2884; x_wconf 75' lang='lat' dir='ltr'><strong>aliunde</strong></span> <span class='ocrx_word' id='word_1_305' title='bbox 990 2833 1100 2885; x_wconf 88' lang='lat' dir='ltr'><strong>nomine</strong></span> <span class='ocrx_word' id='word_1_306' title='bbox 1124 2831 1278 2898; x_wconf 79' lang='lat' dir='ltr'><strong>legitimos,</strong></span> 
     </span>
     <span class='ocr_line' id='line_1_73' title="bbox 862 2900 1282 2956; baseline -0.002 -3"><span class='ocrx_word' id='word_1_307' title='bbox 862 2908 890 2953; x_wconf 87' lang='lat' dir='ltr'><strong>et</strong></span> <span class='ocrx_word' id='word_1_308' title='bbox 904 2900 1020 2955; x_wconf 87' lang='lat' dir='ltr'><strong>iurando</strong></span> <span class='ocrx_word' id='word_1_309' title='bbox 1052 2902 1176 2956; x_wconf 79' lang='lat' dir='ltr'><strong>vindicet</strong></span> <span class='ocrx_word' id='word_1_310' title='bbox 1197 2900 1282 2955; x_wconf 88' lang='lat' dir='ltr'><strong>liber-</strong></span> 
     </span>
     <span class='ocr_line' id='line_1_74' title="bbox 859 2973 1282 3054; baseline 0 -30"><span class='ocrx_word' id='word_1_311' title='bbox 859 2979 947 3024; x_wconf 81' lang='lat' dir='ltr'><strong>tatem</strong></span> <span class='ocrx_word' id='word_1_312' title='bbox 973 2987 1059 3028; x_wconf 81' lang='lat' dir='ltr'><strong>suam.</strong></span> <span class='ocrx_word' id='word_1_313' title='bbox 1095 2973 1178 3054; x_wconf 77' lang='lat' dir='ltr'><strong>Quod</strong></span> <span class='ocrx_word' id='word_1_314' title='bbox 1200 2973 1223 3024; x_wconf 83' lang='lat' dir='ltr'><strong>si</strong></span> <span class='ocrx_word' id='word_1_315' title='bbox 1248 2973 1282 3024; x_wconf 89' lang='lat' dir='ltr'><strong>de</strong></span> 
     </span>
     <span class='ocr_line' id='line_1_75' title="bbox 859 3042 1283 3113; baseline 0.005 -21"><span class='ocrx_word' id='word_1_316' title='bbox 859 3042 1005 3113; x_wconf 85' lang='lat' dir='ltr'><strong>propinqui</strong></span> <span class='ocrx_word' id='word_1_317' title='bbox 1021 3042 1176 3107; x_wconf 81' lang='lat' dir='ltr'><strong>defuerint,</strong></span> <span class='ocrx_word' id='word_1_318' title='bbox 1202 3043 1283 3097; x_wconf 77' lang='lat' dir='ltr'><strong>adsu-</strong></span> 
     </span>
     <span class='ocr_line' id='line_1_76' title="bbox 860 3111 1282 3184; baseline 0 -20"><span class='ocrx_word' id='word_1_319' title='bbox 860 3120 918 3164; x_wconf 83' lang='lat' dir='ltr'><strong>mat</strong></span> <span class='ocrx_word' id='word_1_320' title='bbox 934 3112 1121 3184; x_wconf 90' lang='lat' dir='ltr'><strong>undecunque</strong></span> <span class='ocrx_word' id='word_1_321' title='bbox 1135 3111 1282 3166; x_wconf 83' lang='lat' dir='ltr'><strong>duodecim</strong></span> 
     </span>
     <span class='ocr_line' id='line_1_77' title="bbox 860 3180 1280 3244; baseline 0.01 -11"><span class='ocrx_word' id='word_1_322' title='bbox 860 3180 961 3235; x_wconf 78' lang='lat' dir='ltr'><strong>liberos</strong></span> <span class='ocrx_word' id='word_1_323' title='bbox 974 3181 1096 3236; x_wconf 86' lang='lat' dir='ltr'><strong>homines</strong></span> <span class='ocrx_word' id='word_1_324' title='bbox 1110 3183 1234 3244; x_wconf 86' lang='lat' dir='ltr'><strong>idoneos,</strong></span> <span class='ocrx_word' id='word_1_325' title='bbox 1251 3190 1280 3237; x_wconf 82' lang='lat' dir='ltr'><strong>ct</strong></span> 
     </span>
     <span class='ocr_line' id='line_1_78' title="bbox 858 3252 1281 3324; baseline 0.005 -22"><span class='ocrx_word' id='word_1_326' title='bbox 858 3252 973 3304; x_wconf 84' lang='lat' dir='ltr'><strong>iurando</strong></span> <span class='ocrx_word' id='word_1_327' title='bbox 991 3254 1188 3324; x_wconf 81' lang='lat' dir='ltr'><strong>ingenuitatem</strong></span> <span class='ocrx_word' id='word_1_328' title='bbox 1205 3271 1281 3306; x_wconf 81' lang='lat' dir='ltr'><strong>suurn</strong></span> 
     </span>
     <span class='ocr_line' id='line_1_79' title="bbox 862 3320 1283 3380; baseline 0.007 -7"><span class='ocrx_word' id='word_1_329' title='bbox 862 3320 1004 3380; x_wconf 80' lang='lat' dir='ltr'><strong>defendat.</strong></span> <span class='ocrx_word' id='word_1_330' title='bbox 1046 3325 1140 3378; x_wconf 75' lang='lat' dir='ltr'><strong>Omnis</strong></span> <span class='ocrx_word' id='word_1_331' title='bbox 1174 3333 1283 3377; x_wconf 86' lang='lat' dir='ltr'><strong>contro·</strong></span> 
     </span>
     <span class='ocr_line' id='line_1_80' title="bbox 861 3393 1282 3450; baseline 0.007 -8"><span class='ocrx_word' id='word_1_332' title='bbox 861 3393 948 3446; x_wconf 83' lang='lat' dir='ltr'><strong>versia</strong></span> <span class='ocrx_word' id='word_1_333' title='bbox 994 3410 1084 3447; x_wconf 87' lang='lat' dir='ltr'><strong>coram</strong></span> <span class='ocrx_word' id='word_1_334' title='bbox 1124 3396 1282 3450; x_wconf 82' lang='lat' dir='ltr'><strong>centenario</strong></span> 
     </span>
     <span class='ocr_line' id='line_1_81' title="bbox 860 3460 1281 3535; baseline 0.005 -21"><span class='ocrx_word' id='word_1_335' title='bbox 860 3460 969 3515; x_wconf 81' lang='lat' dir='ltr'><strong>diffiniri</strong></span> <span class='ocrx_word' id='word_1_336' title='bbox 1014 3475 1124 3535; x_wconf 84' lang='lat' dir='ltr'><strong>potest,</strong></span> <span class='ocrx_word' id='word_1_337' title='bbox 1164 3475 1281 3535; x_wconf 80' lang='lat' dir='ltr'><strong>excepto</strong></span> 
     </span>
     <span class='ocr_line' id='line_1_82' title="bbox 860 3533 1284 3590; baseline 0.005 -4"><span class='ocrx_word' id='word_1_338' title='bbox 860 3533 1016 3588; x_wconf 82' lang='lat' dir='ltr'><strong>redditione</strong></span> <span class='ocrx_word' id='word_1_339' title='bbox 1032 3544 1123 3590; x_wconf 83' lang='lat' dir='ltr'><strong>terrac</strong></span> <span class='ocrx_word' id='word_1_340' title='bbox 1140 3544 1170 3590; x_wconf 82' lang='lat' dir='ltr'><strong>et</strong></span> <span class='ocrx_word' id='word_1_341' title='bbox 1182 3538 1284 3588; x_wconf 85' lang='lat' dir='ltr'><strong>maucl-</strong></span> 
     </span>
     <span class='ocr_line' id='line_1_83' title="bbox 856 3603 1284 3676; baseline 0.009 -22"><span class='ocrx_word' id='word_1_342' title='bbox 856 3603 972 3674; x_wconf 87' lang='lat' dir='ltr'><strong>piorum,</strong></span> <span class='ocrx_word' id='word_1_343' title='bbox 1001 3622 1075 3676; x_wconf 86' lang='lat' dir='ltr'><strong>quae</strong></span> <span class='ocrx_word' id='word_1_344' title='bbox 1099 3607 1206 3659; x_wconf 85' lang='lat' dir='ltr'><strong>nonnisi</strong></span> <span class='ocrx_word' id='word_1_345' title='bbox 1236 3623 1284 3658; x_wconf 68' lang='lat'><strong>00⁶</strong></span> 
     </span>
     <span class='ocr_line' id='line_1_84' title="bbox 859 3675 1233 3751; baseline 0 -24"><span class='ocrx_word' id='word_1_346' title='bbox 859 3689 915 3728; x_wconf 80' lang='lat' dir='ltr'><strong>raur</strong></span> <span class='ocrx_word' id='word_1_347' title='bbox 930 3675 1037 3732; x_wconf 79' lang='lat' dir='ltr'><strong>comite</strong></span> <span class='ocrx_word' id='word_1_348' title='bbox 1055 3677 1114 3734; x_wconf 82' lang='lat' dir='ltr'><strong>neri</strong></span> <span class='ocrx_word' id='word_1_349' title='bbox 1134 3685 1233 3751; x_wconf 85' lang='lat' dir='ltr'><strong>potert.</strong></span> 
     </span>
    </p>
   </div>
   <div class='ocr_carea' id='block_1_31' title="bbox 568 4015 861 4037">
    <p class='ocr_par' dir='ltr' id='par_1_34' title="bbox 568 4015 861 4037">
     <span class='ocr_line' id='line_1_85' title="bbox 568 4015 861 4037; baseline -0.003 0"><span class='ocrx_word' id='word_1_350' title='bbox 568 4015 861 4037; x_wconf 58' lang='lat' dir='ltr'><em>m</em></span> 
     </span>
    </p>
   </div>
   <div class='ocr_carea' id='block_1_32' title="bbox 0 0 1460 4984">
    <p class='ocr_par' dir='ltr' id='par_1_35' title="bbox 0 0 1460 4984">
     <span class='ocr_line' id='line_1_86' title="bbox 0 0 1460 4984; baseline 0 0"><span class='ocrx_word' id='word_1_351' title='bbox 0 0 1460 4984; x_wconf 95' lang='lat' dir='ltr'><strong> </strong></span> 
     </span>
    </p>
   </div>
  </div>
 </body>
</html>
