2910 4986
186 301 260 379 410
620 326 908 388 cssrrunnaiun

499 470 548 530 De
566 470 818 553 prouincialibus
845 469 1018 556 Episcopis.

268 578 356 639 XIII.
400 578 480 652 Item
502 577 536 638 in
560 579 673 641 eodem
686 580 854 659 Concilio,
879 600 1007 642 necnon
1027 587 1059 643 et
1088 578 1122 640 in
1140 577 1325 642 Chalcedo-

186 658 280 722 nensi
296 707 304 738 ,
323 671 359 722 ut
375 661 589 745 provinciales
604 662 755 745 Episcopi
772 684 845 724 cum
857 684 915 724 suo
934 662 1182 745 Metropolitano
1224 663 1273 724 bis
1290 664 1324 724 in

185 753 270 805 anno
283 751 417 829 propter
433 766 540 806 causas
560 745 725 807 Ecclesiae
743 745 891 807 Concilia
911 745 1085 807 celebrent.
1140 743 1222 806 thid.
1236 767 1262 807 c.
1280 747 1325 811 ιδ.

530 854 580 914 De
602 855 768 915 Manaclzis
790 866 820 914 et
842 853 982 914 Clericis.
1092 904 1097 910 .

265 960 353 1020 XIV.
395 960 432 1019 ln
456 960 606 1021 Concilio
636 959 847 1038 laodicensi,
874 980 1003 1020 necnon
1033 969 1065 1020 et
1091 958 1125 1018 in
1149 959 1323 1037 Africano,

184 1043 383 1124 praecipitur
409 1053 445 1102 ut
466 1043 617 1104 Monacbi
644 1052 676 1105 et
698 1044 819 1105 Clerici
841 1043 989 1104 tabernas
1010 1063 1076 1103 non
1100 1041 1327 1126 ingrediantur

184 1125 303 1187 edendi
327 1127 380 1188 vel
397 1125 530 1187 bibendi
552 1127 655 1188 causi.
698 1127 781 1188 Ibid.
802 1149 828 1188 c.
852 1127 898 1202 14.

388 1232 437 1293 Dc
459 1231 511 1292 die
533 1232 712 1306 dominica,
736 1234 873 1316 qualiter
893 1231 1047 1293 servanda
1068 1233 1119 1292 sit.

264 1339 337 1399 XV.
379 1339 461 1399 Item
491 1338 525 1398 in
558 1339 672 1400 eodem
694 1338 843 1400 Concilio
866 1337 1121 1421 praecipitarat
1148 1338 1165 1398 al
1193 1359 1327 1423 vespera

182 1441 284 1503 usqne
303 1421 342 1482 ad
359 1442 527 1504 vesperam
541 1421 613 1482 dies
636 1421 797 1482 dominica
818 1430 973 1482 servetur.
1015 1419 1099 1481 Ibid.
1120 1441 1145 1481 c.
1164 1422 1209 1483 15.

447 1529 504 1590 De
526 1529 641 1608 ignotis
661 1527 858 1608 Angelorum
875 1529 1061 1592 noniinibus.

266 1633 354 1694 XVI.
398 1634 480 1698 Itom
496 1632 531 1693 in
555 1634 669 1693 eodem
681 1633 838 1710 ‚Concilio
860 1633 1060 1716 praecipitur
1079 1641 1115 1692 ut
1135 1632 1244 1713 ignota
1260 1635 1326 1694 An-

136 1779 139 1786 ,
184 1714 333 1797 gaiorum
359 1715 491 1778 nomina
514 1737 574 1777 nec
597 1715 761 1798 fingantur
780 1738 840 1776 nec
861 1718 1088 1792 nominentur,
1109 1714 1171 1774 nisi
1192 1717 1326 1776 illorum
1350 1746 1357 1756 ·

182 1819 263 1878 quos
287 1797 443 1861 habemns
463 1798 497 1858 in
523 1799 722 1861 auctoritate.
760 1799 801 1860 Hi
817 1809 893 1860 sunt
908 1797 1048 1862 Michael
1059 1843 1068 1876 ,
1091 1797 1242 1877 Gabriel,
1260 1801 1324 1861 Ra-

180 1879 287 1963 phael.
328 1881 412 1943 Ibid.
426 1903 453 1942 c.
472 1881 517 1942 16.

408 1992 458 2051 De
473 1989 678 2068 mulieribus,
701 2013 740 2052 ne
761 1991 806 2051 ad
825 1991 925 2052 altare
946 1988 1106 2054 accedant.

264 2095 369 2160 XVII.
412 2098 493 2158 Item
515 2096 548 2156 in
572 2097 685 2158 eodem
704 2096 872 2174 Concilio,
897 2096 987 2176 quod
1008 2118 1074 2157 non
1093 2104 1238 2180 oporteat
1250 2117 1324 2155 mn-

182 2179 278 2242 lieres
298 2179 339 2240 ad
353 2179 452 2240 altare
472 2179 610 2261 ingredi.
651 2178 735 2246 Ibid.
753 2200 779 2246 c.
802 2201 846 2261 17.

351 2286 399 2346 Dc
418 2285 604 2373 Episcopis,
627 2287 681 2347 ubi
700 2308 764 2348 non
783 2299 926 2371 oporteat
947 2309 999 2348 eos
1014 2286 1169 2350 ordinari.

263 2393 384 2456 XVIII.
425 2395 508 2454 Item
529 2395 563 2454 in
589 2393 703 2454 eodem
740 2394 907 2473 Concilio,
933 2410 1066 2457 ‘necnon
1093 2404 1124 2456 et
1152 2394 1185 2455 in
1213 2383 1324 2454 Sardi·

184 2475 289 2553 censi,
323 2476 412 2557 quoti
435 2498 501 2537 non
529 2485 675 2560 oporteat
698 2477 733 2536 in
764 2478 892 2541 villulis
912 2478 963 2538 vel
987 2477 1021 2536 in
1043 2477 1126 2560 agris
1148 2476 1325 2560 Episcopos

184 2559 349 2620 constitui.
373 2559 451 2621 lbid
465 2583 491 2620 c.
508 2581 564 2642 19.Ι

308 2665 357 2725 Dc
378 2663 545 2751 Episcopis
567 2665 755 2736 ordinandis
776 2669 829 2729 uel
850 2667 1040 2749 qatibuslibet
1059 2685 1103 2726 eac
1119 2663 1220 2726 Clcrc.

268 2773 355 2835 XIX.
397 2773 479 2834 Item
498 2773 532 2832 in
553 2773 702 2835 Concilio
724 2772 1002 2849 Chalcedonensi,
1031 2769 1120 2853 qnod
1141 2789 1206 2830 non
1227 2788 1324 2848 opor-

183 2865 248 2918 teat
260 2856 457 2938 Episcopum
478 2865 536 2923 aut
553 2855 731 2938 quemlibet
748 2877 787 2917 ex
804 2857 892 2918 clero
928 2877 987 2938 per
1000 2851 1154 2936 pecunias
1170 2849 1324 2912 ordinari.

185 2939 251 3016 Qui
270 2937 399 3019 utrique
421 2938 608 3020 deponendi
622 2947 716 3015 sunt,
734 2941 836 3022 etqui
853 2938 997 3014 ordinat,
1020 2946 1051 2997 et
1069 2934 1125 3017 qui
1142 2933 1323 3007 ordinatur,

184 3042 313 3082 necnon
339 3021 445 3102 etqui
471 3022 628 3081 mediator
651 3031 697 3082 est
716 3021 803 3083 inter
826 3044 889 3084 eos.
934 3022 1014 3081 Item
1037 3019 1076 3080 dc
1097 3017 1262 3076 eademne
1286 3013 1321 3071 in

185 3103 372 3164 Canonibus
392 3103 641 3185 Apostolorum:
664 3104 703 3165 Si
722 3108 791 3184 quis
809 3105 986 3188 Episcopus
1009 3113 1063 3161 aut
1079 3098 1250 3174 Presbyter
1269 3107 1323 3154 aut

184 3188 346 3246 Diaconus
359 3206 419 3267 per
428 3189 578 3266 pecunias
595 3188 674 3246 banc
696 3187 867 3248 obtinuerit
883 3185 1088 3265 dignitatem,
1112 3179 1270 3240 deiciatur
1292 3189 1323 3235 et

184 3269 251 3349 ipse
271 3281 301 3327 et
321 3266 488 3328 ordinator
502 3269 585 3340 eius,
601 3281 631 3327 et
648 3270 667 3328 t
685 3271 899 3329 conamunione
916 3264 1106 3327 abscidatur.
1135 3259 1220 3358 ibid.
1234 3277 1262 3320 c.
1273 3279 1322 3318 21.

586 3375 636 3435 De
650 3376 742 3438 libris
757 3376 926 3436 canonicis.

202 3466 212 3473 ’
267 3477 344 3544 XX.
385 3480 470 3542 Item
495 3480 529 3541 in
546 3484 663 3545 eodem
684 3482 849 3562 Concilio,
875 3492 911 3542 ut
926 3477 1075 3542 canonici
1096 3472 1171 3538 libri
1197 3479 1322 3537 tantum

187 3567 338 3649 legantur
354 3563 388 3622 in
405 3563 561 3625 Ecclesia.
590 3563 779 3630 lainam.
1323 3571 1328 3586 ‘

466 3670 514 3730 Dc
533 3669 687 3756 maleficis
713 3673 761 3731 vel
785 3673 1042 3732 incantatoribus.

268 3771 362 3836 XXI.
404 3775 487 3838 Item
512 3775 545 3836 in
568 3777 681 3837 eodem
704 3777 871 3855 Concilio,
903 3786 940 3837 ut
964 3775 1131 3853 coclearii,
1163 3767 1321 3844 malefici,

187 3857 422 3934 incantatores,
447 3869 479 3919 et
495 3858 720 3920 incantatrices
739 3859 810 3918 lieri
835 3881 899 3919 non
924 3860 1087 3920 sinantur:
1111 3879 1192 3940 quos
1215 3855 1249 3912 in
1270 3853 1322 3914 Si·

187 3961 283 4004 mone
300 3962 391 4024 mago
404 3941 595 4004 terribiliter
609 3944 769 4004 Dominus
784 3942 954 4002 damnavit.
996 3941 1081 4003 lbid.
1096 3963 1122 4002 c.
1143 3939 1188 4001 18.
1249 4007 1253 4014 ,

401 4048 449 4105 De
468 4050 650 4127 Monacliis,
672 4048 804 4109 Clericis
813 4091 825 4118 ,
851 4059 881 4121 et
897 4046 1107 4124 Presbyteris.

269 4128 382 4192 XXII.
424 4129 508 4194 Item
533 4132 567 4192 in
596 4133 710 4196 eodem
733 4128 881 4194 Concilio
904 4129 989 4192 infra
1011 4131 1075 4194 duo
1098 4139 1140 4210 g)
1160 4125 1321 4213 capitula,

199 4241 436 4258 ..ιιι-ο*

222 4292 262 4353 g)
282 4285 314 4335 al.
335 4303 395 4338 mss.
417 4282 482 4342 tao.
