2910 4986
535 297 840 378 trannenrnns
1190 278 1264 354 427

127 444 178 506 his
198 443 295 508 rebus
314 465 397 527 quae
415 463 520 528 nuper
533 443 721 508 necessitate
741 443 955 528 compellente
972 443 987 506 i
1011 439 1177 504 nonnullis
1192 440 1257 508 Ec-

128 527 234 592 clesiis
252 533 330 590 sunt
350 526 488 604 ablatae,
510 536 542 596 et
564 528 590 589 si
616 549 680 610 qua
705 537 781 589 sunt
807 525 868 586 alia
890 527 955 586 sire
979 527 1011 585 in
1034 521 1256 588 ecclesiasticis

126 609 244 670 sivein
261 609 401 693 publicis
420 605 517 674 rebus
537 609 761 673 emendatione
786 609 900 691 digna,
924 630 1005 690 quae
1025 631 1083 692 pro
1104 604 1257 687 temporis

122 691 287 754 brevitate
319 691 443 752 efficere
470 691 696 774 nequivimus,
727 692 761 750 iu
785 701 908 752 tanuun
935 691 1150 753 differendum
1175 687 1256 747 illud

126 774 264 855 dignum
286 773 513 851 indicavimus,
536 775 660 851 donec,
678 779 818 836 Domino
838 775 985 850 struente,
1006 773 1157 834 consultu
1179 769 1260 830 fide-

127 857 227 933 lium,
253 857 387 917 facultas
410 856 503 916 uobis
524 857 557 918 id
583 856 760 918 deliniendi
784 857 823 916 ab
849 878 887 917 eo
911 855 1094 916 tribuatur.'
1124 855 1261 912 Inventa

126 960 206 999 reno
222 948 259 1002 ut
275 941 345 1000 Deo
366 947 405 1010 z)
425 938 606 1021 opitulante
632 939 781 1000 ellectum
806 939 973 1000 obtineant
1000 947 1080 1019 (per
1098 944 1260 1017 tempora,

130 1022 193 1082 iam
218 1020 388 1082 emendata
411 1030 508 1100 atque
528 1031 673 1083 correcta
692 1044 728 1084 ac
749 1021 894 1084 restituta
916 1021 1042 1106 scriptis
1066 1018 1255 1081 confirmare

135 1113 292 1186 optamus.
314 1107 354 1182 a)
393 1103 477 1167 Ibid.
496 1125 524 1164 c.
546 1125 595 1186 29.

551 1211 600 1271 De
618 1211 845 1297 Scriptoribns.

174 1313 283 1464 8(sili.
316 1305 521 1460 5llesoribis,
542 1327 579 1378 ut
599 1318 640 1392 b)
659 1341 724 1380 non
744 1317 858 1382 vitiosis
877 1317 1027 1380 scribant.
1070 1313 1203 1398 Capitol.
1222 1315 1267 1400 Ι,

128 1423 150 1461 ι
196 1421 216 1462 o
240 1443 248 1460 .
269 1420 297 1461 c.
337 1443 345 1460 .

418 1507 596 1570 De'sernis
610 1507 752 1592 propriis
772 1503 826 1568 vei
845 1500 979 1572 ancillis.

212 1608 303 1675 CVl.
341 1611 392 1674 De
416 1612 515 1674 serris
541 1613 680 1709 propriis
710 1614 763 1675 rel
796 1612 939 1690 ancillis,
969 1620 1005 1673 ut
1035 1611 1266 1695 non'amplins

129 1695 330 1758 tondeantur
345 1695 395 1756 vel
414 1697 583 1772 velentur,
606 1696 668 1757 ursi
689 1697 867 1757 secundum
886 1717 1068 1758 mensnram
1079 1741 1089 1774 ,
1112 1703 1144 1756 et
1158 1704 1204 1774 ,ut
1222 1694 1267 1754 ibi

133 1778 209 1844 satis
221 1779 291 1856 fiat,
312 1785 346 1838 et
363 1777 458 1848 villae
474 1799 540 1838 non
556 1779 621 1841 sint
635 1779 805 1840 desolatae.
846 1777 931 1841 Ibid.
951 1781 978 1839 c.
996 1799 1042 1842 rr.

517 1883 563 1946 Oe
579 1885 878 1967 congregationibus.

189 1946 324 2056 ..CVlL
364 1993 413 2054 De
444 1991 745 2074 congregationibus
775 1990 970 2074 superfluis,
1011 2000 1046 2051 ut
1080 1989 1267 2052 nullatenus

132 2074 229 2147 liant.;
255 2076 314 2138 sed
330 2083 434 2136 tantos
454 2077 644 2158 (congreget
664 2074 735 2157 quis
757 2075 885 2157 quantis
908 2073 1082 2136 consilium
1108 2073 1184 2135 dare
1205 2094 1266 2155 po-

132 2161 255 2236 testc).
297 2157 428 2222 Ibide.
453 2179 498 2218 ra.

554 2246 836 2349 De'putsann'bas.
1216 2306 1218 2313 s

216 2369 336 2438 CVIII·
374 2371 423 2431 De
444 2361 496 2430 his
523 2367 579 2450 qni
607 2390 672 2429 non
699 2368 782 2430 fiunt
809 2369 988 2432 secundnm
1014 2369 1161 2452 regulam
1190 2369 1266 2510 pul-

133 2453 212 2528 sati,
233 2463 270 2516 ut
285 2450 437 2536 deinceps
453 2453 668 2513 emendentur
682 2461 713 2512 et
730 2453 902 2536 pulsentur
916 2454 1096 2515 secundum
1111 2470 1192 2534 regn
1207 2474 1267 2513 am.

173 2536 218 2600 id.
237 2557 264 2598 c.
290 2536 335 2596 ιδ.

132 2540 172 2606 lb
351 2643 401 2702 De
419 2636 585 2722 infantulis
599 2640 735 2724 puellis,
757 2639 884 2723 quando
903 2638 1049 2703 velentur.

217 2747 300 2811 clx.
341 2750 382 2808 Ut
397 2747 575 2808 infantulae
593 2748 702 2808 aetatis
722 2746 850 2829 puellae
869 2746 913 2818 d)
930 2769 995 2806 non
1011 2746 1163 2806 velentur
1180 2751 1268 2809 ante·

133 2853 230 2914 quarn
247 2831 323 2891 illae
343 2829 462 2912 eligere
487 2831 588 2892 sciant
609 2830 687 2910 quid
708 2831 832 2908 velint,
852 2832 899 2905 (et
921 2829 1093 2914 pulsentur
1113 2832 1151 2904 e)
1178 2827 1266 2891 salva

135 2914 289 2979 canonici
308 2912 513 2975 anctoritate..
549 2911 633 2976 Ibid.
655 2933 681 2972 c.
704 2912 749 2986 td.

438 3018 488 3082 De
505 3018 702 3102 Praepositis
725 3015 965 3082 Monccirorunr.

220 3122 291 3188 CX.
333 3126 376 3185 Ut
395 3121 469 3183 laici
487 3145 553 3184 non
568 3122 632 3184 sint
648 3122 826 3204 Praepositi
842 3113 1076 3184 Monachorum
1095 3125 1177 3186 inira
1197 3147 1267 3188 mo-

134 3209 288 3280 nasteria;
310 3225 372 3268 nec
386 3205 612 3269 Archidiaconi
630 3204 694 3266 sint
711 3204 796 3266 laici.
838 3205 972 3272 Ibin-c,
992 3209 1054 3291 15,

571 3313 619 3373 Dc
635 3314 827 3372 incestuosis.

215 3420 298 3483 cxl.
340 3421 388 3481 De
411 3419 621 3496 incestuosis,
642 3428 678 3478 ut
699 3419 854 3481 canonicis
877 3422 1124 3498 examinentur,
1148 3432 1180 3484 et
1203 3445 1263 3486 nec

133 3513 266 3587 propter
288 3501 425 3566 alicuius
450 3501 621 3562 amicitiam
646 3503 776 3584 quidam
797 3505 1003 3583 relaxentur,
1032 3507 1164 3588 quidam
1188 3526 1266 3568 vero

134 3585 405 3668 constringantur.
446 3583 532 3648 thid.
552 3605 578 3644 c.
600 3583 643 3656 16,

147 3726 386 3748 με*

157 3839 202 3896 n)
220 3831 254 3885 al.
273 3851 331 3886 mn.
350 3832 478 3888 Domino.
756 3841 794 3900 c)
811 3835 845 3887 al.
870 3849 929 3886 mss.
959 3836 1135 3904 congregate*
1154 3836 1267 3903 parantis

824 3907 969 3958 consilium
995 3902 1182 3975 (subsidium)
1202 3901 1268 3956 dari

166 3941 205 4001 n)
222 3934 256 3988 al.
274 3953 333 3990 mss.
366 3949 418 4006 per·
450 3949 571 4004 lssmt’m
604 3937 673 4006 (ΡΜ
729 3953 731 3958 ’
824 3987 921 4045 potest.

235 4003 372 4077 tempore)
390 4005 434 4058 istc
448 4003 595 4058 inserenda
610 4023 673 4060 ceu·

213 4079 342 4154 Ιἰιιίιηιιι
683 4080 694 4100 “
756 4071 796 4140 d)
814 4076 847 4128 al.
866 4094 925 4129 mss.
942 4075 1086 4148 puellaris.

167 4179 203 4242 b)
223 4159 468 4262 al.n1ss.'lubemns
482 4190 512 4236 ut
525 4179 673 4256 scriptores
757 4186 792 4246 a)
809 4181 916 4240 Desunt
939 4180 968 4232 in
982 4180 1119 4255 plerisque
1135 4195 1196 4236 mcc.

235 4267 345 4325 qusque.
