2926 4984
171 265 248 343 ⁵08
581 280 882 343 ··carnaaaa1nn

101 503 104 508 Ι
168 427 287 491 'ordine
309 423 499 504 Missurum,
517 423 679 508 Episcopo
702 425 818 488 reddat
843 397 877 488 et
898 407 1061 496 ostendat„
1095 427 1138 492 Et
1157 409 1315 512 nuendo-

171 532 301 593 cunque
318 508 388 570 iure
409 509 568 568 canonico
586 509 764 590 Episcopus
781 510 958 574 circumeat
974 511 1160 594 parochiam
1171 512 1309 609 popploa

171 596 212 657 ad
234 592 481 668 confirmandos,
504 591 678 672 Presbyter
699 614 827 674 semper
849 606 977 676 paratus
999 596 1039 656 sit
1066 596 1105 656 ad
1127 617 1316 677 suscipien-

171 678 247 739 dum
270 675 466 757 Episcopum
484 695 559 735 cum
581 674 776 736 collectione
795 685 827 735 et
854 677 1016 739 adiutorio
1042 679 1155 761 populi
1182 677 1239 760 qui
1263 677 1314 738 ibi

170 758 353 821 confirmari
381 757 484 823 debet.
527 760 570 818 Et
588 758 621 842 in
639 758 746 816 Coena
769 760 899 819 Domini
917 783 1043 842 semper
1068 783 1188 822 norum
1204 759 1309 821 chris·

169 865 218 903 ma
239 841 449 923 abepiscopo
471 851 612 922 quaerat.
664 843 705 900 Ut
724 841 884 925 Episcopo
901 845 989 905 testis
1012 845 1140 907 adsistat
1156 842 1316 918 caritatis,

170 936 202 988 et
226 926 314 987 ritae
336 924 459 986 ettidei
489 923 700 985 etdoctrinae
727 923 824 986 illias.
867 928 1041 990 statuimus
1071 927 1167 988 etiam
1195 935 1231 986 ut
1262 945 1316 984 se··

169 1009 312 1070 cundum
348 1008 507 1068 cautelam
546 1028 656 1068 omnes
699 1007 919 1091 undecunque
956 1009 1225 1092 supervenientes
1258 1005 1309 1088 ig-

168 1102 261 1153 notos
285 1091 461 1172 Episcopos
479 1091 536 1150 vel
554 1089 764 1172 Presbyteros
784 1101 859 1153 ante
880 1093 1104 1174 probationem
1121 1089 1309 1176 synodalem

169 1176 202 1235 in
230 1173 486 1235 ecclesiasticum
508 1173 724 1234 ministeriam
751 1195 820 1234 non
842 1175 1094 1238 admitteremus.
1147 1170 1308 1236 Decrevi-

161 1280 239 1329 rnus
256 1277 387 1338 quoque
408 1267 444 1318 ut
465 1257 644 1318 secundum
666 1255 815 1318 Canones
833 1261 1057 1343 uuusquisque
1076 1259 1255 1341 Episcopus
1272 1253 1311 1312 in

168 1363 225 1402 sua
244 1339 394 1421 parochia
407 1340 663 1401 sollicitudinem
678 1338 803 1412 habeat,
824 1341 999 1403 adiurante
1014 1342 1165 1404 Grafione
1182 1339 1240 1422 qui
1255 1336 1314 1397 de*

169 1423 281 1484 fensor
300 1422 465 1484 Ecclesiae
482 1433 540 1499 est,
562 1432 598 1482 ut
614 1421 753 1502 populus
773 1423 833 1482 Dei
852 1425 1008 1506 Paganias
1034 1447 1098 1486 non
1116 1423 1227 1490 facian
1251 1416 1313 1479 sed

98 1517 101 1522 '
168 1515 205 1565 ut
226 1525 337 1565 omnes
359 1505 526 1584 spurcitias
548 1503 744 1565 Gentilitatis
761 1504 879 1566 abiciat
901 1518 934 1569 et
951 1516 1091 1588 respuat,
1114 1507 1182 1567 sire
1197 1502 1308 1585 profa-

168 1609 209 1647 na
230 1587 386 1648 sacrificia
408 1598 618 1664 mortuorum,
640 1589 708 1649 sire
723 1588 892 1670 sortilegos
906 1592 958 1652 rel
976 1590 1117 1664 divinos,
1139 1589 1208 1650 sive
1226 1584 1308 1666 phy·

168 1668 301 1732 lactaria
320 1679 350 1729 et
369 1673 523 1751 auguria,
545 1671 613 1732 sive
634 1670 883 1748 incantationes,
907 1672 975 1734 sire
999 1672 1120 1734 hostias
1141 1664 1313 1730 immolati-

167 1752 247 1827 tias,
269 1773 349 1831 qraas
373 1754 462 1814 stulti
484 1753 632 1814 homines
650 1753 737 1814 iuxta
758 1753 920 1816 Ecclesiae
942 1757 1009 1816 ritu
1032 1774 1156 1837 pagano
1182 1750 1309 1811 faciunt

168 1833 228 1898 sub
247 1834 377 1894 nomine
393 1845 575 1897 sanctorum
593 1837 771 1920 Martyrum
789 1838 841 1897 vel
865 1839 1127 1914 (Conlessorum
1148 1839 1254 1896 Deum
1276 1837 1308 1890 et

167 1939 242 1980 suos
257 1923 283 1993 ν)
306 1919 439 1979 San-ctos
464 1920 504 1978 ad
522 1920 725 1980 iracundiam
741 1930 967 1999 provocantes,
989 1921 1058 1982 sir-e
1081 1919 1155 1980 illos
1172 1915 1307 1978 sacrile-

168 2021 224 2077 pos
238 2000 328 2080 ignes
343 2022 424 2080 quos
441 2000 631 2074 Necdfratres
647 2011 774 2074 vocant,
787 2003 854 2064 siae
866 2025 988 2079 omnes,
1002 2021 1216 2085 quaecunque
1231 2003 1309 2060 sunt

165 2084 369 2168 Paganorum
390 2083 631 2145 observationes
648 2086 823 2166 diligenter
839 2086 1039 2166 prohibeant.
1074 2084 1254 2147 Statuimus
1265 2079 1307 2140 ai·

167 2165 290 2225 militer
307 2173 342 2222 ut
362 2166 386 2225 si
405 2175 475 2245 post
493 2165 579 2226 lianc
594 2169 765 2249 synodum,
788 2191 871 2249 quae
886 2170 946 2228 suit
968 2192 1008 2234 rr.
1019 2167 1181 2229 Kalendas
1193 2164 1304 2238 Maias,

169 2247 404 2327 unusquisquis
427 2269 592 2308 serrorum
610 2251 670 2310 Dei
696 2252 747 2311 rel
767 2251 960 2311 ancillarum
980 2251 1099 2311 Christi
1123 2249 1155 2308 in
1179 2246 1303 2308 crimen

167 2329 391 2392 fornicationis
423 2331 530 2411 lapsus
555 2332 664 2404 fuerit,
687 2344 722 2393 nt
747 2334 779 2392 in
802 2355 929 2394 carcere
954 2331 1185 2414 poenitentiam
1208 2327 1305 2388 faciat

168 2414 202 2473 in
223 2433 305 2494 pane
322 2423 354 2471 et
371 2435 464 2493 aqna,
507 2416 548 2473 Et
564 2415 588 2474 si
603 2416 768 2477 ord-inatus
787 2417 959 2499 Presbyter
977 2417 1029 2486 sit,
1053 2415 1133 2475 daos
1154 2431 1255 2471 annos
1270 2408 1305 2467 in

167 2516 296 2567 carcere
315 2505 509 2572 permaneat,
533 2507 565 2555 et
582 2507 674 2557 antea
689 2497 868 2576 flagellatus
883 2509 915 2559 et
937 2491 1125 2560 scorticatus
1139 2495 1303 2561 videntum

168 2590 201 2640 et
223 2586 295 2656 post
314 2577 492 2659 Episcopus
512 2580 676 2658 adaugeat,
719 2583 751 2642 Si
773 2591 878 2641 autem
892 2581 1038 2641 Clericus
1056 2580 1108 2639 vel
1128 2574 1306 2638 Monachus

168 2663 200 2722 in
224 2661 287 2720 hoc
310 2672 475 2738 peecatum
498 2657 662 2738 ceciderit,
681 2674 751 2744 post
766 2664 892 2723 tertiam
913 2664 1169 2725 verberationem
1186 2659 1222 2717 in
1234 2677 1306 2718 car-

168 2766 277 2806 cerem
291 2744 416 2818 missua,
440 2751 623 2806 vertentem
640 2768 761 2805 annum
778 2747 819 2807 ibi
837 2746 1074 2827 poenitentiona-
1090 2751 1169 2825 agat.
1214 2737 1309 2800 Simi-

168 2829 245 2889 liter
267 2836 299 2887 et
319 2827 489 2887 Nonnanes
517 2829 639 2887 relatae
663 2829 774 2888 eadem
795 2821 994 2908 poenitentia
1010 2825 1251 2897 contineantur,
1275 2828 1309 2880 et

168 2911 325 2972 radantur
351 2931 461 2969 omnes
489 2911 596 2992 capilli
622 2911 736 2989 capitis
760 2911 838 2976 eius.
882 2911 1090 2971 Decrevirnns
1115 2926 1245 2987 qraoqne
1270 2911 1308 2962 ut

168 2992 351 3074 Presbyteri
374 2993 425 3051 vel
442 2993 577 3054 Diaconi
602 3015 665 3052 non
685 2995 776 3069 sagis,
791 2993 965 3054 Laicornm
991 3014 1089 3066 more,
1112 2990 1167 3051 sed
1188 2985 1308 3046 casulis

169 3084 305 3134 utantur
327 3075 393 3148 ritu
413 3097 582 3136 servorum
597 3075 667 3134 Dei.
709 3079 751 3137 Et
767 3077 876 3137 nullus
894 3075 927 3135 in
949 3099 1003 3136 sna
1024 3076 1118 3135 domo
1136 3069 1306 3130 mulierem

168 3156 313 3218 habitare
343 3157 511 3237 permittat.
555 3160 595 3222 Et
619 3168 655 3217 ut
678 3159 826 3219 tlonachi
848 3169 879 3219 et
901 3159 1039 3218 ancillae
1060 3155 1121 3217 Dei
1145 3160 1307 3212 monaste-

169 3240 267 3299 riales
287 3238 374 3297 iuxta
393 3241 537 3318 regulam
554 3241 653 3300 sancti
672 3242 838 3301 Benedicti
861 3242 1016 3301 coenobia
1034 3239 1086 3299 rel
1103 3231 1309 3297 xenodochia

106 3337 110 3344 “
170 3344 226 3383 sua
244 3320 405 3390 ordinare,
420 3323 613 3397 gnbernare,
630 3333 661 3381 et
678 3323 787 3383 rivere
803 3324 961 3392 studeant,
985 3332 1017 3382 et
1032 3321 1126 3382 vitam
1148 3315 1311 3397 propriam

170 3403 290 3484 degere
303 3404 481 3462 secundam
496 3405 650 3484 praedicti
666 3407 770 3466 Patris
791 3405 1030 3466 ordinationem
1047 3424 1109 3463 non
1126 3399 1309 3479 neglegant.

172 3485 307 3568 Capitol.
334 3489 356 3544 Ι.
381 3485 564 3546 Ilarlmann.
588 3511 615 3547 a.
640 3489 727 3566 742.2
752 3488 886 3571 Capitnl.
912 3489 1036 3570 Pr'ppin.
1059 3510 1087 3544 a.
1110 3481 1181 3562 744.

172 3597 254 3654 Item
264 3593 366 3651 altera
383 3591 565 3668 Synodnsla
587 3593 777 3670 supradictis
789 3593 954 3667 Epr‘scopr's
974 3613 1008 3652 ac
1023 3588 1171 3658 Principe
1186 3595 1312 3668 aposto·

275 3676 337 3734 lica
357 3675 544 3733 crcctoritate
564 3674 724 3733 Kalendas
743 3675 877 3734 Martias
900 3667 1043 3757 Liptinas
1068 3670 1184 3733 habita.

201 3853 204 3858 v
254 3781 311 3844 lll.
353 3779 449 3839 Modo
464 3780 496 3837 in
519 3775 581 3837 hac
600 3778 747 3860 synodali
762 3778 931 3839 Conventa
951 3777 1005 3857 qui
1029 3784 1242 3857 congregatus
1263 3784 1312 3836 est

172 3861 336 3924 Kalendas
359 3862 487 3922 Martias
510 3862 539 3919 in
567 3863 636 3921 loco
659 3861 714 3941 qui
743 3861 862 3922 dicitur
884 3861 1047 3940 Liptinas,
1076 3879 1186 3918 omnes
1210 3878 1311 3918 rene·

172 3945 290 4005 rabiles
314 3944 504 4004 Sacerdotes
527 3944 586 4004 Dei
603 3954 635 4002 et
658 3944 796 4004 Comites
813 3953 844 4003 et
866 3940 1023 4003 Praefecti
1048 3940 1166 4020 prioris
1187 3936 1311 4020 Synodi

116 4025 117 4032 '
174 4028 304 4089 decreta
322 4025 565 4088 consentientes
587 4025 814 4102 firmaverunt,
837 4045 936 4106 seque
957 4043 995 4084 ea
1014 4021 1150 4105 implere
1175 4022 1259 4085 relle
1279 4028 1313 4081 et
1370 4103 1371 4108 ἵ
1420 4067 1424 4074 ,

188 4179 414 4192 *σαι-...ιι-

212 4251 242 4320 ν)
262 4250 295 4302 al.
315 4267 362 4300 ms.
384 4247 576 4320 Confusarum
594 4246 716 4306 Domini,
734 4258 761 4298 et
775 4263 840 4298 auca
