2926 4984
220 265 316 360 542,
643 283 942 342 ,cerumtamen
996 303 1000 310 ·

479 423 529 483 De
551 420 684 483 conlatis
705 422 865 486 Ecclesiae
887 423 1083 496 dividendis,

301 499 420 570 CCIX.
464 503 625 576 Statutum
646 515 695 565 est
714 517 749 567 ut
764 507 921 587 quicquid
938 519 1080 592 tempore
1096 507 1222 592 imperii
1246 508 1351 570 nostri

217 591 237 653 h
262 588 417 651 fidelibus
439 584 603 647 Ecclesiae
629 597 742 668 sponte
773 589 936 650 conlatum
964 591 1080 668 suerit,
1119 591 1152 650 in
1177 592 1351 652 ditioribus

216 674 298 735 locis
319 672 396 733 duas
415 677 522 750 partes
540 669 573 727 in
597 689 671 728 usus
688 691 877 751 pauperum,
899 661 1025 732 tertiam
1050 673 1083 731 in
1110 673 1271 756 stipendia
1288 694 1352 755 ¹ce-

216 757 295 818 dere
316 751 518 814 Clericorum
539 759 594 809 aut
623 751 872 831 Monachorum,
894 754 936 830 ‚in
957 753 1134 817 minoribus
1160 777 1237 818 vero
1267 755 1352 816 locis

215 858 320 918 aeque
342 837 428 894 inter
448 833 618 895 clerum‘et
631 855 788 915 pauperes
805 835 875 897 fore
901 836 1121 914 dividendum,
1144 837 1207 899 nisi
1224 837 1242 898 h
1258 835 1354 900 'dato-

217 920 308 982 ribus
326 915 447 977 alicubi
473 915 655 998 specialiter
669 916 758 976 datae
772 918 905 982 fuerint.
947 917 1031 979 leid.
1053 940 1078 980 c.
1100 921 1151 985 80.
1264 911 1267 922 ¹

545 996 594 1055 De
612 995 811 1058 ordinatione
831 1019 1013 1065 servorum.

301 1078 402 1144 CCX.
443 1079 492 1139 De
512 1099 678 1140 servorum
697 1079 920 1158 onlinatione,
948 1083 1006 1163 qui
1029 1083 1144 1165 passim
1167 1084 1207 1144 ad
1229 1083 1351 1166 gradus

220 1162 455 1229 ecclesiasticos
471 1160 643 1221 indiscrete
666 1163 946 1242 promovebantur,
967 1165 1090 1246 placuit
1108 1166 1257 1230 omnibus
1276 1188 1353 1227 cum

220 1247 318 1312 sacris
345 1241 532 1306 Canonibus
554 1243 749 1304 concordare
770 1244 897 1312 debere.
940 1246 978 1307 td
1003 1247 1088 1308 enim
1113 1257 1268 1308 statutum
1291 1258 1351 1326 est,

220 1342 258 1393 ut
271 1328 382 1390 nullus
394 1323 626 1406 Episcoporum
638 1324 789 1407 deinceps
800 1349 854 1388 eos
868 1329 907 1390 ad
917 1350 1021 1391 sacros
1034 1330 1164 1391 ordines
1181 1351 1352 1412 promove·

219 1435 256 1476 re
276 1417 468 1492 praesumat,
491 1406 553 1467 nisi
573 1407 662 1488 prius
682 1406 699 1466 a
716 1407 853 1470 dominis
872 1411 1011 1492 propriis
1037 1411 1218 1472 libertatem
1238 1433 1351 1474 conse·

220 1493 288 1557 euti
307 1489 439 1553 fuerint.
469 1489 512 1549 Et
527 1487 553 1548 si
574 1488 711 1570 quilibet
724 1511 834 1552 servus
849 1492 1013 1553 dominum
1031 1515 1126 1554 suum
1143 1495 1283 1576 fugiens,
1295 1504 1351 1558 aut

218 1577 360 1650 latitans,
383 1581 438 1632 aut
459 1569 609 1632 adhibitis
623 1571 757 1631 testibus
768 1594 902 1635 munere
919 1575 1086 1636 conductis
1104 1577 1157 1636 vel
1178 1576 1350 1660 corruptis,

220 1669 276 1719 aut
293 1653 440 1737 qualibet
451 1652 626 1714 calliditate
641 1654 694 1714 vel
707 1655 820 1715 frande
841 1656 881 1716 ad
901 1656 1014 1739 gradus
1033 1657 1263 1720 ecclesiasticos
1279 1680 1352 1741 per·

217 1738 356 1812 venerit,
379 1737 544 1797 decretum
561 1745 608 1796 est
628 1744 663 1794 ut
673 1735 863 1816 deponatur,
878 1749 910 1800 et
929 1739 1077 1800 dominus
1089 1740 1157 1800 eius
1176 1762 1250 1801 eum
1264 1742 1351 1802 reci·
1404 1747 1406 1755 '
1452 1803 1453 1808 ,

221 1821 299 1906 piat.
340 1818 376 1880 Si
394 1838 472 1878 vero
493 1815 666 1898 patereius
686 1818 739 1878 vel
761 1827 863 1880 mater
883 1821 921 1881 ab
943 1821 1006 1880 alia
1031 1823 1132 1903 patria
1155 1823 1297 1904 migrans
1314 1823 1349 1883 in
1452 1809 1453 1830 ¹

221 1904 333 1966 eadem
349 1898 515 1983 provincia
533 1898 637 1958 filium
651 1901 809 1981 genuerit,
825 1911 857 1961 et
874 1901 941 1984 ipse
956 1902 1041 1963 filius
1054 1903 1175 1964 ibidem
1194 1906 1349 1968 educatus

221 1995 254 2047 et
271 1984 311 2044 ad
325 1982 441 2065 gradus
457 1980 689 2044 ecclesiasticos
708 1993 869 2064 promotus
887 1986 996 2061 fuerit,
1014 1993 1045 2046 et
1060 1994 1169 2046 utrum
1185 2008 1296 2047 servus
1309 1988 1352 2049 sit

220 2063 430 2150 ignoraverit,
455 2072 487 2123 et
508 2073 617 2143 postea
634 2065 768 2128 veniens
787 2065 935 2128 dominus
954 2067 1043 2127 illius
1059 2068 1184 2148 legibus
1207 2090 1282 2129 eum
1298 2069 1351 2129 ad-

220 2146 383 2232 quisierit,
405 2141 563 2206 sancitum
583 2154 630 2204 est
648 2154 684 2204 ut
704 2147 729 2207 si
747 2146 896 2210 dominus
918 2147 986 2210 eius
1008 2150 1058 2209 illi
1076 2151 1258 2212 libertatem
1274 2152 1351 2212 dare

221 2228 377 2304 voluerit,
400 2226 433 2286 in
457 2225 557 2308 gradu
573 2247 630 2286 sno
648 2237 842 2306 permaneat.
882 2231 916 2290 Si
935 2253 1011 2291 vero
1024 2253 1098 2292 eum
1117 2241 1230 2293 catena
1251 2233 1351 2296 servi-

221 2311 300 2376 tutis
321 2311 338 2370 h
362 2307 470 2371 castris
495 2307 665 2369 dominicis
690 2309 858 2371 extrahere
879 2313 1036 2390 voluerit,
1059 2314 1192 2395 gradum
1215 2315 1349 2393 amittat,

222 2394 301 2478 quia
321 2392 410 2451 iuxta
432 2411 535 2452 sacros
557 2391 686 2452 ordines
700 2391 772 2451 vilis
792 2414 926 2472 persona
943 2416 1075 2456 manens
1094 2397 1264 2457 sacerdotii
1282 2398 1354 2478 dig-

223 2477 324 2538 nitate
347 2471 441 2554 fungi
464 2488 528 2532 non
551 2481 665 2554 potest.
704 2475 753 2533 De
772 2473 868 2536 rebus
880 2498 955 2538 vero
975 2476 1105 2538 illorum
1124 2478 1177 2541 vel
1190 2479 1354 2559 peculiare

222 2557 280 2643 qui
302 2557 320 2616 a
337 2554 477 2637 propriis
499 2554 637 2614 dominis
651 2555 797 2616 libertate
819 2557 982 2619 donantur
996 2571 1032 2620 ut
1050 2562 1090 2622 ad
1113 2561 1229 2643 gradus
1246 2561 1355 2622 eccle·-
1451 2554 1452 2594 ³

221 2638 365 2704 siasticos
388 2637 460 2696 iure
477 2647 737 2718 promoveantur,
760 2646 914 2699 statutum
927 2649 974 2701 est
986 2651 1022 2700 ut
1034 2641 1067 2702 in
1083 2653 1237 2723 potestate
1256 2641 1355 2704 domi-

223 2741 341 2786 norum
362 2718 514 2781 consistat
529 2728 636 2778 utrum
653 2717 718 2780 illis
733 2720 909 2784 concedere
926 2742 965 2781 an
981 2723 1041 2783 sibi
1060 2723 1224 2784 vindicare
1240 2725 1354 2786 velint.

224 2807 408 2879 Caeterum,
430 2799 458 2862 si
475 2810 548 2882 post
565 2800 799 2862 ordinationem
819 2802 942 2885 aliquid
957 2803 1180 2885 adquisierint,
1196 2804 1280 2866 illud
1297 2805 1355 2866 ob-

222 2895 369 2956 servetur
399 2883 487 2965 quod
516 2882 550 2943 in
574 2883 749 2944 canonibus
775 2884 815 2944 de
836 2887 1027 2947 consecratis
1055 2887 1137 2946 nihil
1163 2887 1355 2948 habentibus

224 2967 438 3031 constitutum
455 2975 511 3027 est.
572 2968 621 3028 De
638 2964 855 3026 Ecclesiarum
868 2988 945 3027 vero
966 2968 1067 3030 servis
1092 2970 1255 3030 communi
1278 2991 1354 3030 sen-

224 3049 326 3113 tentia
353 3049 520 3109 decretum
546 3056 648 3108 estut
671 3045 912 3129 Archiepiseopi
932 3070 992 3132 per
1012 3049 1153 3133 singulas
1173 3051 1353 3132 provincias

224 3130 391 3194 constituti
418 3138 557 3190 nostram
580 3129 802 3190 auctoritatem
820 3128 976 3207 habeant,
999 3133 1190 3215 suffraganei
1212 3155 1290 3195 vero
1312 3131 1355 3192 il-

226 3211 334 3277 lorum
356 3210 521 3292 exemplar
536 3208 632 3271 'illius
655 3232 754 3290 penes
771 3233 804 3273 se
828 3211 975 3277 habeant.
1029 3216 1071 3276 Et
1091 3215 1355 3295 quandocunque

226 3297 267 3358 de
295 3294 416 3354 familia
438 3292 602 3354 Ecclesiae
629 3292 717 3353 utilis
745 3293 896 3355 inventus
922 3294 1037 3375 aliquis
1060 3296 1259 3357 ordinandus
1285 3305 1354 3372 est,

227 3378 261 3438 in
283 3376 419 3436 umbone
448 3375 517 3457 ipsa
543 3373 713 3435 auctoritas
748 3397 854 3435 coram
880 3375 1002 3457 populo
1033 3377 1159 3460 legatur
1187 3389 1221 3440 et
1249 3399 1355 3439 coram

227 3456 476 3532 Sacerdotibus,
497 3457 550 3517 vel
576 3477 683 3516 coram
711 3456 859 3518 fidelibus
884 3458 993 3535 laicis,
1017 3469 1049 3520 et
1077 3470 1150 3520 ante
1180 3482 1283 3520 cornu
1306 3461 1354 3518 al-

227 3540 324 3617 taris,
350 3539 434 3600 sicut
460 3538 493 3597 in
522 3548 630 3599 nostra
654 3538 842 3600 auctoritate
870 3540 1072 3618 continetur,
1105 3553 1226 3602 remota
1248 3540 1355 3622 quali-

226 3625 282 3686 bet
298 3621 486 3693 ealliditate,
500 3621 678 3681 libertatem
693 3631 923 3702 consequatur,
951 3631 982 3682 et
996 3632 1075 3686 tunc
1093 3622 1220 3683 demum
1236 3623 1277 3683 ad
1291 3644 1357 3704 gra-

229 3707 289 3768 dus
310 3702 543 3764 ecclesiasticos
561 3711 792 3782 promoveatur.
821 3704 976 3764 Similiter
994 3726 1123 3786 quoque
1138 3706 1177 3766 ‹le
1192 3705 1242 3765 his
1257 3726 1356 3785 agen-

228 3789 308 3849 dum
327 3796 374 3847 est
397 3806 477 3868 quos
500 3785 575 3844 laici
595 3784 634 3844 de
654 3785 776 3844 familia
795 3787 1012 3848 Ecclesiarum
1036 3789 1076 3848 ad
1096 3808 1201 3849 sacros
1226 3788 1356 3848 ordines

228 3889 420 3954 promovere
437 3867 612 3931 noluerint.
626 3866 699 3926 'Sed
715 3873 748 3926 et
767 3867 806 3927 de
820 3867 869 3930 his
885 3890 965 3952 quos
983 3871 1160 3951 Praepositi
1180 3869 1358 3930 Canonico-

228 3970 302 4012 rum
317 3960 373 4011 aut
391 3947 624 4010 Monachorum
646 3947 842 4010 ordinandos
868 3950 1103 4034 expetiverint,
1125 3953 1236 4013 eadem
1256 3951 1358 4011 forma

227 4033 387 4098 servanda
402 4038 458 4090 est.
497 4029 582 4095 Ibid,
601 4052 626 4089 c.
645 4030 694 4094 82.

353 4116 402 4173 De
425 4113 569 4195 personis
594 4113 613 4171 ὰ
634 4113 745 4195 quibas
768 4132 832 4174 non
858 4126 929 4174 sunt
951 4134 1000 4174 res
1026 4114 1234 4199 accipiendae.

311 4192 430 4259 ccxl.
473 4194 634 4257 statutum
654 4202 754 4258 estut
776 4195 887 4265 nullus
904 4195 1042 4282 quilibet
1058 4197 1293 4261 ecclesiasticus
1320 4197 1358 4263 ab
