2910 4986
154 361 157 370 ·
194 314 272 390 460
619 323 909 394 cancerauma

6 507 8 516 .
100 491 102 496 '
194 477 264 540 eius
283 495 364 557 quae
382 473 416 534 in
432 474 577 538 bannum
588 474 701 537 missae
723 487 799 539 sunt
814 479 883 540 Rex
906 476 1145 558 interrogetur,
1175 486 1208 539 et
1229 475 1331 560 quic-

193 559 274 642 quid
287 558 364 618 inde
382 558 596 636 iudicaverit,
620 560 681 620 liat.
702 561 810 622 Prima
831 559 988 621 mannitio
1003 581 1101 641 super
1122 570 1234 622 noctes
1258 580 1334 640 sep-

193 651 275 718 tem,
297 642 438 702 secunda
460 664 558 724 super
576 653 686 704 noctes
702 642 966 725 quatuordecim,
989 642 1084 703 tertia
1104 663 1202 724 super
1217 649 1328 702 noctes

194 724 319 806 vigi-nti
332 733 364 784 et
378 747 485 800 unam,
507 735 619 807 quarta
638 749 735 809 super
750 736 860 788 noctes
885 727 1096 808 quadraginta
1113 734 1146 785 et
1169 725 1246 786 duas
1263 723 1329 782 fiat.

195 805 352 868 Similiter
367 816 399 866 et
418 808 457 869 de
478 808 638 870 beneficio
665 809 824 885 hominis,
846 809 872 870 si
900 811 982 870 forte
1009 830 1059 869 res
1083 808 1228 889 proprias
1261 827 1331 864 uon

193 889 360 966 habuerit,
389 890 536 954 mittatur
562 891 599 950 in
628 891 771 956 bannum
795 913 971 974 usquequo.
998 892 1070 955 Rex·
1100 889 1329 974 interrogetur.

196 972 280 1038 ibid.
303 994 328 1033 c.
353 973 402 1032 35.

623 1057 671 1117 De
690 1072 816 1120 auctore
840 1067 901 1121 ret.

280 1160 399 1222 XLVI.
436 1159 471 1225 Si
488 1171 600 1221 auctor
620 1164 757 1242 venerit,
772 1173 808 1230 et¹
823 1186 892 1228 rem
906 1162 1102 1223 intertiatam
1117 1162 1263 1244 recipere
1282 1180 1333 1222 re·

201 1243 332 1319 onorii,
356 1264 467 1324 campo
483 1246 535 1315 ¹vel
553 1267 647 1306 cruce
664 1247 872 1312 contendunt.
915 1246 1000 1310 Ibid.
1019 1269 1045 1311 c.
1062 1245 1112 1310 55.

200 1351 249 1410 De
267 1350 445 1410 homiuibus
464 1349 509 1409 ud
526 1363 656 1412 mortem
674 1351 876 1425 diiudicatis,
900 1366 930 1412 et
957 1367 1068 1435 postea
1091 1353 1137 1411 eis
1160 1337 1229 1414 citu
1254 1370 1332 1411 con·

495 1454 601 1504 cessa,
625 1436 653 1493 si
674 1437 826 1494 iustitiam
843 1438 1043 1517 quiaesierint.

282 1515 411 1576 XLVII.
452 1519 501 1576 De
521 1515 586 1576 illis
604 1516 788 1578 homiuibus
807 1517 864 1597 qui
883 1527 1015 1599 propter
1035 1538 1147 1577 eorum
1161 1513 1273 1595 culpas
1293 1514 1336 1574 ad:

200 1606 336 1657 mortem
353 1596 519 1661 diiudicati
547 1599 688 1679 fuerint,
710 1611 742 1662 et
766 1609 873 1680 postea
891 1600 1022 1668 elsnita
1042 1599 1141 1660 fuerit
1163 1617 1333 1671 concessa,

201 1677 229 1738 si
265 1679 325 1760 ipsi
360 1679 513 1742 iustitiam
534 1681 572 1740 ab
594 1682 666 1744 aliis
687 1682 923 1764 requisierint,
950 1692 1007 1742 aut
1032 1683 1071 1742 ab
1100 1681 1146 1742 eis
1180 1679 1339 1740 iustitiam·

202 1775 373 1841 quaerere
391 1762 570 1838 voluerint,
605 1767 744 1845 qualiter
772 1765 857 1824 inter
886 1765 959 1826 illos
993 1763 1150 1824 iudicium
1176 1761 1337 1822 termine-

201 1851 266 1905 tur.
329 1845 438 1914 Primo
466 1846 611 1907 omnium
644 1847 682 1908 de
719 1848 784 1909 illis
819 1847 923 1908 causis
959 1866 1018 1928 pro
1058 1846 1175 1928 quihus
1209 1843 1338 1904 iudica«

202 1935 255 1987 tus
281 1928 380 1992 fuerit
408 1929 449 1990 ad
477 1939 629 2005 mortem,
665 1931 789 1991 nullam
820 1938 923 2012 potest
961 1931 1068 1989 facere
1098 1926 1336 2009 repetitionem,

203 2010 280 2092 quia
318 2032 429 2072 omnes
468 2033 520 2072 res
560 2033 668 2088 suae,
703 2013 881 2075 secundum
919 2011 1077 2073 iudicium
1112 2013 1339 2084 Francorum,

203 2093 238 2152 in
254 2093 385 2172 publico
407 2095 539 2154 fuerunt
555 2105 733 2156 revocatae.
783 2096 826 2155 Et
859 2095 885 2156 si
911 2095 1035 2177 aliquid
1061 2094 1093 2152 in
1118 2090 1337 2173 postmodum,

203 2183 375 2257 postquam
387 2176 418 2238 ei
433 2176 498 2237 vita
517 2198 667 2238 concessa
684 2185 741 2250 est,
761 2199 835 2238 cum
854 2177 973 2238 iustitia
993 2176 1164 2257 adquirere
1182 2173 1337 2256 potuerit,

204 2257 240 2316 in
256 2279 313 2316 sua
335 2258 482 2319 libertate
500 2267 608 2318 teneat
628 2269 659 2319 et
680 2259 832 2320 defendat
848 2260 1027 2321 secundum
1053 2260 1167 2339 legem.
1213 2255 1249 2314 ln
1271 2265 1340 2314 tes*

205 2340 378 2400 timonium
404 2363 468 2400 non
490 2341 698 2422 suscipiatur,
721 2365 780 2403 nec
801 2342 887 2402 inter
906 2342 1080 2402 scabineos
1101 2339 1140 2398 ad
1163 2339 1268 2418 legem
1286 2338 1339 2396 iu*

206 2421 542 2484 dicandamteneatur.
584 2427 625 2484 Et
643 2425 669 2485 si
687 2425 971 2485 adsacramen-tum
984 2421 1108 2504 ailquid
1122 2420 1343 2480 eiiudicatum-

208 2505 311 2564 fuerit
324 2507 412 2585 quod
424 2505 529 2565 iurare
549 2507 683 2583 debeat,
707 2506 737 2568 si-
756 2507 879 2587 aliquis,
895 2507 999 2587 ipsum
1023 2510 1255 2566 sacramentnm
1282 2502 1341 2560 fal-

207 2608 281 2648 sum
300 2587 407 2648 dicere
426 2589 577 2665 voluerit,
590 2610 664 2648 cnm
684 2589 779 2649 armis
796 2589 981 2656 contendat.
999 2588 1099 2669 Capit.
1110 2590 1172 2649 l.u.
1184 2584 1343 2663 8o9c.3o..

207 2694 257 2756 De
280 2695 403 2754 homine
425 2697 476 2754 cui
495 2709 567 2778 post
588 2694 740 2754 iudicium
760 2697 830 2754 vito
851 2716 997 2759 concessu
1019 2703 1119 2766 est,et
1139 2693 1172 2750 si
1187 2691 1344 2749 iustitium

621 2777 754 2837 reddere
776 2777 921 2842 noluerit.

289 2860 435 2925 XLVIII.
477 2859 510 2920 Si
536 2859 632 2920 alicui
651 2869 722 2940 post
739 2859 896 2919 iudicium
922 2858 1152 2919 scabineorum
1170 2854 1269 2915 fuerit
1290 2853 1343 2913 vi-

207 2956 240 3006 ta
262 2965 430 3018 concessa,
454 2952 486 3002 et
501 2942 617 3022 ipsein
641 2944 844 3016 postmodum
862 2941 970 3022 aliqua
986 2941 1067 3004 mala
1085 2937 1339 3020 perpetraverit,

209 3025 411 3090 etiustitiam
428 3025 564 3085 reddere
596 3025 756 3098 noluerit,
780 3025 917 3087 dicendo
942 3024 1030 3103 quod
1053 3031 1195 3082 mortuus
1222 3019 1280 3095 sit,
1309 3027 1342 3077 et

207 3111 287 3169 ideo
303 3107 454 3168 iustitiam
469 3107 603 3166 reddere
620 3129 684 3166 non
710 3107 846 3180 debeat,
876 3116 1028 3166 statutum
1052 3113 1099 3165 est
1125 3112 1159 3162 ut
1192 3101 1342 3181 superius

208 3191 366 3251 iudicIum
384 3190 538 3249 sustineat
555 3188 643 3268 quod
658 3199 751 3249 antea
779 3189 935 3249 sustinere
952 3188 1071 3248 debuit.
1113 3185 1156 3250 Et
1180 3183 1205 3244 si
1224 3182 1341 3266 aliquis

208 3273 361 3336 adversus
378 3293 451 3330 eum
468 3271 577 3352 aliqua
597 3272 677 3331 mula
700 3271 834 3346 fecerit,
858 3270 1035 3331 secundum
1060 3265 1228 3348 aequitatis
1253 3265 1343 3325 ordi-

208 3375 285 3414 nem
303 3353 467 3418 licentiam
490 3353 606 3415 babeat
622 3376 713 3414 suam
730 3353 882 3415 iustitiam
895 3351 1083 3432 requirendi
1100 3351 1139 3410 de
1152 3346 1345 3426 causispers
1420 3404 1426 3417 ,

209 3435 341 3521 petratis
366 3446 535 3516 postquam
559 3436 599 3495 ad
622 3447 756 3497 mortem
783 3435 977 3496 diiudicatus
1003 3443 1075 3504 est;‚
1093 3431 1133 3497 de
1161 3428 1347 3513 praeteritis

209 3527 337 3582 maneat
356 3519 438 3580 sicut
458 3539 553 3598 supra
568 3518 747 3580 iudicatum
765 3517 836 3577 i'uit.
880 3516 963 3581 Ibid'.
977 3540 1002 3580 c.
1021 3518 1069 3575 31.

354 3626 402 3684 De
420 3623 540 3682 latrone
553 3622 745 3704 forbannito
759 3623 778 3680 t
792 3623 890 3683 libero
911 3623 1036 3681 homine
1050 3633 1206 3704 suscepto.

293 3731 405 3793 XLIX.
446 3730 495 3788 De
516 3725 642 3787 latrone
661 3727 863 3803 forbannito,
886 3727 969 3791 liber
982 3725 1079 3787 homo
1097 3726 1154 3809 qui
1183 3745 1258 3784 eum
1275 3745 1345 3782 sus-

211 3811 313 3896 cepit,
335 3811 520 3893 quindecim
541 3809 659 3871 solidos
677 3819 869 3886 componat,
892 3821 923 3873 et
943 3830 1055 3874 servus
1074 3818 1205 3870 centum
1229 3804 1348 3887 viginti

211 3894 475 3980 percussionibus
498 3893 639 3974 vapulet.
680 3891 763 3952 Ibid.
791 3913 817 3960 c,
840 3914 883 3950 11.

385 4002 433 4060 De
459 3999 577 4059 Comite
593 3999 747 4056 latronem
765 3999 800 4058 in
803 3997 1003 4077 forbannum
1018 4000 1171 4060 mittente.

292 4111 328 4168 L.
370 4109 412 4166 Ut
428 4107 542 4165 Comes
561 4093 616 4183 q'ui
638 4103 796 4163 latronem
819 4103 853 4161 in
880 4101 1075 4161 forbannum
1098 4098 1240 4176 miserit,
1264 4099 1349 4159 vici-

150 4235 153 4240 *
213 4190 263 4253 nis
278 4192 342 4251 snio
358 4199 389 4249 et
408 4188 478 4247 aliis
495 4185 673 4246 Comitibns
696 4194 808 4246 notum
830 4185 924 4244 faciat
949 4185 1090 4244 eundem
1112 4185 1270 4243 latronem
1285 4181 1350 4242 dse

215 4295 283 4337 esse
300 4270 537 4346 forbannitum,
560 4277 597 4328 ut
619 4267 760 4330 illisum
776 4289 844 4329 non
859 4265 1026 4349 recipiant.
1068 4266 1153 4330 Ibid.
1171 4287 1197 4327 c.
1215 4265 1265 4326 52.
