2926 4986
499 301 611 362 crena
646 302 845 365 suranus.
1173 269 1244 354 oss

153 434 194 506 Ut
208 462 297 504 nemo
318 441 528 514 Clericus-not,
550 441 660 504 relicto
675 440 843 524 -Episcopo
867 440 1018 522 proprio,
1041 431 1085 498 aci
1102 437 1227 516 negotio

296 531 300 538 '
537 519 691 585 secularia
707 517 836 601 migret.

174 619 176 624 ’
212 627 269 694 111.
313 625 408 707 'Quod
423 642 487 689 non
506 637 649 710 oporteat
663 627 868 688 Sacerdotem
882 626 1111 688 velClericum
1129 621 1248 687 haben·
1304 703 1306 706 Ι

125 715 174 779 te's
190 712 340 772 adversus
359 711 497 771 inlicem
515 710 658 792 negotia,
680 710 844 792 proprium
854 709 1049 794 Episcopum
1061 709 1247 792 relinquere

126 801 159 852 et
179 793 220 853 ad
241 793 398 854 secularia
415 792 542 873 negotia
562 793 743 856 convolare.

131 895 174 959 Ut
189 898 358 976 Presbyter
372 897 425 960 vel
450 900 620 967 Diaconos,
639 897 751 982 absque
768 895 918 984 Episcopi
938 875 1065 982 proprii
1082 915 1245 968 consensu,
1273 939 1274 946 κ

126 995 129 1000 ·
536 979 617 1039 nibil
633 991 843 1060 praesumant.

209 1081 267 1149 IV.
308 1082 491 1167 Presbyteri
509 1092 540 1144 et
560 1082 695 1146 Diaconi
709 1092 837 1167 praeter
852 1083 1047 1168 Episcopum
1069 1083 1152 1146 nihil
1171 1085 1247 1167 age·

126 1180 163 1228 re
180 1171 377 1248 pertentent.
422 1165 460 1228 V.
486 1159 535 1232 ab·
782 1185 788 1200 “

173 1267 215 1330 Ut
226 1282 345 1354 tempas
353 1265 568 1354 poenitentum
588 1265 622 1329 in
644 1261 892 1331 consideratione
900 1267 1052 1355 Episcopi
1068 1273 1228 1332 consistat.

209 1371 249 1438 V,
289 1371 393 1435 Penes
406 1375 579 1458 Episcopos
600 1373 662 1436 erit
686 1383 841 1455 potestas,
870 1374 1000 1435 modum
1029 1365 1248 1440 conversatio?-

130 1452 189 1524 nis⁴
202 1453 425 1537 poenitentum
437 1457 622 1538 probantes,
644 1457 695 1517 vel
713 1457 883 1517 humanius
903 1477 977 1538 erga
996 1478 1049 1518 eos
1065 1479 1170 1540 agere,
1194 1453 1246 1518 vel

126 1538 262 1622 amplius
281 1545 405 1620 ternpus
431 1539 568 1598 adicere.
594 1536 677 1598 Ante
696 1539 802 1598 omnia
820 1559 895 1598 vero
916 1540 1111 1620 praecedens
1136 1561 1248 1600 eorum

124 1619 190 1680 vita
209 1627 241 1681 et
259 1621 415 1702 posterior
434 1621 635 1702 inquiratur,
658 1625 690 1681 et
710 1621 753 1679 ita
779 1621 824 1680 eis
844 1619 1043 1702 impertiatur
1057 1618 1247 1683 humanitas.

343 1725 392 1786 De
414 1725 882 1810 poenitentum·conversatione
904 1738 934 1785 ct
946 1724 1033 1808 fide.

197 1827 268 1892 :VL
310 1831 519 1892 Conversatio
538 1823 762 1912 poenitentum
777 1838 808 1890 et
826 1829 907 1890 fides
923 1839 1048 1913 tempus
1072 1831 1246 1898 adbreviat.

168 1933 217 1996 De
234 1926 401 2016 fructuum
429 1935 636 2098 oblationibps
670 1954 747 2017 quae
765 1933 921 1994 Ministris
948 1933 1107 1996 Ecclesiae
1128 1958 1206 1998 coa-

620 2029 757 2076 ernntur.
872 2026 875 2030 “
986 2039 990 2044 ’

209 2121 286 2184 VH.
326 2123 362 2184 si
383 2122 454 2204 quis
473 2122 648 2184 oblationes
666 2118 828 2182 Ecclesiae
855 2130 944 2190 extra
959 2119 1138 2186 Ecclesiam
1161 2120 1247 2186 acci—

125 2223 204 2290 pere
230 2205 283 2268 vel
302 2205 376 2266 dare
393 2201 532 2266 voluerit
546 2203 829 2286 praeterEpiscopi
850 2205 1089 2283 conscientiam,
1112 2207 1164 2268 vel
1178 2207 1248 2267 eius

125 2290 181 2349 cui
196 2288 418 2351 huiuscemodi
435 2297 510 2348 suut
526 2286 628 2362 officia
646 2286 826 2362 commissa,
849 2307 910 2347 uec
928 2309 1001 2348 cnm
1021 2289 1090 2350 eius
1108 2289 1249 2351 voluerit

126 2391 222 2454 egere
243 2366 377 2441 consilio
387 2413 396 2448 ,
419 2369 587 2429 anathema
601 2361 653 2428 eia
853 2367 856 2373 ⁴

295 2477 344 2538 De
355 2471 405 2535 bis
419 2487 498 2560 qnae
516 2470 551 2535 in
566 2497 638 2536 usas
655 2493 831 2558 pauperum,
851 2469 1071 2556 conserantur,'

206 2579 301 2644 VIII.
342 2581 375 2641 Si
392 2581 464 2662 quis
481 2581 586 2641 oblata
605 2577 730 2641 dederit
749 2579 803 2642 vel
826 2578 987 2661 acceperit
1003 2577 1246 2720 praetervEpiss

122 2679 260 2747 eopum,
281 2663 429 2726 tel‘eum
450 2661 507 2745 qui
524 2663 713 2724 constitutus
733 2670 780 2722 est
809 2661 848 2720 ab
874 2681 912 2720 eo
938 2660 977 2720 ad
1026 2667 1247 2744 repensandam

123 2745 377 2810 misericordium
397 2745 608 2828 pauperibus,
631 2743 736 2828 etqui
753 2742 809 2803 dat
827 2751 860 2804 et
881 2741 941 2824 qui
962 2742 1094 2826 accipit,
1117 2743 1249 2810 anatha.

122 2829 238 2890 maisit
280 2829 321 2892 V.
336 2829 387 2905 24.

126 2935 173 2998 Ut
185 2912 357 3018 priscaque
370 2933 549 3012 synodalem
558 2931 1242 3022 excommunicationemtransgressusfoerit,

286 3019 318 3076 in
332 3017 395 3076 alia
408 3015 528 3094 synodo
542 3037 629 3099 spera
639 3015 884 3096 recuperationis
897 3035 961 3076 noa
975 3016 1101 3076 caleat,
1150 3089 1153 3096 ⁴

206 3120 266 3183 lx».
305 3122 342 3182 -si
362 3122 434 3204 quis
449 3121 627 3203 Episcopus
644 3120 810 3180 damnatus
828 3117 846 3178 a
864 3119 1017 3200 synodo,
1038 3120 1089 3182 vel
1105 3123 1244 3206 Presby-

124 3215 175 3270 ter
192 3213 248 3264 aut
260 3203 421 3278 Diaconos
441 3203 461 3262 d
479 3224 536 3263 suo
550 3201 727 3284 Episcopo,
750 3199 818 3260 ausi
835 3201 958 3261 fuerint
975 3203 1014 3262 de
1028 3223 1117 3264 sacro
1131 3205 1244 3268 minis-

124 3287 206 3348 terio
221 3285 346 3366 aliquid
367 3286 571 3365 contingere,
594 3286 660 3344 sive
689 3281 864 3363 Episcopus
889 3281 977 3342 iuxta
998 3286 1246 3366 praecedentem

123 3359 401 3445 consuetudinem)
423 3367 490 3428 sive
509 3365 679 3448 Presbyter
702 3373 757 3422 aut
774 3365 935 3424 Diaconus
947 3408 956 3443 ,
979 3365 1071 3425 nullo
1096 3369 1190 3432 modo
1207 3373 1245 3432 lie

123 3460 194 3512 ceat
215 3450 245 3510 ei
263 3469 324 3509 nec
343 3449 377 3508 in
397 3450 459 3530 alio
483 3449 611 3530 Synodo
626 3445 835 3508 restitutionis
848 3467 937 3530 spem
950 3457 1004 3510 aut
1021 3449 1128 3510 locum
1150 3452 1243 3515 habe-

123 3555 159 3596 re
171 3531 410 3598 satisfactionis.
451 3531 516 3592 Sed
542 3539 574 3589 et
597 3528 869 3590 communicantes
901 3527 931 3588 ei
961 3550 1070 3591 omnes
1094 3531 1177 3594 abici
1203 3537 1243 3598 de

122 3614 284 3686 Ecclesia3
306 3623 340 3675 et
360 3611 494 3672 maxime
511 3612 537 3672 si
556 3621 723 3694 postquam
736 3609 910 3684 didicerint
927 3607 988 3672 hoc
1015 3614 1136 3674 factum
1161 3638 1241 3694 esse,

122 3695 359 3758 communicare
373 3694 576 3761 tentaverint.
726 3759 730 3766 .
1239 3761 1242 3768 ‚

149 3803 191 3864 Ul
209 3803 496 3873 excommnnicatis,
519 3802 586 3860 sive
607 3802 656 3860 bis
682 3801 739 3882 qui
760 3799 918 3862 Ecclesiae
945 3796 1109 3871 deserant,
1130 3821 1219 3864 nemo

176 3941 193 3950 ,,
220 3938 226 3960 .,
259 3939 262 3950 ,
584 3883 816 3945 communices.»

204 3963 247 4032 X.
288 3965 371 4026 Cum
393 3963 676 4034 excommunicatis
691 3985 756 4024 non
771 3963 871 4024 licere
892 3963 1153 4035 communicares
1179 3983 1240 4028 neo

122 4049 198 4110 oum
211 4047 264 4109 hie
283 4047 340 4130 qui
354 4068 413 4130 per
433 4049 541 4110 domos
560 4045 776 4122 conveniunt,
797 4044 975 4111 devitantes
999 4046 1158 4108 orationes
1176 4048 1240 4110 Ee-

122 4129 259 4206 clesiae‚
279 4131 374 4191 simul
407 4130 563 4191 orandum
584 4137 642 4192 est.
696 4126 746 4196 Al>
761 4127 824 4189 ulia
836 4127 980 4188 Ecclesia
1009 4147 1074 4190 uon
1102 4131 1239 4212 sincipi-

121 4211 244 4274 endum
260 4211 317 4292 qui
334 4211 366 4272 iu
387 4211 448 4272 alia
461 4211 591 4275 minime
610 4219 830 4295 congregatur.
873 4208 913 4275 V.
931 4209 990 4272 aa
