2926 4984
191 303 263 378 562
369 351 371 356 -
618 311 906 374 carnummun

191 482 303 527 versus
319 454 569 530 subdiaconum,
592 473 658 513 non
679 452 847 515 Exorcistu
864 451 1015 517 adversus
1031 437 1238 537 boolytbnm,
1261 471 1323 513 nec

191 549 311 608 Lector
333 539 485 602 adversus
512 535 732 614 Exorcistam,
754 557 819 596 non
849 537 1011 614 Ostiarius¹
1033 538 1184 597 adversus
1205 539 1324 596 Lecto·

192 650 263 689 rem
285 625 341 684 det
355 619 593 683 accusationem
617 619 768 699 aliquam.
815 617 857 678 Et
877 639 942 679 non
965 619 1168 680 damnabitur
1187 618 1325 680 Praesul

194 711 264 774 sine
283 703 484 787 septuaginta
497 699 622 761 duobus
634 702 779 778 testibus,
794 720 900 780 neque
915 703 1046 764 Praesul
1062 723 1200 762 summus
1216 702 1326 784 atquo·

194 813 293 875 quam
313 785 529 861 iudicabitur,
559 783 713 864 quoniam
734 783 887 864 scriptum
910 794 972 846 est:
994 786 1067 846 Non
1087 797 1132 843 cst
1151 783 1326 865 discipulus

194 893 290 958 super
308 871 499 950 magistrum.
540 865 712 948 Presbyter
725 874 850 941 autem,
874 866 935 927 nisi
961 867 993 926 in
1014 866 1225 948 quadraginta
1244 887 1325 946 qua-

195 967 272 1018 tuor
285 952 428 1026 testibus,
450 969 514 1007 non
538 948 750 1009 damnabitur.
791 949 955 1012 Diaconus
973 958 1080 1009 autem
1099 949 1230 1008 cardine
1251 968 1328 1007 con·

197 1038 328 1100 stitutus
351 1033 383 1092 in
404 1031 482 1092 urbe
504 1031 614 1106 Roma,
638 1031 699 1091 nisi
722 1031 756 1089 in
778 1030 909 1112 triginta
926 1054 981 1092 sex
999 1053 1064 1091 nou
1093 1027 1327 1092 condemnabi-

196 1132 260 1182 tur.
305 1115 545 1190 Subdiaconus,
567 1113 760 1196 Acolytbus,
782 1114 966 1191 Exorcista,
987 1116 1120 1189 Lector,
1147 1112 1221 1188 nisi,
1243 1112 1328 1172 sicut

197 1202 431 1283 scriptumest,
454 1196 487 1253 in
513 1204 634 1278 septem
647 1195 838 1255 testimoniis
863 1197 944 1257 filios
966 1196 1121 1256 babentes
1140 1205 1171 1254 et
1197 1215 1327 1269 uxores,

199 1296 232 1346 et
253 1283 386 1343 omnino
408 1276 571 1338 Christum
591 1277 821 1360 praedicantes.
864 1278 917 1339 Sic
932 1278 1026 1341 datur
1043 1278 1177 1360 mystica
1198 1277 1328 1338 veritas

200 1367 244 1426 Su
270 1387 307 1425 ra
325 1363 393 1423 Lib.
414 1361 441 1421 Ι.
459 1381 485 1418 c.
510 1360 576 1419 135.

218 1387 431 1530 Esscapitulis
452 1443 570 1500 Donnzi
584 1441 714 1519 Karali,
744 1441 879 1523 qttalitcr
909 1463 951 1502 ex
969 1440 1070 1522 sactis
1091 1455 1145 1503 aut
1162 1443 1303 1512 mansis,

504 1523 558 1582 ‘nel
579 1527 709 1601 putantis,
731 1525 891 1583 seruitium
907 1538 1025 1604 ngatirr.

283 1605 434 1670 CCClll.
475 1607 540 1668 Pro
557 1607 655 1665 nimia
674 1606 901 1666 reclamatione
921 1628 1003 1688 quae
1026 1606 1066 1667 ad
1088 1628 1145 1667 nos
1166 1603 1260 1668 venit
1287 1602 1328 1666 de

196 1691 383 1753 bominibus
401 1687 625 1749 ecclesiasticis
645 1709 703 1749 seu
727 1687 916 1758 Fiscalinis,
937 1690 994 1770 qni
1016 1711 1081 1748 nou
1104 1698 1197 1749 erant
1215 1687 1328 1747 adiur-

199 1775 266 1835 nati
289 1771 420 1854 qnando
442 1771 475 1828 in
506 1770 740 1831 cinomannico
763 1792 843 1852 pago
868 1771 1006 1850 fuimus,
1028 1772 1133 1834 visum
1159 1780 1207 1831 est
1235 1768 1329 1829 nobis

197 1877 355 1917 unacum
374 1852 525 1912 consultu
545 1852 691 1913 fidelium
711 1862 894 1913 nostrorum
912 1862 1061 1930 statuere,
1084 1863 1119 1914 ut
1139 1853 1329 1934 quicunque

198 1938 239 1999 de
259 1935 432 2020 praedictis
450 1934 633 1995 bominibus
656 1945 800 2016 quartam
820 1936 896 1995 lacti
911 1945 1010 2014 tenet,
1033 1957 1107 1997 cum
1124 1937 1190 1997 suis
1210 1933 1330 1994 anima-

197 2021 282 2081 libus
298 2016 427 2078 Seniori
443 2038 501 2075 suo
521 2016 662 2097 pleniter
681 2039 781 2077 unum
799 2017 883 2079 diem
898 2040 971 2078 cum
992 2040 1049 2080 suo
1066 2027 1170 2079 aratro
1189 2018 1222 2076 in
1242 2037 1330 2077 cam-

197 2124 240 2186 po
263 2098 426 2162 dominico
446 2106 524 2172 aret,
546 2108 578 2157 et
599 2107 709 2180 postea
728 2100 855 2160 nullum
879 2101 1047 2162 servitium
1067 2102 1099 2163 ei
1122 2101 1271 2160 manuale
1292 2099 1329 2158 in

198 2187 267 2266 ipsa
289 2180 489 2242 hebdomada
510 2181 527 2238 ia
550 2180 684 2240 Seniore
704 2203 761 2242 suo
780 2183 973 2264 requiratur.
1014 2185 1057 2244 Et
1077 2184 1134 2266 qui
1154 2192 1243 2242 tanta
1263 2179 1332 2240 ani-

198 2264 295 2327 malia
312 2284 377 2322 uon
404 2262 500 2324 habet
521 2270 556 2319 ut
571 2283 636 2322 uno
652 2261 704 2323 die
728 2263 791 2325 boc
804 2267 933 2346 explere
946 2267 1059 2342 valeat,
1081 2265 1228 2348 perficiat
1240 2282 1331 2344 prae·

199 2349 323 2410 dictum
339 2366 418 2427 opus
439 2345 472 2402 in
496 2342 619 2404 duobus
644 2345 767 2411 diebus.
809 2349 850 2407 Et
867 2347 924 2427 qui
946 2349 1146 2409 solummodo
1170 2348 1212 2406 ita
1237 2345 1330 2406 inva-

198 2432 277 2507 lida,
304 2437 339 2487 ut
359 2447 466 2508 perse
487 2446 552 2484 non
574 2427 673 2508 possit
686 2449 786 2505 arare,
807 2439 946 2509 quatuor
963 2429 1113 2490 animalia
1130 2430 1236 2506 habet,
1254 2448 1331 2486 cum

199 2514 246 2578 eis
284 2509 411 2572 sociatis
445 2507 507 2569 sibi
537 2509 607 2569 aliis
639 2519 706 2569 aret
732 2531 798 2571 uno
829 2512 881 2572 die
921 2511 955 2570 iu
995 2534 1105 2595 campo
1155 2510 1329 2585 Senioris,

199 2605 233 2657 et
261 2614 327 2654 uno
351 2590 403 2652 die
432 2591 635 2673 postmodum
664 2591 697 2650 in
731 2593 798 2675 ipsa
824 2593 1023 2655 bebdomada
1051 2615 1148 2676 opera
1177 2613 1331 2653 manuum

198 2677 306 2739 faciat.
368 2675 410 2733 Et
433 2672 490 2753 qui
522 2673 606 2733 nihil
638 2693 678 2732 ex
705 2673 756 2734 bis
782 2676 888 2736 facere
916 2686 1039 2758 potest,
1075 2698 1180 2757 neque
1211 2674 1332 2734 anima-

200 2760 245 2822 lia
265 2757 384 2832 babet,
409 2776 467 2836 per
483 2762 549 2814 tres
574 2755 642 2816 dies
665 2756 793 2816 Seniori
819 2780 876 2819 suo
899 2759 1045 2834 manibus
1065 2760 1083 2818 d
1106 2780 1198 2818 mane
1226 2777 1330 2838 usque

199 2841 240 2902 ad
256 2859 422 2922 vesperam
441 2847 610 2918 operetur,
633 2847 665 2898 et
685 2840 801 2900 Senior
822 2861 898 2901 suus
919 2841 950 2900 ei
972 2841 1106 2923 amplius
1130 2862 1196 2901 non
1217 2838 1331 2920 requi-

200 2933 270 2986 rat=
298 2919 434 2982 diversis
462 2940 601 3002 namque
623 2920 725 2982 modis
750 2920 829 2982 haec
853 2923 1038 3004 agebantur.
1092 2920 1330 3004 Aquibusdam

199 3014 267 3067 tota
286 3002 486 3064 hebdomada
510 3001 712 3082 operabatur,
734 3003 751 3062 d
772 3004 963 3084 quibusdam
985 3004 1133 3081 dimidia,
1156 3007 1173 3064 ai
1194 3005 1331 3086 quibus-

201 3088 275 3149 dam
292 3085 372 3144 duos
396 3084 473 3144 dies.
518 3084 642 3145 Idcirco
668 3085 748 3146 baec
776 3086 957 3164 statuimus,
988 3098 1084 3148 utne
1105 3087 1227 3146 familia
1251 3108 1285 3147 se
1314 3086 1332 3144 a

199 3166 375 3253 praedictis
393 3165 544 3248 operibus
567 3166 753 3228 subtrahere
775 3171 883 3250 possit,
906 3191 1012 3251 neque
1031 3170 1049 3230 d
1067 3169 1257 3230 Senioribus
1269 3190 1333 3226 am-

224 3251 287 3309 lius
308 3248 354 3309 eis
375 3249 569 3328 requiratur.
613 3251 655 3309 Et
670 3250 726 3332 qui
750 3251 855 3312 miuus
873 3262 1003 3332 quartae
1023 3252 1161 3335 optimae
1181 3251 1221 3312 de
1246 3260 1333 3310 terra

200 3275 317 3407 liabet,
351 3331 528 3390 secundum
553 3333 806 3393 aestimationem
826 3355 901 3395 suae
927 3334 1074 3410 telluris,
1104 3355 1201 3416 opera
1224 3333 1333 3398 faciat.

200 3417 288 3476 Haec
314 3411 352 3470 ab
370 3411 529 3472 Adulardo
553 3415 677 3475 Comite
699 3414 810 3495 palatii
828 3415 928 3476 nostri
951 3416 991 3476 ad
1008 3437 1119 3476 eornm
1142 3415 1334 3477 satisfactio-

202 3517 290 3570 nem,
312 3514 376 3552 una
400 3515 474 3553 cum
495 3495 566 3555 aliis
588 3496 756 3558 Fidelibus
774 3498 901 3576 nostris,
922 3499 1065 3583 praecipi
1089 3505 1198 3559 nostra
1214 3497 1288 3559 vice
1304 3506 1335 3557 et

202 3577 333 3664 publice
357 3575 542 3635 adnuntiari
564 3575 722 3640 iussimus.

373 3655 414 3716 Ut
434 3658 586 3741 Episcopi
608 3662 740 3722 incestos
763 3660 928 3722 emendent
948 3675 978 3724 et
1001 3664 1169 3742 corrigant.

286 3737 432 3802 ccclv.
474 3743 515 3801 Ut
530 3741 683 3823 Episcopi
702 3743 900 3806 incestuosos
922 3744 1069 3806 homines
1092 3745 1280 3821 emendent,
1304 3754 1336 3806 et

203 3844 352 3907 maguam
375 3820 574 3906 diligentiam
594 3823 734 3886 babeant
759 3847 799 3886 ex
823 3826 883 3886 bis.
925 3829 990 3887 Seu
1011 3828 1098 3888 etde
1122 3827 1229 3888 viduis
1249 3827 1338 3888 infra

204 3929 294 3971 suam
316 3903 502 4049 pinuphium
519 3915 711 3990 potestatem
730 3907 870 3969 babeant
889 3907 930 3969 ad
950 3909 1187 3993 corrigendum.
1232 3909 1337 3994 Capit.

203 4014 233 4050 a.
321 4009 376 4047 .c.
421 4033 427 4048 .

154 4099 155 4105 ¹
209 4009 551 4135 Uc⁷eia9conserventor
569 4091 648 4154 quae
669 4071 703 4129 in
721 4071 848 4152 placitis
871 4083 901 4132 et
931 4071 1061 4150 synodis
1085 4073 1238 4158 Pippinus
1265 4073 1338 4134 Rex

686 4153 856 4214 constituit.
1149 4173 1151 4178 ·

290 4229 419 4299 CCCV.
461 4233 518 4296 Ea,
534 4249 612 4297 vero
632 4254 716 4318 quac
743 4234 847 4300 bonae
869 4235 1042 4300 memoriae
1071 4234 1199 4322 genitor
1226 4246 1341 4299 noster
