2910 4984
202 283 278 362 stt
612 359 617 366 .
647 308 935 368 carirunsmuu

199 505 210 517 .
472 487 505 507 κ
553 450 615 510 ›De
637 471 716 534 pace
741 462 771 512 et
798 450 978 512 concordia.
1088 472 1123 502 ‘-

291 523 416 606 XCVI.
457 534 505 594 De
530 534 617 615 pacis
643 534 730 594 bono
753 543 848 616 atque
877 531 1067 609 concordia,
1099 543 1136 594 nt
1163 533 1204 594 ab
1228 536 1362 596 omni--

207 615 268 682 bns
291 617 426 680 omnino
446 615 625 697 indisrupta
649 625 798 678 teneatur
824 615 911 676 inter
931 616 1107 698 Episcopos
1131 626 1163 678 et
1184 619 1347 694 Comites,

207 702 296 763 inter
319 697 463 762 Clericos
479 707 512 758 et
537 699 723 780 Monaclros,
748 708 779 760 et
798 699 1100 781 omnempopulum
1118 700 1347 760 Christianum

208 792 246 848 ut
276 783 389 844 beatus
411 783 583 864 Apostolus
602 783 723 842 Paulus
744 781 875 858 docuit,
899 781 1027 842 dicens:
1058 782 1230 842 Sectamini
1247 785 1349 842 ‚eari-

208 879 304 930 tatem
319 878 351 925 et
372 866 630 937 sanctimoniam,
653 867 719 924 sine
740 884 803 946 qua
822 884 910 924 neruo
933 863 1058 926 videbit
1079 865 1189 924 Deum.
1230 865 1274 924 Et
1295 865 1348 924 id-

208 949 297 1011 circo
313 947 475 1029 quidquid
503 946 587 1006 illnd
610 955 658 1008 est
678 947 767 1028 quod
790 968 847 1006 nos
873 947 913 1006 ad
932 967 1025 1007 verae
1046 948 1132 1028 pacis
1148 946 1292 1008 studium
1308 955 1347 1006 et

203 1030 353 1094 'caritatis
377 1029 612 1113 perfectionem
632 1037 803 1113 provocat,
827 1029 901 1089 totis
923 1028 1045 1091 uiribus
1072 1029 1190 1091 nostris
1212 1039 1347 1090 sectan-

210 1114 289 1177 dum
308 1121 383 1184 est;.
404 1112 563 1196 quicquid
585 1133 644 1173 nos
673 1133 752 1174 vero
778 1112 816 1172 ab
835 1111 892 1171 illa
911 1111 1083 1196 deiungit,
1115 1121 1151 1173 ut
1176 1133 1346 1176 venenum
1442 1141 1443 1184 1

210 1195 451 1260 mortiferamt
476 1193 568 1256 nobis
596 1189 775 1256 carendum
798 1203 854 1256 est.
952 1235 959 1242 -

211 1303 270 1366 De'
285 1301 457 1362 Comitibus
481 1312 511 1362 et
529 1299 714 1373 lodicibus,
745 1312 779 1359 ut
800 1299 980 1361 obedientes
1005 1301 1068 1360 sint
1091 1321 1149 1362 suo.
1172 1302 1346 1388 Episcopo.

294 1405 434 1473 XCVll.
478 1409 521 1467 Ut
533 1406 674 1468 Comites
689 1415 721 1467 et
734 1405 859 1467 ludices
881 1406 1093 1488 reliquusque
1114 1409 1254 1491 populus
1270 1411 1347 1469 obe-

214 1489 341 1552 dientes
365 1490 431 1551 sint
454 1488 632 1574 Episcopo,
661 1499 692 1549 et
715 1488 855 1551 invicem
882 1490 1086 1550 consentiant
1114 1491 1153 1550 ad
1180 1493 1346 1552 faciendas

214 1573 364 1652 iustitias,
387 1581 419 1632 et
439 1593 573 1634 munera
599 1593 657 1654 pro
672 1571 792 1632 iudicio
810 1592 876 1630 non
894 1571 1065 1654 accipiant,
1088 1595 1148 1633 nec
1168 1575 1263 1635 falsos
1284 1584 1347 1635 tes-

214 1666 274 1733 tes,
297 1679 338 1718 ne
360 1676 419 1738 per
441 1654 503 1716 hoc
527 1665 715 1737 pervertant
734 1654 852 1714 iudicia
876 1653 1060 1732 iustorum,
1084 1657 1161 1736 qnia
1190 1656 1348 1738 scriptum

216 1747 278 1800 est:
308 1739 436 1802 Iustitia
459 1739 562 1798 elevat
584 1751 718 1817 gentem,
740 1737 897 1796 iniustitia
912 1757 982 1797 vcro
1002 1741 1132 1798 miseros
1145 1735 1231 1818 facit
1245 1761 1346 1821 popu-

213 1821 273 1880 los.
313 1821 356 1880 Et
382 1820 565 1880 Psalmista:
595 1822 685 1880 Beati
707 1820 762 1904 qui
786 1817 967 1880 custodiunt
984 1819 1137 1879 iudicium
1166 1833 1201 1880 et·
1214 1821 1345 1903 faciunt

213 1903 353 1962 iustitias
379 1903 413 1961 in
438 1905 524 1964 omni
547 1917 696 1987 tempore.

283 2007 325 2070 Ut
347 2008 499 2094 Episcopi
519 2009 615 2069 semel
635 2011 669 2068 in
693 2029 773 2070 auno
794 2013 961 2094 parochias
987 2031 1059 2070 suas
1086 2012 1288 2071 circumeant.

296 2113 453 2180 XCVlll.
497 2114 727 2198 Unusquisque
742 2116 917 2198 Episcopus
931 2118 1029 2177 semel
1050 2116 1083 2176 in
1106 2139 1190 2176 anno
1210 2117 1346 2177 circum-

216 2210 268 2262 eat
292 2196 477 2282 parochiam
499 2219 598 2258 suam.
641 2199 798 2260 Noverint
829 2200 888 2260 sibi
908 2222 1016 2259 curam
1041 2199 1235 2282 populorum
1255 2205 1285 2278 a]
1314 2211 1347 2260 et

209 2303 395 2368 vpauperum
421 2280 454 2339 in
485 2281 692 2363 protegendis
718 2301 753 2341 ac
780 2279 993 2342 defendendis
1023 2281 1212 2363 impositam.
1255 2281 1348 2342 Ideo-

217 2383 282 2448 que
306 2364 382 2424 dum
404 2363 610 2446 conspiciunt
630 2363 754 2424 iudices
774 2385 810 2422 ac
841 2366 992 2425 Potentes
1014 2386 1191 2444 pauperum
1217 2386 1348 2446 oppres-

216 2469 305 2512 sores
331 2446 482 2522 esistere,
503 2447 593 2527 prius
615 2467 668 2506 eos
690 2447 878 2506 sacerdotali
901 2447 1120 2506 admonitione
1138 2447 1347 2528 redarguant.

216 2531 260 2592 Et
280 2529 306 2590 si
329 2528 583 2610 contempserint
607 2529 782 2602 emendari,
805 2551 917 2588 eornm
937 2529 1111 2589 insolentia
1135 2529 1230 2609 Regis
1257 2531 1348 2587 auri·

216 2613 278 2673 bus
302 2611 470 2672 intimetur
478 2635 486 2681 ς
512 2619 552 2670 -ut
576 2631 656 2692 quos
674 2611 878 2672 sacerdotalis
900 2611 1077 2671 admonitio
1100 2633 1166 2671 non
1188 2611 1288 2672 flectit
1306 2612 1347 2670 ad

217 2694 395 2772 iustitiam,
416 2693 533 2776 regalis
550 2703 688 2776 potestas
708 2694 746 2753 ab
766 2693 968 2776 improbitate
992 2702 1147 2756 coerceat.
1271 2703 1275 2710 '

311 2802 360 2862 De
385 2801 551 2860 chrismate
573 2799 593 2858 ὰ
614 2800 813 2876 Presbyteris
836 2798 1043 2861 custodiendo
1066 2803 1121 2862 sub
1144 2801 1252 2882 sigillo.

299 2904 423 2970 XCIX.
465 2906 507 2964 Ut
541 2903 724 2988 Presbyteri
747 2905 806 2966 suh
839 2904 946 2986 sigillo
975 2905 1158 2965 custodiant
1187 2905 1344 2984 chrisma,

218 2999 252 3054 et
274 2990 360 3052 nulli
383 2989 441 3050 sub
466 2997 617 3070 pretextu
640 2986 818 3048 medicinae
845 2988 898 3048 vel
928 2986 988 3048 sub
1018 2988 1193 3048 cuiuslibet
1216 2989 1264 3048 rei
1292 2990 1348 3050 do·

218 3093 295 3136 nare
319 3079 539 3158 praesumant:
556 3081 664 3151 'genus
686 3070 773 3129 enim
788 3071 978 3131 sacrementi
996 3079 1053 3147 est,
1078 3081 1108 3130 et
1128 3092 1192 3130 non
1214 3071 1253 3130 ab
1277 3073 1347 3131 aliis

218 3157 322 3218 nisib
353 3152 579 3216 Sacerdotibus
605 3152 750 3234 contingi
780 3152 884 3214 debet.
927 3151 1026 3230 Quod
1049 3153 1074 3214 si
1098 3153 1259 3232 fecerint,
1293 3155 1349 3213 lio-

218 3253 297 3302 nore
316 3238 495 3322 priventur.
540 3232 578 3300 V.
605 3234 672 3311 145.
990 3261 993 3264 ·

335 3344 385 3404 De
414 3345 462 3402 bis
479 3343 534 3425 qsai
550 3337 734 3424 beneficium
756 3333 870 3400 babent
890 3337 1039 3401 derebus
1059 3339 1231 3403 Ecclesiae.

300 3447 339 3516 C.
380 3451 424 3510 Ut
446 3446 593 3530 quisquis
610 3443 804 3520 beneficium
825 3446 864 3506 de
886 3446 981 3506 rebus
1002 3447 1167 3510 Ecclesiae
1188 3449 1353 3527 habet,·ad

219 3541 304 3596 tecta
336 3531 480 3594 eiusdem
501 3529 666 3590 Ecclesiae
692 3528 899 3588 restauranda
929 3529 981 3588 vel
1013 3529 1052 3590 ad
1082 3531 1165 3613 ipsas
1195 3532 1355 3595 Ecclesias

219 3614 431 3679 aedificandas
453 3612 586 3674 omnino
615 3610 757 3671 adiuvet.
801 3613 904 3694 Supra
925 3631 951 3676 c.
976 3612 1025 3671 55.

362 3765 365 3773 .
465 3719 515 3780 De
541 3737 577 3778 co
602 3717 657 3799 qui
678 3714 807 3796 infamis
827 3715 921 3796 furto
944 3716 1097 3800 efficitur.

302 3800 359 3869 CI.
402 3800 496 3866 Furti
526 3819 723 3882 quocunque
753 3821 872 3882 genere
898 3801 1131 3861 condemnatas
1152 3800 1283 3866 infamis
1310 3806 1352 3867 ef-

219 3885 336 3951 ficitur.
373 3905 378 3918 '
674 3887 678 3899 '

374 3989 423 4052 De
446 4009 482 4068 eo
505 3989 559 4073 qui
588 3989 699 4050 absens
721 3985 825 4068 suerit
852 3989 978 4048 minime
999 3986 1192 4055 damnando.

298 4096 373 4166 CII.
415 4095 566 4157 labemus
588 4092 739 4156 in'causa
757 4093 888 4179 capitali
912 4081 1081 4156 ut⁴³absens
1106 4094 1200 4157 nenio
1224 4101 1354 4165 damne-

251 4276 286 4346 μ)
304 4270 440 4344 Legenda
458 4271 636 4342 pupillorum,
