2910 4984
207 275 281 352 sta
632 301 918 362 carlrutaatun

483 443 531 506 Ne
554 441 694 506 Clericus
712 465 773 529 per
792 456 950 504 creaturas
971 442 1062 503 iuret.

291 547 437 614 LXVIII.
460 549 622 611 Clericam
633 571 692 632 per
706 559 863 611 creaturas
880 549 1038 610 iurantem
1053 542 1205 608 acerrime
1222 544 1331 609 obiur-

209 631 358 714 gandum.
400 633 435 692 Si
456 633 630 716 perstiterit
643 633 678 692 in
697 632 797 710 vitio,
819 629 1173 698 excommunicandum.

209 737 257 798 Ne
279 751 349 799 ante
370 740 479 800 boram
500 737 566 796 diei
586 740 711 797 tertiam
730 738 800 819 quis
821 735 867 795 ad
895 737 1072 797 convivium
1098 743 1233 818 pergat,
1272 747 1328 792 nec

502 831 572 880 ante
594 820 842 882 benedictionem
863 816 1036 890 manducet.

291 925 402 990 LXIX.
443 925 514 985 Non
541 933 666 1006 oportet
683 924 825 986 Clericos
845 924 898 984 vel
923 923 1035 984 Laicos
1057 922 1225 1004 religiosos
1255 931 1330 982 ante

209 1028 328 1070 sacram
346 1007 457 1067 horam
482 1007 545 1069 diei
573 1007 697 1068 tertiam
722 1007 805 1065 inire
831 1006 996 1082 convivia,
1025 1027 1131 1088 neque
1155 1005 1330 1087 aliquando

209 1089 371 1164 Clemens,
396 1090 454 1150 nisi
475 1089 595 1173 hymno
617 1091 721 1168 dicto,
744 1088 838 1149 edere
858 1111 985 1172 panem,
995 1097 1027 1150 et
1039 1087 1197 1170 post'cibo
1213 1086 1331 1170 gratias

211 1172 332 1231 auctori
354 1174 424 1234 Deo
436 1173 569 1239 referre.

214 1274 254 1338 Ut
276 1279 464 1355 Presbyter,
487 1279 515 1338 si
534 1276 707 1339 inconsulto
736 1275 891 1360 Episcopo
921 1276 1072 1356 agendam
1101 1276 1328 1353 celebraverit5

376 1363 492 1420 bonore
516 1363 666 1444 privetur.
708 1359 762 1420 Ex
785 1357 925 1420 Concilio
948 1358 1152 1440 Carthaginis.

288 1465 385 1532 Lxx,
424 1465 603 1540 Numidiae,
619 1465 796 1546 Episcopus
810 1465 1034 1540 Massilitanus‚
1054 1455 1155 1525 ¹diuite
1178 1465 1239 1524 aIn
1255 1460 1330 1542 qui-

211 1545 369 1606 sbusdam
387 1547 464 1608 locis
479 1558 554 1608 saint
568 1549 748 1628 Presbyteri
768 1547 823 1627 qui
844 1557 897 1606 aut
921 1547 1102 1628 ignorantes
1124 1546 1330 1626 simpliciter,

212 1638 292 1688 aaut
310 1629 543 1692 dissimulantes
558 1630 717 1705 audacter,
726 1638 892 1711 praesente
909 1640 940 1690 et
965 1627 1331 1708 inconsultoEpiscopo,

211 1733 311 1770 actam
331 1711 474 1789 pluribus
494 1713 526 1773 in
543 1711 821 1792 dom-Iciliisagunt
838 1711 1001 1792 agendam.
1022 1711 1118 1788 Quod
1139 1709 1330 1790 disciplinae

212 1792 447 1872 »incongruum
462 1816 529 1856 esse
547 1793 709 1874 cognoscit
720 1793 867 1854 sanctitas
884 1803 996 1857 vestra.
1012 1817 1026 1848 a
1071 1791 1222 1854 Genilius
1236 1791 1333 1871 Epis-

210 1893 308 1954 copus
330 1876 426 1933 dixit:
450 1880 599 1936 »Fratres
616 1885 648 1934 et
661 1876 849 1956 Coepiscopi
867 1875 968 1936 nostri
994 1875 1119 1957 dignae
1135 1871 1333 1954 suggestioni

213 1965 309 2014 sttuite
331 1957 523 2036 respondere
537 1967 669 2039 propter
696 1958 909 2037 ignorantiam
935 1979 999 2018 non
1033 1967 1235 2017 morantur-,c
1278 1954 1331 2014 Ab

210 2036 366 2098 uniuersis
382 2039 546 2120 Episcopis
568 2040 690 2100 dictum
707 2050 770 2100 est:
800 2038 978 2121 »Quisquis
994 2038 1183 2118 Presbyter,
1212 2039 1332 2097 incon-

213 2143 228 2176 n
244 2119 327 2178 salto
342 2119 509 2203 Episcopo,
526 2122 679 2202 agendam
700 2121 732 2180 in
746 2122 892 2202 quolibet
908 2123 979 2182 Ioco
999 2119 1137 2181 voluerit
1153 2119 1332 2195 celebrare,

214 2225 227 2264 r
245 2200 309 2281 ipse
326 2201 440 2261 honori
455 2219 517 2264 suo·
532 2204 711 2264 contrarius
731 2204 873 2270 existit«
919 2203 953 2263 V
949 2205 975 2263 I.
997 2203 1066 2268 506.

211 2307 258 2367 Ne
278 2307 447 2385 Presbyter
467 2309 711 2372 benedictionem
731 2310 785 2370 vel
802 2295 1024 2394 poenitentiam
1043 2311 1077 2370 in
1088 2307 1230 2369 Ecclesia
1251 2303 1333 2365 dare

371 2427 374 2434 ,
665 2404 853 2476 praesumat.

290 2497 403 2556 LXXI.
445 2497 707 2558 Benedictionem
719 2519 816 2578 super
854 2497 958 2558 Iebem
974 2496 1006 2578 in
1020 2496 1165 2557 Ecclesia
1174 2485 1334 2569 Tandem,

211 2579 548 2721 qqqqpppljitgntemin
570 2579 713 2644 Ecclesia
739 2519 953 2659 benedicere,
984 2579 1174 2662 Presbytero
1199 2578 1333 2660 penitus

322 2765 448 2828 Iudicio
465 2768 672 2828 nrultitndinis
690 2767 904 2830 ordinationes
910 2765 994 2850 fieri
1016 2788 1078 2827 non
1097 2767 1221 2828 debere.

215 2879 219 2885 '
290 2872 424 2933 LXXII.
465 2873 560 2949 Quod
576 2895 639 2932 non
654 2873 695 2933 sit
710 2873 959 2954 permittendum
970 2862 1071 2932 turbis
1090 2873 1335 2933 electioneseo-

210 2978 285 3018 rum
304 2959 410 3016 fucere
431 2955 487 3036 qui
511 2956 639 3016 suntad
654 2957 872 3018 Sacerdotium
890 2955 1098 3037 provehendi.
1144 2954 1179 3014 V
1173 2956 1219 3014 II.
1240 2975 1290 3033 79.

211 3063 249 3124 Si
261 3063 317 3145 qni
334 3061 450 3122 Clerici
469 3061 507 3120 ab
536 3059 701 3143 Episcopis
727 3063 792 3120 suis
815 3062 954 3144 promoti
985 3059 1244 3142 contempserint,
1275 3078 1336 3116 nec

210 3146 278 3206 illic
295 3155 438 3205 maneant
453 3143 534 3202 unde
555 3143 700 3203 recedere
714 3145 878 3204 noluerint.
899 3142 953 3202 Ex
970 3141 1110 3201 Concilio
1123 3141 1336 3217 Carthaginis,

291 3249 436 3314 LXXIII.
476 3249 601 3310 Placuit
619 3258 654 3308 ut
675 3249 861 3330 quicunque
883 3247 1000 3309 Clerici
1024 3248 1077 3308 vel
1096 3247 1250 3320 Diacom,
1272 3265 1336 3325 pro

211 3329 452 3394 necessitatibus
465 3331 680 3392 Ecclesiarum
694 3352 757 3390 non
771 3327 1231 3410 obtemperaverintEpiscopis
1253 3327 1334 3402 suis,

210 3416 392 3496 polentiltus
411 3438 463 3476 eos
480 3415 519 3475 ud
535 3415 691 3473 honorem
710 3413 894 3493 ampliorem
913 3413 946 3472 in
965 3434 1019 3471 sua
1038 3411 1183 3470 Ecclesia
1201 3429 1336 3488 promo-

211 3521 299 3578 vere,
310 3521 369 3561 nec
383 3499 452 3560 illic
464 3498 644 3558 ministrent
658 3496 690 3554 in
701 3496 798 3576 gradu
809 3516 865 3555 suo
881 3494 966 3554 unde
980 3493 1130 3554 recedere
1146 3491 1337 3554 noluerunt.

313 3607 367 3668 Ea
382 3606 521 3666 Decretis
536 3603 641 3686 Papae
674 3601 820 3680 Gregorii
841 3601 982 3663 iunioris.
1024 3599 1074 3656 De
1092 3598 1228 3656 incestis.

292 3709 438 3773 LXXIV.
481 3709 514 3770 si
533 3709 605 3790 quis
629 3706 851 3767 consobrinam
866 3705 994 3764 duxerit
1013 3704 1046 3763 in
1060 3703 1268 3784 coniugium,
1303 3724 1336 3760 a·

212 3799 357 3862 nathema
377 3795 428 3870 sit,
470 3791 512 3852 Et
531 3790 709 3875 paulopost
722 3787 827 3866 infert.
870 3788 902 3846 Si
923 3787 994 3866 quis
1010 3787 1049 3846 de
1069 3788 1198 3868 propria
1217 3807 1337 3867 cogua-

211 3886 316 3955 tione,
338 3880 389 3940 veI
407 3897 503 3956 cluam
523 3883 673 3953 cognatus
692 3870 820 3946 babuit,
843 3869 971 3929 duxerit
991 3890 1140 3945 uxorem,
1162 3867 1336 3928 anathema

211 3969 262 4028 sit.
302 3965 343 4024 Et
363 3959 519 4020 Dominus
541 3957 574 4014 iu
595 3957 665 4036 lege
684 3953 793 4013 divina
812 3953 873 4012 ait:
907 3950 1014 4011 Omnis
1035 3951 1126 4011 bomo
1148 3951 1192 4010 ad
1201 3952 1336 4033 'pronci-

212 4069 294 4108 nram
313 4043 470 4124 sanguinis
488 4039 537 4100 sui
552 4034 622 4097 ¹non
644 4036 791 4104 accedat,
816 4049 849 4094 ut
874 4034 992 4094 revelet
1014 4033 1236 4114 turpitudinem
1256 4036 1337 4092 eins.

211 4133 253 4193 Et
271 4128 369 4208 pauiu
387 4131 472 4207 post:
493 4123 557 4186 Nec
576 4119 705 4180 accedat
723 4117 916 4180 adnotarem
935 4118 1000 4176 eins
1023 4116 1078 4194 qni
1098 4117 1159 4176 sibi
1177 4113 1337 4192 affinitate

213 4205 420 4288 coniungitur.
462 4207 543 4268 Item
568 4203 655 4264 undo
676 4222 778 4284 supra.
822 4199 934 4260 Nullas
961 4199 1040 4262 certi
1056 4196 1173 4277 gradus
1198 4219 1338 4264 consa„-

1436 57 1440 270 t
