2910 4986
188 279 264 355 444
515 303 516 306 ¹
608 281 926 391 caerretanus

107 513 109 516 .
167 445 170 452 ’
187 440 277 504 relas.
291 437 335 502 ad
347 437 569 502 deliniendum
584 441 757 504 remittere.
799 439 865 524 Ipsi
882 460 958 502 vero
973 438 1062 522 Missi
1079 458 1143 500 non
1155 434 1231 502 'sine
1246 459 1324 500 oera-

187 523 310 584 tissi'ma
333 544 427 584 causa
452 525 506 583 vel
531 527 717 592 necessitate
744 523 809 585 hue
841 523 986 603 illucque
1016 523 1217 597 discurrant,
1255 520 1320 582 nisi

186 605 269 666 forte
284 605 489 686 quandotale
505 606 631 687 aliquid
642 608 676 666 in
691 606 867 668 cuiuslibet
877 605 1056 666 ministerio
1071 605 1110 665 ad
1123 601 1321 686 legationem

187 709 278 750 suam
290 688 472 768 pertinente
490 698 597 750 ortum
611 712 679 751 esse
695 687 917 770 cognoverint,
940 687 1031 769 quod
1044 709 1157 747 eorum
1170 706 1321 768 praesen·

186 769 232 830 tib
257 769 403 852 indigeat·
420 780 453 831 et
478 770 548 830 sine
571 772 702 833 illorum
727 771 864 834 consilio
888 770 947 832 rel«
968 769 1138 830 adiutorio·
1153 766 1320 828 emendari

187 873 253 912 non
268 853 375 933 possit.
417 853 505 918 inde¹
517 861 622 915 tamen
640 856 761 916 debent
782 875 849 916 esse
866 851 1015 928 solliciti,
1039 861 1076 914 ut
1093 859 1226 935 propter
1242 849 1321 909 illo·
1370 922 1373 928 ,

185 956 263 998 rum.
286 935 524 1016 neglegentiam
545 936 628 1004 nihil
652 936 686 997 in
713 959 769 997 sua
789 935 951 1019 legatione
975 935 1193 994 incorrectum
1213 953 1321 992 rema·
1369 981 1376 998 ,

174 1026 282 1087 neat,
299 1017 355 1076 sed
371 1017 426 1083 uhi
446 1030 566 1079 certam
583 1029 614 1080 et
631 1039 740 1080 veram
754 1018 976 1086 necessitatem
993 1039 1033 1077 co
1058 1015 1225 1091 noverint,
1247 1035 1323 1084 nos-

186 1108 267 1160 tram
281 1099 454 1168 iussionem
472 1102 653 1184 adimplere
668 1123 733 1164 non
753 1101 943 1183 neglegant.¹
977 1040 1061 1168 Ibiti-
1083 1121 1110 1159 c.
1126 1097 1175 1158 26.

227 1227 277 1291 De
297 1229 355 1289 boe
379 1227 467 1312 quod
487 1250 547 1312 per
561 1229 677 1300 Missos
702 1228 876 1288 dominicos
895 1250 931 1287 eo
957 1223 1042 1311 quae·
1051 1250 1113 1312 per
1133 1227 1285 1314 Capitale

383 1323 499 1396 statuto
520 1323 616 1388 sunt,
634 1312 778 1372 omnibus·
795 1324 869 1371 noto
878 1308 963 1393 fleri.
979 1310 1121 1372 debean&

268 1417 401 1477 XXVII.
444 1416 602 1485 Volumus
629 1419 723 1479 etiam
748 1427 787 1484 ut
810 1417 957 1478 omnibus
979 1427 1092 1482 notum¹
1113 1417 1155 1478 sit
1177 1415 1254 1496 qnia
1278 1415 1323 1478 ad

135 1524 138 1528 ·
185 1495 256 1566 hoc¹
272 1499 441 1560 constituti
460 1509 536 1560 sunt
552 1509 587 1558 ut
606 1521 643 1560 ea
662 1521 743 1582 quae
759 1521 819 1582 per
832 1499 981 1580 Capitula
999 1498 1321 1582 nostra'generaliter

187 1583 226 1642 de
249 1581 496 1663 quibuscunque
515 1582 616 1646 causis
639 1582 824 1658 statuimus,
845 1603 904 1663 per
927 1583 1037 1645 Missos
1059 1591 1132 1643 nota
1150 1581 1228 1640 fiant
1248 1602 1319 1641 om-

97 1707 98 1712 .
186 1664 307 1737 nibus,¹
332 1665 416 1722 etin
442 1685 553 1725 eornm
576 1665 803 1744 procuratione
831 1664 1026 1742 consistant,
1054 1674 1090 1724 ut
1108 1664 1147 1724 ab
1168 1662 1320 1729 omnihus

186 1745 433 1825 adimpleantur.
474 1747 516 1806 Et
543 1747 598 1805 ubi
623 1748 706 1815 forte
734 1745 844 1826 aliquo
869 1741 1196 1828 tali'i‘mpedimento,
1229 1745 1323 1824 quod*

184 1848 246 1908 per
260 1849 313 1887 eos
326 1827 489 1892 emendari
509 1851 572 1888 non
590 1830 719 1909 possit,
733 1828 863 1908 aliquid·
875 1828 914 1888 de
931 1827 980 1888 hi's
996 1849 1078 1909 quae
1094 1827 1319 1894 constituimus

185 1931 223 1974 ac
237 1909 410 1984 iussimus,
432 1901 621 1978 remanserit
642 1912 881 1995 imperfectum,
905 1930 1017 1977 eorum
1034 1912 1140 1972 relatu
1162 1908 1253 1970 nobis
1279 1911 1324 1971 ad

185 2000 311 2073 tempus
327 1992 507 2067 indicetur,
530 2002 566 2060 ut
584 2016 643 2075 per
664 2017 721 2059 nos
740 1992 919 2076 corrigatur
935 1994 1030 2074 quod
1044 2015 1103 2078 per
1121 2015 1175 2054 eos
1198 1991 1325 2078 corrigi,
1364 2045 1368 2052 .

98 2117 99 2121 ,
187 2093 258 2139 non,
274 2074 392 2158 potuit.
432 2074 517 2134 Ibid.
535 2095 560 2134 e.
576 2096 626 2157 27⁴

321 2212 370 2271 De
390 2211 605 2274 admonitione
622 2211 674 2272 ad'
685 2234 737 2275 eos
757 2216 820 2299 qui-⁴
832 2215 984 2294 legatione
995 2211 1191 2295 funguntur..

267 2327 417 2402 XXVIII.
458 2327 555 2388 Nosse
576 2348 631 2388 vos
647 2329 807 2390 credimus
828 2331 939 2411 quanti
964 2330 1006 2389 sit
1021 2327 1173 2412 ponderis
1198 2328 1317 2410 legatio

186 2431 283 2492 quam
300 2407 390 2471 vobis
407 2409 643 2488 commisimus,
666 2421 698 2471 et
719 2433 815 2493 qnam
836 2412 877 2476 sit
897 2411 1115 2493 periculosum
1140 2418 1245 2469 tantae
1267 2409 1318 2470 rei

186 2513 302 2554 curam·
320 2491 491 2572 neglegere
516 2502 668 2573 quantam
690 2493 746 2555 vos
773 2516 830 2576 pro
851 2492 1124 2554 nostraomnium
1153 2492 1317 2553 communi

185 2575 288 2637 salute
310 2595 349 2634 cx
363 2584 471 2634 nostra
489 2575 683 2656 obligatione
704 2576 879 2657 suscepisse
897 2597 962 2635 non
980 2574 1144 2658 ignoratis.
1186 2577 1235 2634 De
1252 2594 1319 2654 qua
1371 2614 1374 2620 -

179 2679 221 2720 ,re
245 2678 325 2718 cum·
344 2677 402 2724 vos,
412 2656 718 2738 interrogassemus,
740 2679 805 2718 non
828 2659 874 2720 sic
891 2657 983 2717 nobis
1000 2677 1187 2739 responsum
1208 2663 1254 2716 est
1281 2663 1319 2715 ut

185 2739 220 2800 in
239 2761 282 2800 eo
297 2760 451 2819 responso
470 2740 614 2799 sufficere
634 2740 790 2822 potuisset
810 2741 849 2800 ad
868 2761 939 2798 eam·
959 2738 1200 2820 dispositionem
1219 2746 1319 2819 quam

176 2843 295 2892 ,rernm
308 2820 477 2882 necessitas
489 2823 528 2882 ad
543 2843 743 2882 communem
758 2822 927 2882 utilitatem
939 2821 1171 2902 pertinentium
1183 2841 1317 2902 poscere

175 2904 374 2980 ridebatur,
404 2904 455 2964 vel
477 2905 542 2985 qual
568 2905 658 2966 nobis
680 2904 812 2986 aliquod
838 2903 1016 2966 securitatis
1037 2901 1186 2964 solatium
1211 2901 1317 2961 afferri

184 2987 350 3071 potuisset.
384 2986 426 3044 Et
440 2985 501 3046 hoc
520 2986 593 3047 ideo
613 2987 757 3048 evenisse
772 2986 1011 3082 perspeximus,
1034 2985 1108 3066 quia
1125 3006 1210 3060 anno
1226 3005 1318 3064 prae·

181 3069 301 3144 terito,
324 3068 454 3148 quando
480 3068 664 3149 Capitulare
689 3069 857 3150 legationis
881 3077 1004 3128 restrae
1030 3067 1121 3127 vobis
1150 3066 1315 3139 dedimus,

186 3151 278 3212 caute
298 3171 352 3210 vos
370 3149 536 3210 observare
552 3151 700 3213 iussimus
718 3173 758 3210 ne
780 3151 849 3212 sine
871 3172 964 3210 causa
985 3149 1035 3209 his
1049 3171 1128 3229 quos
1141 3147 1315 3207 honoratos

185 3253 253 3293 csse
273 3231 418 3291 volumus
440 3231 546 3312 aliqua
568 3233 658 3294 tieret
673 3233 801 3293 iniuria.
847 3235 1051 3313 Quapropter
1064 3231 1211 3292 volumus
1225 3228 1316 3288 vobis

186 3321 304 3374 notum
317 3313 421 3372 facere
445 3314 584 3393 qualiter
604 3326 697 3386 tunc,
721 3316 861 3383 Domino
882 3315 1073 3388 adiuvante,
1097 3312 1232 3371 eandem
1248 3311 1317 3369 ius.-

184 3396 310 3458 sionem
330 3402 468 3454 nostram
483 3395 623 3458 debeatis
639 3398 823 3477 adimplere.
866 3394 1024 3456 Volumus
1042 3403 1077 3452 nt
1097 3392 1183 3452 Missi
1203 3391 1316 3466 nostri,

184 3499 267 3560 quos
293 3475 418 3536 adhoc
440 3479 628 3539 constitutos
649 3480 802 3539 habemns
827 3486 863 3536 ut
883 3499 991 3537 euram
1008 3485 1040 3535 et
1062 3474 1317 3536 sollicitudinem

184 3561 325 3624 habeant
344 3557 484 3640 qualiter
505 3561 727 3642 unusquisque
747 3561 803 3639 qui
818 3569 924 3620 rector
939 3557 1051 3640 populi
1071 3556 1171 3617 nostri
1187 3557 1204 3615 d
1223 3555 1316 3616 nobis

123 3698 124 3701 ,
185 3643 378 3704 constitutus
395 3650 457 3717 est,
480 3641 516 3701 in
530 3663 587 3702 suo
604 3643 717 3702 ordine
735 3641 875 3701 officinm
889 3640 949 3702 sibi
967 3639 1167 3700 commissum
1182 3637 1262 3698 inste
1280 3659 1316 3696 ae

184 3725 255 3788 Deo
278 3719 394 3806 placite
419 3723 458 3782 ad
479 3723 636 3784 honorem
662 3733 866 3784 nostrumne
886 3721 998 3803 populi
1026 3722 1132 3781 nostri:
1145 3715 1318 3780 utilitatem

185 3807 405 3880 administret,
428 3804 462 3863 in
489 3804 578 3865 hunc
604 3807 739 3866 modum*
762 3803 979 3887 cognoscendi
1004 3803 1207 3886 diligentiam
1222 3800 1317 3864 adhir

180 3886 305 3965 disant,
328 3887 410 3948 siea
428 3908 510 3967 quae
531 3887 564 3945 in
583 3887 758 3969 Capitulini
777 3896 903 3962 nostro,
928 3886 1018 3965 quod
1031 3885 1075 3944 eis
1089 3906 1173 3943 anno
1188 3892 1317 3965 praete-

185 3972 248 4033 rito
266 3971 430 4044 dedimus,
454 3969 678 4049 continentur,
701 3970 877 4031 seeundum
895 3968 1095 4029 voluntatem
1110 3965 1171 4026 Dei
1193 3985 1229 4024 ac
1247 3963 1317 4024 ius*

184 4055 310 4116 sionem
339 4061 477 4112 nostram
499 4051 576 4128 fiant
597 4053 778 4135 adimpleta.
820 4051 934 4130 ltaque
963 4050 1112 4109 volumus
1144 4056 1180 4107 ut
1209 4045 1316 4106 medio

141 4189 143 4194 .
186 4158 295 4197 mense
318 4133 402 4194 Maio
427 4133 625 4194 conveniant
644 4136 740 4196 iidem
762 4133 866 4206 Missi,
889 4130 1114 4211 unusquisque
1132 4129 1165 4187 in
1187 4149 1243 4188 sua
1265 4128 1316 4186 le-

175 4218 334 4301 gatione,
357 4237 438 4288 ,cum
458 4217 604 4278 omnibus
625 4217 811 4304 Episcopis,
840 4213 1036 4292 abbatibus,
1059 4210 1259 4287 Comitibus,
1279 4229 1317 4269 ac
