2926 4984
582 317 702 388 usses
734 321 913 394 ¹mustus
1174 267 1179 280 ¹
1228 311 1304 384 Λ495

280 471 434 559 Principe
454 500 474 537 a
497 473 627 537 ostolica
645 491 720 531 auc-

279 561 417 619 ·toritatc
446 498 606 619 llblendm
629 555 721 615 Mar-

287 643 349 700 tios
371 643 514 724 Liptinas
541 641 658 704 babila.

236 721 274 797 4.
293 723 425 807 ¹Defide
440 722 594 785 catholica
607 735 637 782 et
650 722 721 805 pri-

286 826 336 864 mo
346 820 512 890 praecepto
527 805 613 885 legis.

235 882 274 947 5.
297 888 427 970 Depace
445 887 721 950 e'tconoordiaser·

284 970 401 1032 vando.

165 1109 168 1116 ,
240 1048 273 1110 6.
296 1053 345 1111 De
366 1075 402 1114 eo
422 1058 477 1138 qui
497 1057 516 1114 it
534 1053 720 1129 Presbytero

284 1154 349 1193 non
373 1137 530 1223 baptizato
549 1138 721 1222 baptizatus

287 1228 343 1276 est.

236 1315 273 1380 7.
296 1295 344 1359 De
365 1323 400 1364 eo
417 1300 654 1386 quiflliastrum
667 1311 722 1361 aut

273 1377 451 1464 filiastram
483 1399 553 1445 aare
585 1384 719 1469 Episco-

263 1483 340 1544 pum
356 1470 498 1527 tenuerit.

245 1543 277 1606 8.
300 1546 347 1605 De
362 1551 410 1608 bis
432 1552 487 1632 qui
506 1563 636 1634 propter
650 1545 722 1628 fai·

287 1625 361 1688 dam
381 1635 414 1691 in
431 1633 515 1692 salias
529 1635 650 1715 patrias
660 1629 721 1711 su-

208 1719 212 1732 '
280 1713 386 1786 *giunt

238 1811 276 1872 9.
299 1795 347 1852 Dc
365 1799 500 1858 incestis.

222 1894 277 1932 so.
301 1876 349 1934 De
368 1882 586 1942 ecclesiasticis
605 1881 689 1938 viris.

222 1977 241 2013 =1
252 1975 276 2013 ι.
300 1958 348 2017 Dc
364 1965 560 2039 Presbyteris
581 1975 611 2023 et
627 1962 725 2022 Cleri-

287 2042 345 2111 cis,
358 2059 392 2102 ut
407 2047 656 2106 Arcltidiaconus
667 2065 722 2106 eos

288 2141 438 2187 convocet
454 2127 499 2186 ad
512 2127 675 2203 synodum.

222 2221 277 2263 u.
300 2204 348 2266 De
370 2230 405 2268 eo
419 2213 473 2290 qui
486 2209 725 2292 MissoEpisco·

287 2290 325 2370 pi
333 2291 564 2352 contradixerit
572 2293 625 2350 vel
632 2294 725 2351 Pres-

291 2369 400 2448 bytero
420 2387 473 2433 aut
489 2375 608 2434 Clerico
626 2375 724 2434 inces-

291 2462 420 2514 tuocum.

224 2529 279 2592 1'3.
302 2537 350 2594 Dc
364 2538 411 2596 bis
429 2537 484 2617 qui
500 2558 549 2596 res
569 2537 726 2597 ccclesias·
745 2583 749 2594 .

291 2618 368 2677 ticos
387 2621 484 2680 verbo
505 2621 621 2680 Domni
634 2620 725 2698 Regis

291 2710 404 2760 tenent.

229 2777 282 2852 ⁴4.
308 2779 349 2840 Ut
368 2785 550 2861 Presbyteri
565 2785 622 2866 qui
638 2785 726 2843 vicos

292 2864 348 2920 vel
364 2865 523 2927 Ecclesias
538 2879 653 2936 tenent,
680 2887 728 2926 ce·

291 2961 358 3004 ram
380 2948 427 3007 vel
449 2951 528 3008 alios
555 2969 663 3008 census
683 2945 728 3006 ad

287 3041 423 3088 :matrem
443 3032 576 3090 civitatis
592 3029 728 3090 Ecclesi-

292 3129 343 3166 am
351 3112 547 3192 persolvunt,
560 3114 638 3173 sicut
651 3131 727 3171 con·

288 3191 428 3252 suetudo
436 3191 514 3272 fuit.

229 3269 281 3335 25·
304 3272 351 3330 De
369 3275 586 3337 emunitatibus
603 3291 729 3332 serron·

294 3351 355 3412 dis.

231 3434 283 3497 16.
304 3435 351 3494 De
370 3436 496 3497 iustitiis
514 3433 686 3517 faciendis.

232 3535 283 3594 ³7.
306 3519 354 3577 De
398 3520 613 3579 ecclesiasticis
648 3517 728 3576 viris

297 3599 353 3678 qui
361 3620 393 3658 se
408 3601 609 3660 reclamantes
620 3598 729 3682 adpo

289 3680 405 3740 latium
418 3683 555 3741 veniunt.
616 3691 621 3704 '

237 3759 286 3821 ιθ.
311 3763 355 3819 Dc
372 3766 501 3822 muliere
521 3787 599 3848 qtme
611 3763 676 3823 sine
689 3764 729 3822 li·

299 3845 398 3904 centia
423 3846 482 3905 oiri
504 3848 553 3906 sui
575 3847 680 3906 velum
697 3847 730 3906 iu

300 3939 391 4008 caput
403 3931 529 3986 miserit.

238 4024 288 4086 ³9.
310 4009 359 4067 De
379 4028 415 4069 eo
433 4009 669 4092 quifiliastrnm
683 4033 731 4069 su-

225 4103 226 4110 ’
301 4113 349 4149 am
363 4105 472 4152 cantra
486 4093 677 4151 oolisntatem
686 4093 732 4174 ip-

299 4171 363 4230 sius
377 4172 502 4232 dederit
513 4176 584 4235 uiro
596 4175 729 4253 ingenuo

298 4252 351 4311 vel
370 4271 466 4316 serra.

811 491 861 533 20.
883 470 930 530 Dc
945 468 1069 552 'semina
1083 473 1215 558 ingenua
1228 493 1306 557 quae

872 575 992 614 seruum
1012 561 1175 642 acceperit.

812 658 860 698 21.
883 634 931 699 lle
957 642 1064 722 coqui
1083 643 1174 702 babet
1196 639 1308 700 mulie-

874 741 939 780 rem
960 724 1142 800 legitimam,
1165 727 1193 783 si
1200 723 1308 802 scater

875 807 942 862 eius
963 805 1226 866 adulteravitcum
1242 827 1288 864 ea.

812 904 862 945 π.
889 887 931 946 llt
947 887 1134 948 Sacerdotes
1146 890 1200 948 oel
1213 888 1309 947 Cleri-

874 971 905 1029 ci
929 968 973 1028 ad
996 971 1150 1030 secularia
1170 971 1306 1049 negotiu,

875 1053 985 1112 relicto
995 1050 1151 1136 Episcopo
1168 1076 1234 1128 suo,
1245 1073 1308 1112 uon

872 1135 1042 1194 convolent.

809 1217 861 1278 sb.
888 1216 927 1276 Ut
947 1216 1132 1292 Presbyteri
1147 1231 1177 1276 ct
1190 1219 1308 1278 Diaco-

872 1300 906 1357 ni
919 1312 1047 1379 praeter
1062 1298 1251 1383 Episcopum
1263 1300 1311 1360 ni·

874 1381 920 1439 bil
940 1394 1041 1460 agant.

814 1463 863 1539 24.
886 1463 933 1524 De
958 1467 1069 1546 coqui
1088 1465 1193 1526 oblata
1210 1463 1308 1526 dutc-

891 1550 934 1608 rit
954 1545 1009 1606 uel
1033 1551 1187 1631 acceperit
1213 1569 1309 1630 prac-

888 1629 1092 1711 terEpiscopi
1111 1632 1288 1696 iussionem.

815 1707 864 1770 25.
881 1711 955 1770 Cum
963 1714 1309 1774 excommunicatisnon

875 1794 969 1852 licere
983 1795 1220 1854 communicare.

815 1875 864 1936 26.
885 1877 933 1934 Dc
947 1896 982 1934 eo
998 1877 1052 1956 quei
1066 1875 1238 1935 Ecclesiam
1247 1878 1311 1937 Dei

875 1959 1046 2018 conturbat.

809 2057 863 2119 ²7·
886 2041 933 2100 De
949 2039 1128 2109 Monacbis,
1143 2053 1177 2099 ut
1189 2043 1222 2101 in
1232 2043 1310 2102 civi-

873 2135 938 2182 tate
961 2121 1015 2179 oel
1032 2126 1156 2202 regione
1173 2126 1311 2202 qualibet

874 2204 1030 2285 Episcopo
1073 2227 1128 2267 suo
1181 2207 1312 2268 subiecti

876 2289 946 2352 sint.

810 2369 862 2434 ⁴28.
891 2370 931 2430 Ut
952 2370 1090 2432 Clericus
1116 2373 1148 2430 in
1168 2371 1311 2430 Ecclesia

879 2453 912 2510 in
932 2473 992 2534 qua
1012 2453 1231 2538 praetitulatus
1250 2464 1308 2523 est,

876 2551 1068 2616 permaneat.

818 2637 866 2700 ²9·
892 2613 933 2675 Ut
947 2617 1120 2700 Episcopus
1131 2638 1237 2678 curam
1249 2636 1313 2677 mo·

876 2702 1082 2759 austeriorum
1098 2713 1194 2778 gerat.

817 2781 865 2841 30.
889 2781 936 2839 De
966 2802 1001 2840 eo
1022 2783 1077 2860 qui
1097 2779 1312 2841 excommuni-

879 2874 965 2922 catus
993 2883 1054 2946 pro
1088 2884 1144 2923 suo
1173 2863 1312 2942 neglecto

871 2941 988 3023 suerit.

815 3027 867 3088 31.
893 3024 934 3085 Ut
959 3026 1142 3103 Presbyteri
1162 3048 1227 3086 rem
1249 3025 1313 3090 Ec·

878 3108 989 3167 clesiae
1009 3130 1070 3168 nou
1090 3108 1237 3175 vendant.

819 3189 868 3250 32.
894 3189 937 3250 Ut
946 3192 1201 3251 manumissiones
1209 3194 1242 3253 in
1254 3191 1314 3254 Ec·

879 3270 974 3331 clesia
993 3272 1194 3334 celebrentur.

818 3353 868 3412 53.
892 3355 938 3413 De
963 3352 1179 3434 defensoribus
1201 3357 1315 3418 Eccle-

879 3439 996 3496 siarum
1039 3436 1077 3498 ab
1121 3441 1315 3521 Imperatore

878 3518 1055 3601 poscendis.

819 3597 870 3673 54,
896 3601 936 3660 Ut
956 3601 1058 3660 niellus
1085 3600 1241 3662 Sacerdos
1261 3622 1315 3662 ca·

883 3703 978 3742 nones
994 3683 1124 3758 ignoret.
1151 3717 1156 3722 -

822 3760 870 3824 55.
893 3763 981 3842 Quid
994 3761 1033 3822 de
1044 3765 1240 3840 Presbyteris
1254 3763 1319 3825 cri·

883 3847 1031 3914 ruinosis,
1054 3844 1093 3904 de
1125 3847 1235 3926 qcribus
1258 3845 1318 3906 od-

879 3927 1023 4008 probatio
1039 3947 1101 3986 non
1124 3940 1194 3998 est,
1227 3948 1318 4008 agen·

882 4007 955 4066 dum
971 4010 1020 4067 sit.

818 4089 870 4152 36.
895 4091 939 4147 De
969 4089 1174 4151 Sacerdotum
1201 4109 1319 4173 purga-

882 4171 975 4230 tione.
993 4173 1041 4232 Ex
1053 4173 1209 4256 Capitulis
1218 4174 1318 4234 Dom-

878 4255 916 4312 ni
934 4251 1055 4320 Karoli.
