2910 4986
495 349 610 406 tissa
645 345 830 409 ansanus.
1159 329 1233 402 tna

106 484 159 564 69.
181 483 229 545 De
249 487 297 545 lais
311 485 582 572 quiadpalaciom
593 490 647 550 vel
775 489 849 547 liter
886 491 1059 549 coniectum
1092 491 1234 574 occipere

186 571 219 626 in
233 570 353 631 tostam
367 585 512 653 pergunt,
528 573 582 632 nel
599 576 646 633 in·
776 569 918 632 decenne
1176 577 1184 605 ·”

185 650 226 710 de
243 651 385 714 redeunt.
700 671 748 731 7ο.
770 655 826 714 De
852 656 949 713 vassis
978 652 1167 726 dominicis,
1202 666 1234 714 et

104 731 154 792 60.
174 733 223 792 De
237 738 385 816 pontibus
397 736 542 817 publicis.
775 733 1005 819 Episcopornm
1023 738 1078 797 nel
1098 737 1234 818 reliquo-

103 814 153 873 61.
174 815 223 874 De
241 816 383 890 Clericis,
404 818 569 902 Monocln's
578 863 589 892 ,
617 829 646 878 et
776 837 846 877 rum
860 819 915 902 qui
935 821 969 879 in
984 821 1070 895 toste
1084 839 1147 892 non
1154 816 1233 902 sue-

186 902 285 959 sernis
296 898 464 979 fugitiuis..
776 912 858 960 runt.

104 976 153 1037 62.
175 979 229 1055 lia
242 983 412 1043 Advocatis
433 983 642 1066 Episcopum,
695 1001 743 1060 71.
764 981 1235 1065 DeEpiscopis,Abbatibus,et

183 1062 354 1136 Althaeam,
366 1064 530 1144 Comitum,
540 1077 569 1126 et
583 1064 645 1126 Ab·
778 1063 968 1136 comitibus,
995 1077 1025 1124 et
1050 1064 1091 1129 ele
1112 1066 1233 1150 placito

185 1141 383 1210 batissarnm.
776 1148 948 1207 Missurum
972 1145 1213 1209 dominicorum.

104 1222 152 1294 63.
174 1225 223 1284 De
237 1226 439 1288 Vicariisnel
450 1227 644 1288 Centenariis
694 1247 742 1307 70.
764 1228 813 1290 De
830 1250 894 1294 non
910 1227 1065 1308 exigendo
1085 1229 1233 1288 heriban-

184 1308 213 1365 si
226 1308 365 1370 latrones
381 1311 562 1374 celaverint.
774 1331 815 1372 no
832 1324 998 1394 antequam
1010 1312 1112 1380 iussio,
1128 1308 1233 1372 demi-

104 1387 153 1464 64.
175 1389 224 1448 De
251 1391 423 1453 Comitz'bus
445 1404 476 1451 et
506 1392 643 1458 Vicariis
774 1396 846 1454 nica
863 1391 1022 1476 notafiat.
1047 1455 1052 1470 ‚

184 1471 393 1534 admonendis
424 1473 463 1534 de
492 1477 643 1549 constitu·
693 1475 742 1557 75.
765 1475 977 1560 Dedispensa
994 1475 1166 1536 Missurum
1177 1471 1232 1535 de·

187 1556 272 1632 tmere
295 1557 384 1636 legis,
775 1560 973 1636 utinicorum.

104 1634 152 1698 65.
174 1636 223 1695 De
234 1636 411 1718 forestibus
428 1637 604 1704 dominicis,
695 1641 743 1720 74.
764 1640 813 1698 De
835 1661 870 1701 eo
887 1641 942 1722 qui
961 1640 995 1698 in
1011 1639 1115 1712 aliena
1126 1638 1234 1721 patria

104 1717 153 1784 66.
175 1718 222 1776 De
237 1721 347 1780 Missis
359 1723 537 1799 dominicis,
561 1732 592 1784 et.
604 1722 643 1786 de
775 1723 1063 1807 dequalibetcaaso
1071 1718 1232 1802 fueritin·

186 1801 233 1859 liis
243 1804 298 1884 qui
306 1803 576 1885 iustitiamsncere
592 1825 642 1876 re·
775 1808 965 1891 terpellatns.

188 1899 296 1948 nnunt.
694 1885 743 1968 75.
764 1888 813 1948 De
827 1889 980 1962 solutione
995 1896 1087 1968 atque
1103 1904 1232 1969 compo·

106 1963 155 2044 67.
177 1965 226 2024 De
247 1967 356 2048 Missis
370 1967 560 2040 dominicis,
592 1970 645 2038 nbi
670 2031 671 2036 1
775 1972 896 2032 sia'one.

185 2047 304 2108 diutius
319 2071 383 2111 non
393 2051 645 2113 debeantimmo·
694 2051 741 2131 76.
764 2052 812 2110 De
832 2065 913 2112 statu
930 2049 1074 2113 hominis.

184 2131 261 2195 rari.
691 2135 796 2216 77.l)e
828 2132 1230 2214 roprietatelrominisquae

102 2211 152 2282 68.
172 2211 223 2271 De
238 2215 348 2274 Missis
362 2215 540 2292 dominicis,
558 2231 588 2277 et
602 2215 648 2276 de.
773 2155 934 2295 06011700
954 2213 988 2270 in
1005 2211 1141 2272 bannum
1149 2209 1229 2292 fne-

185 2295 305 2366 Comite
325 2299 359 2356 in
379 2299 513 2379 aliquod
530 2302 642 2374 missa-
774 2300 817 2364 ric
837 2299 941 2357 missa.

184 2390 280 2448 llwm
295 2378 349 2438 ‘1¹¹'
349 2393 426 2440 ⁶⁶²⁰·
768 2414 960 2492 Excurcrunr
982 2409 1157 2484 Centrum,

101 2457 152 2540 69.
172 2458 222 2519 De
242 2460 352 2522 Missis
366 2461 545 2537 dominicis,
565 2485 643 2547 qua-

206 2576 367 2638 lncrrruns
390 2599 613 2648 surnascmrra
635 2583 795 2642 Carreum
815 2601 853 2638 rr
875 2597 981 2636 noenu
1005 2592 1137 2646 snmus.¹

198 2681 249 2754 De
265 2684 366 2741 servis
376 2705 437 2767 per
453 2688 679 2765 contumaciam
697 2687 794 2746 alicui
817 2686 882 2744 uim
905 2675 1123 2761 inferentibus,

140 2785 173 2866 L⁴
211 2786 247 2847 Si
267 2787 351 2848 servi
382 2810 442 2872 per
468 2791 709 2869 contumaciam·
730 2790 863 2867 collectis
890 2782 1100 2846 multitudine
1131 2781 1231 2842 alieni

99 2869 169 2930 vim
196 2867 389 2948 intulerint,
410 2872 444 2931 id
472 2883 539 2952 est,
564 2884 620 2939 aut
649 2873 860 2934 homicidium
882 2878 937 2928 aut
965 2865 1154 2926 incendium
1175 2873 1232 2923 aut

99 2950 378 3034 qualiumcunque
392 2975 501 3014 rerum
515 2957 713 3038 direptiones
723 2955 871 3027 fecerint,
886 2949 1010 3012 domini
1023 2968 1161 3028 quorum
1177 2966 1231 3006 ne·

100 3033 256 3115 ssllssflnlifi
272 3036 471 3119 ll00'evenit,
492 3061 551 3120 pro
571 3061 608 3098 eo
630 3041 717 3119 quod
736 3060 790 3110 eos
804 3035 1023 3114 constringere
1054 3029 1231 3094 noluerunt
1278 3061 1280 3076 ·

100 3125 138 3175 nt
161 3115 240 3196 talia
265 3118 371 3177 facere
400 3140 469 3182 000,
490 3122 666 3198 auderent,
686 3123 830 3196 bannum
847 3128 1008 3191 nostrum,
1031 3111 1128 3190 idest
1141 3130 1230 3171 sexa·

101 3196 189 3280 ginta
209 3199 329 3260 solidos
351 3201 477 3275 solvere
500 3213 665 3286 cogantur.

224 3305 274 3364 De
295 3305 388 3366 rebus
408 3307 463 3366 nel
490 3311 654 3394 mancipiis
682 3312 701 3368 t
712 3309 800 3390 fisco
824 3308 923 3388 regali
943 3305 1110 3387 occupatis.
1134 3359 1136 3363 ,

140 3409 184 3472 ll.
226 3411 275 3478 De
302 3411 400 3472 rebus
421 3412 488 3473 sive
511 3415 679 3494 mancipiis
697 3435 778 3494 quae
805 3412 959 3482 dicuntur
976 3434 993 3468 a
1018 3410 1094 3476 fisco
1118 3417 1227 3486 nostro

100 3515 167 3557 esse
190 3495 526 3574 occupatasrolumus
547 3507 583 3557 ut
605 3497 692 3564 Missi
716 3496 818 3555 nostri
844 3493 1088 3576 inquisitionem
1110 3491 1229 3550 faciunt

98 3576 167 3636 sine
191 3585 389 3652 sacramento
404 3599 463 3658 per
486 3579 665 3640 veraciores
685 3579 831 3638 homines
846 3578 917 3659 pagi
938 3575 1027 3634 illins
1041 3575 1229 3650 circumma-

100 3667 232 3736 nentes,
257 3666 288 3718 et
308 3659 466 3740 quicquid
483 3662 522 3722 de
548 3661 609 3722 hac
623 3683 717 3721 causa
735 3662 843 3722 verius
864 3681 900 3718 ac
919 3659 1037 3718 certius
1056 3656 1230 3734 investiga-

98 3761 133 3799 re
152 3739 340 3821 potuerint,
367 3741 407 3801 ad
429 3754 568 3804 nostram
593 3745 712 3803 faciant
741 3743 911 3826 pervenire
934 3740 1097 3815 notitiam,
1114 3748 1150 3797 ut
1171 3757 1228 3812 nus¹

97 3831 177 3900 tnnc
196 3821 386 3902 definiamus
402 3826 561 3908 quicquid
582 3826 673 3886 nobis
694 3827 813 3887 iustum
836 3845 902 3885 esse
921 3823 1077 3882 videatur.

99 3929 147 3988 De
168 3931 270 3992 servis
289 3930 344 3988 vel
364 3932 583 3993 ecclesiasticis
598 3933 652 3992 nel
666 3931 874 4014 utrorumlibet
896 3930 1054 4002 liorninune
1067 3927 1100 3984 in
1105 3923 1232 4007 fiscum,

451 4017 586 4098 regalem
613 4013 877 4098 confingienn'hus,

139 4117 196 4192 111.
239 4119 274 4180 si
304 4121 388 4181 servi
411 4123 462 4182 vel
485 4122 693 4184 ecclesiastici
730 4122 783 4181 vel
813 4116 1232 4200 quorumlibetliberonum

103 4197 270 4260 hominum
290 4201 324 4262 iu
341 4203 451 4265 liscum
467 4215 614 4266 nostrum
632 4203 849 4286 confugerint,
871 4203 935 4261 ota
954 4199 1091 4260 dominis
1109 4197 1162 4258 vel
1177 4197 1230 4290 ad.

103 4282 219 4358 secatis
239 4305 352 4358 eorum
375 4288 505 4371 repetiti
520 4288 654 4366 fuerint,
677 4288 703 4348 si
721 4297 809 4351 actor
825 4285 890 4346 sisci
910 4285 1009 4353 nostri
1031 4282 1233 4346 intellexerit
