2910 4984
209 265 284 356 Stt
630 285 939 346 carrruaauun

212 449 290 508 cum*
308 426 432 512 pietate
460 439 573 511 regere
601 427 733 490 domum
755 437 876 494 monet.
915 428 957 490 Et
985 451 1027 491 ae
1046 426 1113 511 ipsa
1133 429 1238 512 pietas
1253 427 1371 489 indis-

210 521 299 610 creta
314 509 476 608 videatur,
495 511 898 596 praemittit'sententiam,
924 510 1055 574 dicens.-
1074 513 1179 594 Argue
1196 533 1273 572 cnm
1291 532 1371 572 om-
1430 528 1431 588 t

208 615 244 658 ns
267 611 414 679 imperio.

406 699 457 762 De
481 698 605 786 grafia
626 701 810 787 prolatore,
841 710 966 762 ateana
985 699 1147 786 adfirmet.

291 803 382 870 CIX.
426 807 588 869 statutum
622 817 671 872 est
709 817 746 869 ut
786 807 978 890 scripturam
1014 807 1157 890 prolator
1188 808 1368 870 adfirmet.

207 891 288 954 Nam
307 889 335 952 si
362 890 466 974 isqui
487 892 678 974 scripturam
701 890 855 975 protulit,
882 891 952 951 eius
980 912 1046 951 non
1076 892 1280 954 adstruxerit
1306 911 1369 956 vc·

210 973 348 1046 ritatem3
371 983 408 1034 ut
427 973 575 1036 falsitatis
596 989 689 1036 reum
710 995 777 1036 esse
803 973 1022 1038 retinendum.
1068 973 1104 1034 V
1100 979 1145 1039 II.
1167 975 1240 1052 254.

294 1077 392 1164 Quod
413 1078 571 1142 Sacerdos
592 1083 626 1144 in
642 1082 749 1142 habita
773 1081 937 1159 religionis
953 1081 1124 1164 persistere
1143 1081 1271 1149 debeat,
1308 1156 1312 1160 ⁵

292 1184 365 1250 CX.
406 1187 610 1250 Studendum
629 1208 705 1249 sane
729 1185 878 1248 omnibus
899 1195 947 1248 est
971 1186 1060 1246 utin
1083 1186 1196 1247 habitu
1218 1189 1366 1273 religio-

210 1271 262 1336 nis
285 1270 425 1353 quisque
451 1271 607 1332 Sacerdos
628 1279 832 1354 permaneat,
859 1278 893 1330 et
923 1291 978 1331 ore
1006 1269 1197 1352 prophetico
1219 1272 1364 1334 sibimet

209 1354 355 1438 praecipi
373 1362 497 1415 constat
519 1353 669 1416 dicantes
698 1353 829 1423 Clamo,
852 1373 891 1412 ne
909 1373 1009 1413 sesses
1019 1377 1031 1421 ;
1058 1355 1149 1434 quasi
1170 1354 1244 1414 tuba
1261 1359 1362 1416 exal-

209 1451 245 1500 ta
267 1458 376 1502 vocem
401 1450 495 1501 tuam.
537 1437 677 1514 Quando
695 1435 788 1513 dixit,
811 1435 931 1507 Clamo,
957 1456 995 1494 ne
1014 1455 1134 1507 cesses,
1159 1457 1256 1498 omne
1273 1448 1361 1498 tem-

209 1541 273 1603 pus
298 1519 450 1582 exclusit:
478 1519 567 1602 quod
591 1540 686 1580 nemo
711 1527 816 1600 potest
839 1538 1004 1580 excusare.
1045 1517 1177 1578 Etenim
1194 1519 1234 1579 de
1258 1520 1359 1582 libris

210 1602 415 1680 officialibus,
438 1610 475 1661 ut
492 1601 650 1680 novimus,
672 1610 758 1686 patet
784 1601 887 1672 ratio;
914 1600 990 1682 quia
1010 1620 1215 1680 nequaqnam
1235 1623 1358 1684 corpo-

210 1707 269 1746 reo
288 1707 349 1746 usu
368 1685 448 1746 haec
469 1684 666 1766 requirenda
690 1682 814 1744 abillis
843 1693 935 1745 erant
961 1681 1017 1765 qui
1042 1681 1232 1760 spiritaliter
1252 1685 1355 1745 vive-

211 1769 301 1845 bant,
323 1767 451 1828 dicente
478 1767 751 1852 Graphopsalmo:
786 1767 826 1827 ln
854 1787 902 1825 me
931 1778 1020 1842 sant,
1047 1766 1152 1835 Dens,
1183 1779 1255 1824 vota
1281 1779 1353 1838 tua,

212 1870 291 1932 quae
316 1849 449 1910 reddam
467 1848 664 1910 laudationes
686 1850 753 1914 tibi.
799 1849 863 1910 Nos
884 1856 1002 1926 tamen,
1027 1846 1138 1930 quiin
1164 1848 1272 1909 medio
1294 1872 1355 1930 po-

212 1931 266 1992 siti
302 1953 428 2010 sumus,
467 1931 592 1992 scilicet
620 1931 706 1992 inter
741 1931 918 2014 spiritalem
953 1940 984 1991 et
1018 1931 1219 2012 corporalem
1255 1931 1355 1991 intel·

213 2014 354 2091 lectum,
395 2013 429 2072 in
453 2013 602 2075 omnibus
625 2014 831 2076 exhibeamus
860 2012 1070 2096 nosmetipsos
1094 2012 1176 2072 sicut
1199 2013 1262 2073 Dei
1287 2016 1353 2072 mi-

210 2097 339 2174 nistros,
363 2105 398 2155 ut
421 2117 486 2155 non
507 2097 711 2178 vituperetur
732 2097 946 2158 ministerium
967 2105 1122 2169 nostrum,
1146 2105 1179 2155 et
1202 2096 1351 2177 prophe-

209 2178 311 2240 ticum
327 2199 507 2240 sermonem
519 2178 707 2261 impleamus
719 2180 897 2241 dicentem:
913 2181 1070 2244 lautitiam
1082 2178 1204 2253 discite,
1223 2181 1280 2260 qai
1295 2181 1352 2238 lra-

212 2263 321 2322 bitatis
344 2275 471 2325 terram.
504 2262 557 2336 Et,
579 2263 667 2343 quod
688 2271 807 2325 avertat
826 2265 914 2323 Deus
934 2265 951 2324 a
972 2262 1074 2336 nobis,
1096 2259 1182 2320 idem
1198 2260 1350 2342 Prophe-

210 2353 244 2403 ta
269 2343 363 2406 dicit:
392 2343 486 2403 Zelus
509 2342 554 2402 ad
575 2343 719 2404 rehendit
738 2345 890 2428 populum
917 2343 1118 2404 ineruditum.
1160 2343 1203 2401 Et
1226 2343 1348 2402 iterum

211 2427 294 2487 alius
322 2425 504 2508 Propheta:
535 2366 724 2487 riiacerdotes
750 2429 977 2506 ignoraverant
1004 2427 1254 2504 intelligentiam,
1305 2426 1350 2484 Et

210 2509 298 2570 idem
319 2508 503 2590 Propheta:
537 2508 725 2570 Sacerdotes
751 2507 1003 2580 madidarent,
1028 2509 1082 2568 ott
1099 2517 1144 2566 est
1168 2507 1349 2566 Dominus?

207 2604 242 2660 net
263 2603 402 2651 tenentes
420 2592 503 2670 leges
522 2611 620 2662 mens,
651 2591 828 2650 nescierunt
851 2612 908 2650 rne.
951 2593 1023 2668 Qua
1047 2611 1123 2670 ergo
1142 2588 1262 2665 fronte,
1283 2611 1349 2671 qua

210 2673 409 2736 conscientia
433 2673 638 2734 Sacerdotem
664 2672 824 2732 nominari
847 2693 881 2735 se
900 2674 1043 2752 fatetur,
1057 2693 1163 2756 *quem
1187 2671 1347 2733 Dominus

209 2778 270 2840 per
291 2755 488 2839 Prophetam
514 2755 639 2816 nescire
661 2776 695 2816 se
718 2754 817 2817 dicitl

210 2863 261 2924 De'
284 2872 320 2924 eo
342 2862 399 2945 qni
419 2859 544 2922 cansam
568 2861 721 2938 habuerit,
744 2873 779 2920 at
800 2861 818 2920 la
836 2861 980 2944 propriis
995 2859 1160 2923 Iudicilns
1179 2860 1347 2922 iudicetur.

293 2965 383 3031 CXl.
425 2966 622 3047 Quicunque
645 2987 773 3028 causam
789 2965 950 3042 habuerit,
973 2966 1152 3048 inpropriis
1179 2965 1346 3028 lodicibus

210 3052 388 3122 iudicatum
412 3059 444 3110 et
465 3071 531 3108 non
553 3050 593 3108 ad
613 3048 736 3110 alienos
754 3051 848 3109 carisa
870 3049 1005 3130 vagandi
1028 3060 1058 3109 et
1077 3051 1268 3129 proterviae,
1293 3051 1345 3110 di-

210 3135 339 3196 mittens
360 3155 448 3193 suam
467 3131 620 3213 patriam,
643 3139 799 3202 transeat3
831 3132 888 3192 sed
911 3133 995 3212 apud
1011 3133 1294 3218 Metropolitanum
1310 3142 1347 3192 et
1433 3123 1435 3136 Ι

208 3217 354 3299 reliquos
373 3215 551 3298 Episcopos
573 3235 649 3276 suae
671 3213 859 3295 provinciae
887 3214 1060 3279 indicetur.

229 3323 280 3382 De
305 3322 473 3384 Canonicis
504 3321 636 3381 Clericis
658 3321 774 3460 quidin
795 3321 976 3383 civitatibus
1001 3319 1049 3381 vel
1067 3322 1100 3381 in
1127 3322 1328 3384 monasteriis

739 3414 841 3462 erant.

294 3485 402 3549 CXII.
445 3485 605 3550 Volumus
623 3475 719 3564 adpre
738 3417 963 3566 piaccipimus,
985 3485 1069 3546 sicut
1081 3486 1228 3568 syno‘dali
1251 3496 1347 3568 atque

204 3569 375 3633 canonica
398 3569 587 3630 auctoritate
606 3568 623 3628 si
641 3568 826 3628 Pastoribus
845 3578 971 3629 sanctae
983 3569 1147 3630 Ecclesiae
1163 3570 1346 3650 saepissime

208 3652 365 3716 admoniti
389 3673 518 3730 sumus,
549 3660 586 3711 ut
607 3649 766 3709 Cononici
790 3649 911 3711 Clerici
938 3653 995 3731 qui
1025 3653 1058 3710 in
1083 3651 1271 3712 civitatibus
1297 3652 1347 3713 rel

208 3739 244 3798 in
268 3733 471 3797 monasteriis
497 3734 637 3815 degunt,
659 3732 716 3814 qui
740 3732 899 3794 beneficia
921 3733 1042 3794 habent
1067 3733 1154 3793 unde
1173 3733 1295 3794 victum
1319 3745 1349 3794 et

190 3821 369 3883 *vestitum
388 3817 507 3878 habere
538 3824 690 3896 possunt,
722 3829 759 3874 ut
790 3814 852 3877 hoc
877 3816 966 3876 iuxta
990 3816 1180 3899 Apostolum
1208 3827 1348 3877 conten-

204 3904 234 3966 ·ti
254 3904 329 3981 sint,
355 3910 387 3963 et
414 3900 574 3982 stipendia
598 3899 745 3974 fratrum,
767 3898 853 3959 unde
878 3899 1088 3981 pauperiores
1112 3897 1200 3958 ethi
1223 3900 1283 3980 qui
1305 3922 1350 3958 as-

209 3987 302 4048 sidue
323 3984 356 4044 in
378 3981 553 4066 praedictis
579 3981 658 4041 locis
679 3979 818 4041 Domino
842 3982 1033 4043 famulantes
1060 3981 1232 4058 excubant,
1251 3991 1349 4063 atque

209 4069 257 4130 ibi
284 4067 445 4130 assiduum
468 4064 615 4125 divinum
633 4063 766 4146 explent
786 4063 941 4142 officium,
963 4086 1168 4146 nequaquam
1187 4075 1352 4125 assumant

210 4151 321 4211 autin
343 4148 410 4210 suis
435 4147 546 4208 usibus
572 4155 777 4208 convertant:
806 4146 924 4208 scimus
947 4147 1035 4206 enim
1052 4147 1129 4230 quia
1154 4146 1275 4227 absque
1290 4169 1349 4230 pe-

210 4233 316 4296 riculo
338 4241 434 4313 atque
462 4230 633 4314 dispendio
658 4229 836 4290 animarum
862 4229 1074 4294 suarum‘hoc
1089 4229 1284 4292 nullatenus
1299 4231 1349 4290 ia-
