2910 4986
181 325 257 401 410
557 354 559 360 ·
615 341 931 408 0011010100·

182 487 217 548 eal
234 484 359 548 scilieet
377 484 586 567 conditione,
603 497 640 549 ut
652 487 739 568 pacis
753 487 892 550 violator
906 485 1046 570 primum
1061 486 1150 550 iuxta
1164 488 1320 556 facinoris

182 570 387 652 qualitatem,
410 569 478 631 sire
495 592 602 632 eoram
615 571 707 632 nobis
716 616 726 648 ,
741 571 807 633 sire
822 593 928 632 eoram
943 571 1040 632 Misso
1055 581 1184 650 nostro,
1205 574 1320 656 dignas

180 673 300 735 poena-s
319 652 500 733 persolvat3
523 661 555 713 et
573 653 690 714 Senior
702 653 759 734 qui
772 674 882 714 seeum
894 650 992 713 talem
1007 653 1137 715 duxerit
1152 671 1248 736 quem
1262 666 1320 717 aut

182 734 404 814 constringere
418 734 541 810 noluit,
562 743 617 794 aut
636 757 700 795 non
713 735 839 817 potuit,
862 745 897 795 ut
909 745 1049 796 nostram
1064 736 1239 798 iussionem
1252 761 1319 799 ser·

181 825 289 890 10101,
313 824 346 876 01
362 816 500 896 insuper
521 817 554 876 in
574 837 675 898 regno
695 827 803 879 nostro
818 818 950 898 praedas
969 819 1075 879 iacere
1091 840 1155 878 uon
1171 821 1317 897 timeret,

180 921 239 982 pro
259 899 347 958 illius
371 899 599 980 neglegentia,
628 899 654 960 si
680 900 753 960 ante
777 921 852 960 eum
872 901 910 961 de
936 899 986 960 his
1005 921 1070 959 non
1092 901 1317 980 admonuerit,

181 991 214 1041 et
229 991 396 1062 postquam
419 979 622 1062 neglegentia
638 983 868 1063 contemptoris
889 981 1015 1054 adeius
1035 983 1182 1042 notitiam
1199 1005 1319 1064 perve-

182 1063 284 1140 nerit,
308 1084 382 1123 cum
394 1063 571 1144 corrigere,
586 1063 669 1122 siout
683 1064 795 1140 decet,
819 1063 1014 1145 neglexerit,
1035 1064 1159 1135 honore
1174 1065 1319 1147 000011-

182 1154 296 1222 vetur,
318 1154 353 1204 01
375 1144 501 1208 00111001
518 1153 635 1208 neuter
647 1145 780 1206 illorum
799 1146 868 1208 sine
886 1147 968 1210 iustu
986 1147 1129 1207 vindicta
1143 1155 1318 1212 remaneat.

181 1227 265 1288 laid.
281 1249 309 1292 e.
325 1229 375 1300 15.¹

182 1342 234 1402 De
250 1343 492 1404 inhonoratione
516 1342 609 1422 Regis
631 1357 765 1426 propter
784 1345 1008 1424 neglegentiam
1027 1364 1133 1403 eornm
1157 1345 1212 1426 qni
1229 1343 1314 1422 lega-

566 1428 665 1485 tiones
679 1425 759 1486 male
776 1429 939 1509 recipiunt.

265 1531 352 1594 XVI.
394 1535 442 1593 De
465 1531 712 1593 inhonoratione
735 1532 864 1612 quoque
882 1531 978 1614 Regis
994 1541 1026 1592 et
1042 1531 1152 1613 regni,
1178 1541 1209 1591 et
1233 1533 1319 1593 mala

161 1662 164 1667 .
179 1614 265 1675 fama
280 1614 312 1672 in
334 1624 458 1674 exteras
474 1614 621 1672 nationes
640 1614 782 1692 dispersa
799 1625 930 1697 propter
947 1613 1184 1695 neglegentiam
1203 1635 1318 1674 eorum

181 1697 238 1780 qui
259 1696 436 1777 legationes
460 1696 500 1755 ad
521 1717 578 1756 nos
605 1696 740 1756 directas
765 1696 799 1754 in
823 1697 888 1757 suis
912 1696 1130 1755 mansionibus
1160 1704 1214 1754 aut
1232 1695 1317 1756 malie

180 1779 360 1860 recipiunt,
377 1788 431 1838 aut
446 1779 650 1838 coristitutam
665 1780 682 1836 al
699 1778 789 1838 nohis
807 1799 979 1859 expensam
993 1799 1057 1837 non
1074 1778 1236 1856 tribuunt,
1260 1773 1320 1836 aut

180 1860 375 1942 paravereda
395 1860 469 1920 dare
492 1861 625 1934 nolunt,
648 1869 701 1919 aut
715 1861 800 1920 furto
820 1859 945 1940 aliquid
967 1860 1011 1920 eis
1032 1859 1237 1940 subripiunt,
1260 1867 1318 1918 aut
1360 1874 1363 1878 ’

181 1942 286 2023 (quod
299 1942 529 2024 perpessimum
545 1947 608 2019 est)
631 1966 645 2000 a
651 1951 752 2024 pertas
768 1942 948 2018 violentias,
972 1963 1025 2001 eos
1040 1942 1204 2002 caedendo
1218 1953 1250 2003 et
1264 1962 1317 2001 res

183 2046 295 2085 eorum
319 2023 525 2105 diripiendo,
549 2025 581 2081 in
608 2025 684 2106 ipsis
710 2046 863 2085 exercere
889 2045 954 2083 000
981 2026 1229 2106 pertimescunt,-
1251 2023 1316 2085 1100

181 2106 330 2166 omnibus
361 2115 472 2164 notum
500 2127 567 2166 csse
591 2108 762 2181 volumus,
785 2107 873 2186 quod
898 2105 1085 2186 quicunque
1110 2127 1150 2165 ex
1180 2105 1231 2166 his
1257 2104 1316 2186 qui

180 2189 321 2251 honores
342 2197 466 2248 nostros
485 2187 623 2264 hab-ent,
647 2189 765 2248 abhinc
783 2188 1020 2271 neglegentiam
1042 2188 1124 2246 hanc
1143 2189 1316 2248 emendare
1374 2219 1381 2226 ·

182 2293 248 2333 non
265 2270 456 2345 certaverit,
480 2280 512 2330 01
531 2291 603 2330 0000
623 2271 790 2344 homines,
812 2270 868 2352 qui
891 2269 960 2330 eius
979 2269 1124 2329 11001100
1141 2291 1235 2350 agere
1255 2269 1316 2330 de-

181 2353 278 2429 bent,
301 2361 336 2412 nt
352 2351 388 2412 id
404 2352 488 2412 bene
505 2352 674 2432 perficiant
691 2374 755 2411 non
772 2352 978 2428 instruxerit,
1001 2361 1136 2410 autnon
1157 2350 1316 2411 constrin-

180 2435 316 2498 xeritat
332 2434 468 2496 01101100
486 2434 569 2495 illud
587 2436 758 2517 neglegere
777 2455 842 2495 non
871 2443 1085 2516 praesumunt,
1108 2442 1140 2495 et
1157 2433 1316 2492 honorem

182 2527 326 2578 nostrum
347 2526 381 2578 et
392 2538 530 2598 regnum
549 2517 640 2576 nohis
661 2515 863 2577 commissum
886 2516 1045 2578 custodire
1064 2513 1313 2596 contempserit,

181 2621 241 2660 nec
269 2608 414 2674 nostrum
442 2620 501 2658 nec
526 2599 618 2680 regni
645 2597 745 2660 nostri
770 2598 930 2658 honorem
953 2597 1090 2658 ulterius
1111 2597 1317 2657 1010100001

177 2682 316 2752 ·haheat;.
334 2682 391 2746 sed
408 2681 555 2742 volumus
577 2691 615 2762 ut
629 2681 850 2762 unusquisque
871 2680 1015 2740 fidelium
1034 2689 1218 2740 nostrorum
1237 2700 1316 2760 pro-

181 2774 344 2825 curatores
363 2785 472 2824 rerum
487 2785 617 2822 suarum
633 2764 670 2823 de
688 2763 738 2822 his
754 2763 938 2844 specialiter
953 2764 1105 2838 instruat,
1122 2771 1157 2820 ut
1171 2759 1317 2841 quando-

180 2867 312 2927 cunque
338 2855 371 2906 et
395 2846 614 2926 undecunque
637 2845 755 2927 legatio
785 2844 974 2919 advenerit,
993 2855 1024 2904 et
1046 2853 1099 2902 aut
1119 2844 1241 2904 litteras
1260 2850 1318 2902 aut

182 2930 316 2989 Missum
336 2929 500 3004 uiderint,
523 2927 700 2987 honorilice
718 2927 857 2986 illumin
875 2927 963 2986 omni
979 2927 1050 2986 loco
1070 2925 1195 3006 imperii
1213 2923 1316 2984 nostri

181 3020 313 3151 propter
334 3021 479 3152 1000111001
498 3019 529 3154 qt
550 3010 645 3070 totius
665 3009 759 3092 regui
774 3008 931 3070 honorem
952 3029 1062 3069 omnes
1082 3008 1245 3090 suscipere
1263 3028 1317 3068 va-

199 3102 281 3153 eant.
325 3095 382 3153 Ji
403 3098 417 3152 '.=
432 3115 460 3157 e.
487 3115 494 3150 1
523 3137 530 3151 .

321 3208 370 3265 De
391 3207 469 3266 loeis
489 3207 523 3265 in
544 3207 654 3286 quiduis
676 3207 845 3286 legationes
867 3203 1065 3287 recipiendae
1087 3216 1173 3282 sunt,

268 3311 371 3374 XVll.
415 3312 454 3382 ln
478 3313 542 3374 illis
568 3335 650 3373 vero
668 3312 748 3371 loeis
772 3310 827 3371 ubi
846 3310 940 3370 medo
962 3309 1016 3370 via
1038 3319 1070 3369 et
1093 3308 1334 3371 mansionatici-

183 3394 201 3454 1
231 3395 376 3474 genitore
403 3405 513 3455 nostro
545 3404 576 3456 et
599 3395 617 3453 11
644 3395 736 3454 nobis
764 3415 823 3475 per
842 3392 1025 3473 Capitulare
1051 3392 1191 3452 ordinati
1220 3400 1317 3468 sunt,

184 3476 297 3536 Missos
315 3476 355 3536 ad·
373 3477 435 3536 hoc
459 3477 643 3557 specialiter
666 3476 877 3551 constitutos,
894 3475 949 3554 qui
968 3473 1029 3532 1100
1050 3473 1169 3553 iugiter
1187 3473 1317 3556 praevi-

184 3558 300 3633 deant,
321 3557 479 3634 habeant,
502 3567 538 3616 ut
564 3559 671 3617 omnia
694 3579 775 3639 quae
798 3556 838 3616 ad
859 3556 985 3616 easdem
1011 3554 1189 3636 legationes
1214 3555 1318 3618 susei-

183 3641 316 3722 pieudas
341 3640 521 3721 pertinent,
545 3639 657 3700 fideles
680 3639 779 3698 nostri
805 3636 924 3698 adhoc
947 3637 1114 3697 0000111011
1132 3639 1173 3696 ad
1189 3646 1317 3718 tempus

182 3743 373 3805 praeparare
393 3724 563 3797 studeant,
588 3731 621 3780 ut
646 3743 710 3780 non
726 3730 804 3780 tunc
823 3720 863 3781 sit
881 3740 1009 3780 necesse
1033 3719 1071 3777 de
1096 3719 1198 3800 longe.
1215 3740 1318 3799 quae-

182 3825 255 3864 rere
275 3805 326 3863 vel
351 3803 510 3864 adducere
532 3803 662 3883 quando
687 3811 811 3883 tempus
827 3810 873 3860 est
890 3801 946 3860 illa
960 3801 1035 3860 dare
1051 3801 1105 3859 101
1121 3801 1319 3881 0010011010.

183 3886 219 3945 10
236 3887 371 3948 caeteris
384 3908 461 3945 vcro
473 3886 552 3947 10010
563 3907 621 3968 001
634 3894 737 3944 totum
749 3883 919 3966 imperium
937 3893 1079 3943 nostrum
1093 3883 1318 3963 unusquisque

97 4033 99 4038 s
186 3967 330 4029 fidelium
350 3977 531 4028 nostrorum
547 3976 578 4027 et
592 3989 651 4047 per
667 3976 749 4027 sect
766 3987 824 4046 per
840 3965 1002 4025 ministros
1017 3983 1111 4042 01100,
1129 3965 1214 4027 01001
1230 3963 1318 4026 dixi·
1390 4013 1392 4018 .

184 4071 275 4128 mus,
298 4051 441 4113 sedulam
461 4048 662 4131 vigilantiam
678 4047 837 4112 adhibeat.
878 4045 964 4108 Ibid.
986 4068 1012 4107 e.
1030 4068 1073 4126 ¹7·

447 4149 450 4155 ’
472 4157 520 4214 De
543 4143 755 4216 adnaonilione
777 4154 868 4214 nnius
888 4164 1040 4212 monetae.

266 4263 386 4327 xvlu.
415 4263 478 4346 ,De
498 4271 628 4325 moneta
646 4282 724 4326 1010
732 4303 748 4342 ,
780 4257 867 4348 uude
889 4255 952 4324 iam
982 4279 1042 4356 per
1068 4267 1131 4322 tres
1157 4271 1259 4322 annos
1286 4268 1320 4321 et
