<?xml version="1.0" encoding="UTF-8"?>
<!DOCTYPE html PUBLIC "-//W3C//DTD XHTML 1.0 Transitional//EN"
    "http://www.w3.org/TR/xhtml1/DTD/xhtml1-transitional.dtd">
<html xmlns="http://www.w3.org/1999/xhtml" xml:lang="en" lang="en">
 <head>
  <title>
</title>
<meta http-equiv="Content-Type" content="text/html;charset=utf-8" />
  <meta name='ocr-system' content='tesseract 3.04.00' />
  <meta name='ocr-capabilities' content='ocr_page ocr_carea ocr_par ocr_line ocrx_word'/>
</head>
<body>
  <div class='ocr_page' id='page_1' title='image "./corpusiurisgerm04visigoog_0028.png"; bbox 0 0 2910 4986; ppageno 0'>
   <div class='ocr_carea' id='block_1_1' title="bbox 499 313 1249 430">
    <p class='ocr_par' dir='ltr' id='par_1_1' title="bbox 499 313 1249 430">
     <span class='ocr_line' id='line_1_1' title="bbox 499 313 1249 430; baseline -0.013 -35"><span class='ocrx_word' id='word_1_1' title='bbox 499 341 516 395; x_wconf 85' lang='lat' dir='ltr'><strong>r</strong></span> <span class='ocrx_word' id='word_1_2' title='bbox 527 337 649 410; x_wconf 64' lang='lat' dir='ltr'><strong>,arnna</strong></span> <span class='ocrx_word' id='word_1_3' title='bbox 668 336 824 396; x_wconf 81' lang='lat' dir='ltr'><strong>sarnus.</strong></span> <span class='ocrx_word' id='word_1_4' title='bbox 1180 313 1249 430; x_wconf 66' lang='lat' dir='ltr'><strong>att</strong></span> 
     </span>
    </p>
   </div>
   <div class='ocr_carea' id='block_1_2' title="bbox 115 473 1255 1466">
    <p class='ocr_par' dir='ltr' id='par_1_2' title="bbox 115 473 1255 1466">
     <span class='ocr_line' id='line_1_2' title="bbox 120 473 1254 560; baseline -0.003 -21"><span class='ocrx_word' id='word_1_5' title='bbox 120 475 312 560; x_wconf 78' lang='lat' dir='ltr'>ignorantia,</span> <span class='ocrx_word' id='word_1_6' title='bbox 334 477 452 560; x_wconf 89' lang='lat' dir='ltr'><strong>partim</strong></span> <span class='ocrx_word' id='word_1_7' title='bbox 465 477 597 558; x_wconf 88' lang='lat' dir='ltr'><strong>desidia,</strong></span> <span class='ocrx_word' id='word_1_8' title='bbox 616 475 896 557; x_wconf 80' lang='lat' dir='ltr'><strong>dehonestabatur,</strong></span> <span class='ocrx_word' id='word_1_9' title='bbox 918 497 1016 560; x_wconf 89' lang='lat' dir='ltr'><strong>opere</strong></span> <span class='ocrx_word' id='word_1_10' title='bbox 1040 473 1179 559; x_wconf 85' lang='lat' dir='ltr'><strong>pretium</strong></span> <span class='ocrx_word' id='word_1_11' title='bbox 1198 476 1254 537; x_wconf 89' lang='lat' dir='ltr'><strong>du-</strong></span> 
     </span>
     <span class='ocr_line' id='line_1_3' title="bbox 118 557 1254 645; baseline -0.002 -24"><span class='ocrx_word' id='word_1_12' title='bbox 118 562 232 637; x_wconf 83' lang='lat' dir='ltr'>ximus,</span> <span class='ocrx_word' id='word_1_13' title='bbox 246 561 319 619; x_wconf 88' lang='lat' dir='ltr'><strong>Deo</strong></span> <span class='ocrx_word' id='word_1_14' title='bbox 340 570 513 640; x_wconf 88' lang='lat' dir='ltr'><strong>annuente,</strong></span> <span class='ocrx_word' id='word_1_15' title='bbox 527 561 612 645; x_wconf 88' lang='lat' dir='ltr'><strong>apud</strong></span> <span class='ocrx_word' id='word_1_16' title='bbox 630 582 756 622; x_wconf 88' lang='lat' dir='ltr'><strong>sacrum</strong></span> <span class='ocrx_word' id='word_1_17' title='bbox 771 562 974 622; x_wconf 89' lang='lat' dir='ltr'><strong>Conventum</strong></span> <span class='ocrx_word' id='word_1_18' title='bbox 996 581 1036 622; x_wconf 85' lang='lat' dir='ltr'><strong>ex</strong></span> <span class='ocrx_word' id='word_1_19' title='bbox 1053 557 1147 620; x_wconf 85' lang='lat' dir='ltr'><strong>dictis</strong></span> <span class='ocrx_word' id='word_1_20' title='bbox 1165 580 1254 620; x_wconf 88' lang='lat' dir='ltr'><strong>sanc·</strong></span> 
     </span>
     <span class='ocr_line' id='line_1_4' title="bbox 117 641 1252 725; baseline 0.001 -22"><span class='ocrx_word' id='word_1_21' title='bbox 117 651 222 703; x_wconf 90' lang='lat' dir='ltr'><strong>torum</strong></span> <span class='ocrx_word' id='word_1_22' title='bbox 235 643 381 722; x_wconf 75' lang='lat' dir='ltr'><strong>Petrum,</strong></span> <span class='ocrx_word' id='word_1_23' title='bbox 401 645 493 706; x_wconf 85' lang='lat' dir='ltr'><strong>velut</strong></span> <span class='ocrx_word' id='word_1_24' title='bbox 510 667 550 706; x_wconf 81' lang='lat' dir='ltr'><strong>ex</strong></span> <span class='ocrx_word' id='word_1_25' title='bbox 569 643 703 706; x_wconf 82' lang='lat' dir='ltr'><strong>dirersis</strong></span> <span class='ocrx_word' id='word_1_26' title='bbox 729 642 827 724; x_wconf 86' lang='lat' dir='ltr'><strong>pratis</strong></span> <span class='ocrx_word' id='word_1_27' title='bbox 850 641 873 719; x_wconf 83' lang='lat' dir='ltr'><strong>l)</strong></span> <span class='ocrx_word' id='word_1_28' title='bbox 894 642 1050 725; x_wconf 89' lang='lat' dir='ltr'><strong>quosdam</strong></span> <span class='ocrx_word' id='word_1_29' title='bbox 1080 650 1252 704; x_wconf 78' lang='lat' dir='ltr'><strong>vernantes</strong></span> 
     </span>
     <span class='ocr_line' id='line_1_5' title="bbox 116 724 1254 808; baseline -0.003 -22"><span class='ocrx_word' id='word_1_30' title='bbox 116 724 268 786; x_wconf 88' lang='lat' dir='ltr'><strong>ssosculos</strong></span> <span class='ocrx_word' id='word_1_31' title='bbox 284 726 458 808; x_wconf 89' lang='lat' dir='ltr'><strong>carpendo,</strong></span> <span class='ocrx_word' id='word_1_32' title='bbox 475 725 509 786; x_wconf 90' lang='lat' dir='ltr'><strong>in</strong></span> <span class='ocrx_word' id='word_1_33' title='bbox 532 748 629 787; x_wconf 90' lang='lat' dir='ltr'><strong>unam</strong></span> <span class='ocrx_word' id='word_1_34' title='bbox 645 726 791 808; x_wconf 81' lang='lat' dir='ltr'><strong>regulam</strong></span> <span class='ocrx_word' id='word_1_35' title='bbox 808 725 1046 785; x_wconf 87' lang='lat' dir='ltr'><strong>Canonicorum</strong></span> <span class='ocrx_word' id='word_1_36' title='bbox 1064 731 1095 784; x_wconf 88' lang='lat' dir='ltr'><strong>et</strong></span> <span class='ocrx_word' id='word_1_37' title='bbox 1113 724 1254 783; x_wconf 89' lang='lat' dir='ltr'><strong>Canoni-</strong></span> 
     </span>
     <span class='ocr_line' id='line_1_6' title="bbox 117 805 1253 888; baseline -0.005 -20"><span class='ocrx_word' id='word_1_38' title='bbox 117 829 227 868; x_wconf 88' lang='lat' dir='ltr'><strong>carum</strong></span> <span class='ocrx_word' id='word_1_39' title='bbox 243 828 434 888; x_wconf 79' lang='lat' dir='ltr'><strong>congerere,</strong></span> <span class='ocrx_word' id='word_1_40' title='bbox 457 817 491 869; x_wconf 90' lang='lat' dir='ltr'><strong>et</strong></span> <span class='ocrx_word' id='word_1_41' title='bbox 513 807 685 870; x_wconf 88' lang='lat' dir='ltr'><strong>Canoniois</strong></span> <span class='ocrx_word' id='word_1_42' title='bbox 716 808 767 871; x_wconf 86' lang='lat' dir='ltr'><strong>vel</strong></span> <span class='ocrx_word' id='word_1_43' title='bbox 792 805 1095 868; x_wconf 82' lang='lat' dir='ltr'><strong>sanctimonialibus</strong></span> <span class='ocrx_word' id='word_1_44' title='bbox 1121 825 1253 865; x_wconf 87' lang='lat' dir='ltr'><strong>servan-</strong></span> 
     </span>
     <span class='ocr_line' id='line_1_7' title="bbox 117 887 1254 972; baseline -0.007 -21"><span class='ocrx_word' id='word_1_45' title='bbox 117 891 187 952; x_wconf 87' lang='lat' dir='ltr'><strong>dam</strong></span> <span class='ocrx_word' id='word_1_46' title='bbox 203 891 408 968; x_wconf 87' lang='lat' dir='ltr'><strong>contradere,</strong></span> <span class='ocrx_word' id='word_1_47' title='bbox 425 899 462 950; x_wconf 89' lang='lat' dir='ltr'><strong>ut</strong></span> <span class='ocrx_word' id='word_1_48' title='bbox 487 913 545 972; x_wconf 90' lang='lat' dir='ltr'><strong>per</strong></span> <span class='ocrx_word' id='word_1_49' title='bbox 559 913 630 952; x_wconf 90' lang='lat' dir='ltr'><strong>eam</strong></span> <span class='ocrx_word' id='word_1_50' title='bbox 654 890 829 951; x_wconf 86' lang='lat' dir='ltr'><strong>canonicus</strong></span> <span class='ocrx_word' id='word_1_51' title='bbox 851 889 930 948; x_wconf 87' lang='lat' dir='ltr'><strong>ordo</strong></span> <span class='ocrx_word' id='word_1_52' title='bbox 950 889 1070 972; x_wconf 84' lang='lat' dir='ltr'><strong>absque</strong></span> <span class='ocrx_word' id='word_1_53' title='bbox 1094 887 1254 968; x_wconf 82' lang='lat' dir='ltr'><strong>ambigui-</strong></span> 
     </span>
     <span class='ocr_line' id='line_1_8' title="bbox 115 968 1253 1055; baseline -0.004 -23"><span class='ocrx_word' id='word_1_54' title='bbox 115 981 178 1032; x_wconf 86' lang='lat' dir='ltr'><strong>tate</strong></span> <span class='ocrx_word' id='word_1_55' title='bbox 198 971 303 1053; x_wconf 87' lang='lat' dir='ltr'><strong>possit</strong></span> <span class='ocrx_word' id='word_1_56' title='bbox 320 973 451 1034; x_wconf 86' lang='lat' dir='ltr'><strong>servari.</strong></span> <span class='ocrx_word' id='word_1_57' title='bbox 472 974 514 1034; x_wconf 91' lang='lat' dir='ltr'><strong>Et</strong></span> <span class='ocrx_word' id='word_1_58' title='bbox 529 973 684 1055; x_wconf 86' lang='lat' dir='ltr'><strong>quoniam</strong></span> <span class='ocrx_word' id='word_1_59' title='bbox 698 972 787 1032; x_wconf 89' lang='lat' dir='ltr'><strong>illam</strong></span> <span class='ocrx_word' id='word_1_60' title='bbox 805 991 894 1032; x_wconf 90' lang='lat' dir='ltr'><strong>sacer</strong></span> <span class='ocrx_word' id='word_1_61' title='bbox 913 973 1102 1035; x_wconf 82' lang='lat' dir='ltr'><strong>Conventus</strong></span> <span class='ocrx_word' id='word_1_62' title='bbox 1126 969 1170 1029; x_wconf 90' lang='lat' dir='ltr'><strong>ita</strong></span> <span class='ocrx_word' id='word_1_63' title='bbox 1191 968 1253 1028; x_wconf 84' lang='lat' dir='ltr'><strong>eti-</strong></span> 
     </span>
     <span class='ocr_line' id='line_1_9' title="bbox 116 1049 1253 1138; baseline -0.002 -24"><span class='ocrx_word' id='word_1_64' title='bbox 116 1049 164 1114; x_wconf 86' lang='lat' dir='ltr'><strong>am</strong></span> <span class='ocrx_word' id='word_1_65' title='bbox 186 1053 341 1114; x_wconf 86' lang='lat' dir='ltr'><strong>laudibus</strong></span> <span class='ocrx_word' id='word_1_66' title='bbox 358 1055 488 1133; x_wconf 79' lang='lat' dir='ltr'><strong>extulit,</strong></span> <span class='ocrx_word' id='word_1_67' title='bbox 504 1065 540 1116; x_wconf 89' lang='lat' dir='ltr'><strong>ut</strong></span> <span class='ocrx_word' id='word_1_68' title='bbox 560 1077 661 1138; x_wconf 88' lang='lat' dir='ltr'><strong>usque</strong></span> <span class='ocrx_word' id='word_1_69' title='bbox 682 1056 722 1116; x_wconf 90' lang='lat' dir='ltr'><strong>ad</strong></span> <span class='ocrx_word' id='word_1_70' title='bbox 739 1076 841 1115; x_wconf 88' lang='lat' dir='ltr'><strong>unum</strong></span> <span class='ocrx_word' id='word_1_71' title='bbox 863 1051 928 1114; x_wconf 86' lang='lat' dir='ltr'><strong>iota</strong></span> <span class='ocrx_word' id='word_1_72' title='bbox 954 1059 995 1133; x_wconf 75' lang='lat' dir='ltr'><strong>m)</strong></span> <span class='ocrx_word' id='word_1_73' title='bbox 1021 1051 1253 1113; x_wconf 85' lang='lat' dir='ltr'><strong>observandam</strong></span> 
     </span>
     <span class='ocr_line' id='line_1_10' title="bbox 116 1132 1255 1219; baseline -0.004 -23"><span class='ocrx_word' id='word_1_74' title='bbox 116 1145 334 1219; x_wconf 87' lang='lat' dir='ltr'><strong>percenseret,</strong></span> <span class='ocrx_word' id='word_1_75' title='bbox 351 1136 520 1198; x_wconf 82' lang='lat' dir='ltr'><strong>statuimus</strong></span> <span class='ocrx_word' id='word_1_76' title='bbox 535 1148 571 1199; x_wconf 89' lang='lat' dir='ltr'><strong>ut</strong></span> <span class='ocrx_word' id='word_1_77' title='bbox 585 1139 624 1198; x_wconf 89' lang='lat' dir='ltr'><strong>uh</strong></span> <span class='ocrx_word' id='word_1_78' title='bbox 640 1137 788 1199; x_wconf 89' lang='lat' dir='ltr'><strong>omnibus</strong></span> <span class='ocrx_word' id='word_1_79' title='bbox 809 1136 842 1195; x_wconf 91' lang='lat' dir='ltr'><strong>in</strong></span> <span class='ocrx_word' id='word_1_80' title='bbox 860 1135 972 1197; x_wconf 88' lang='lat' dir='ltr'><strong>eadem</strong></span> <span class='ocrx_word' id='word_1_81' title='bbox 989 1132 1189 1218; x_wconf 80' lang='lat' dir='ltr'><strong>professione</strong></span> <span class='ocrx_word' id='word_1_82' title='bbox 1201 1132 1255 1192; x_wconf 92' lang='lat' dir='ltr'><strong>de·</strong></span> 
     </span>
     <span class='ocr_line' id='line_1_11' title="bbox 117 1215 1252 1300; baseline -0.004 -22"><span class='ocrx_word' id='word_1_83' title='bbox 117 1217 268 1300; x_wconf 83' lang='lat' dir='ltr'><strong>gentibus</strong></span> <span class='ocrx_word' id='word_1_84' title='bbox 286 1218 509 1280; x_wconf 88' lang='lat' dir='ltr'><strong>indubitanter</strong></span> <span class='ocrx_word' id='word_1_85' title='bbox 527 1229 689 1300; x_wconf 89' lang='lat' dir='ltr'><strong>teneatur,</strong></span> <span class='ocrx_word' id='word_1_86' title='bbox 707 1230 740 1282; x_wconf 92' lang='lat' dir='ltr'><strong>et</strong></span> <span class='ocrx_word' id='word_1_87' title='bbox 759 1217 861 1280; x_wconf 88' lang='lat' dir='ltr'><strong>modis</strong></span> <span class='ocrx_word' id='word_1_88' title='bbox 883 1217 1042 1295; x_wconf 89' lang='lat' dir='ltr'><strong>omnibus,</strong></span> <span class='ocrx_word' id='word_1_89' title='bbox 1065 1216 1133 1279; x_wconf 89' lang='lat' dir='ltr'><strong>sive</strong></span> <span class='ocrx_word' id='word_1_90' title='bbox 1154 1215 1171 1274; x_wconf 76' lang='lat' dir='ltr'><strong>b</strong></span> <span class='ocrx_word' id='word_1_91' title='bbox 1189 1215 1252 1275; x_wconf 90' lang='lat' dir='ltr'><strong>Ca·</strong></span> 
     </span>
     <span class='ocr_line' id='line_1_12' title="bbox 117 1294 1253 1384; baseline -0.004 -24"><span class='ocrx_word' id='word_1_92' title='bbox 117 1301 245 1361; x_wconf 93' lang='lat' dir='ltr'><strong>nonicis</strong></span> <span class='ocrx_word' id='word_1_93' title='bbox 262 1299 330 1361; x_wconf 88' lang='lat' dir='ltr'><strong>sive</strong></span> <span class='ocrx_word' id='word_1_94' title='bbox 343 1301 360 1360; x_wconf 73' lang='lat' dir='ltr'><strong>d</strong></span> <span class='ocrx_word' id='word_1_95' title='bbox 372 1303 677 1366; x_wconf 81' lang='lat' dir='ltr'><strong>sanctimonialibus</strong></span> <span class='ocrx_word' id='word_1_96' title='bbox 701 1301 857 1364; x_wconf 88' lang='lat' dir='ltr'><strong>canonice</strong></span> <span class='ocrx_word' id='word_1_97' title='bbox 880 1300 1084 1384; x_wconf 79' lang='lat' dir='ltr'><strong>degentibus,</strong></span> <span class='ocrx_word' id='word_1_98' title='bbox 1100 1294 1253 1380; x_wconf 86' lang='lat' dir='ltr'><strong>deinceps</strong></span> 
     </span>
     <span class='ocr_line' id='line_1_13' title="bbox 117 1382 732 1466; baseline 0.007 -23"><span class='ocrx_word' id='word_1_99' title='bbox 117 1383 316 1446; x_wconf 81' lang='lat' dir='ltr'><strong>observetur.</strong></span> <span class='ocrx_word' id='word_1_100' title='bbox 360 1382 496 1466; x_wconf 77' lang='lat' dir='ltr'><strong>Capitol.</strong></span> <span class='ocrx_word' id='word_1_101' title='bbox 514 1411 542 1453; x_wconf 83' lang='lat' dir='ltr'><strong>a.</strong></span> <span class='ocrx_word' id='word_1_102' title='bbox 559 1386 629 1453; x_wconf 79' lang='lat'>816.</span> <span class='ocrx_word' id='word_1_103' title='bbox 656 1407 683 1451; x_wconf 90' lang='lat' dir='ltr'><strong>c.</strong></span> <span class='ocrx_word' id='word_1_104' title='bbox 703 1387 732 1447; x_wconf 78' lang='lat'><strong>5.</strong></span> 
     </span>
    </p>
   </div>
   <div class='ocr_carea' id='block_1_3' title="bbox 378 1474 1083 1553">
    <p class='ocr_par' dir='ltr' id='par_1_3' title="bbox 378 1474 1083 1553">
     <span class='ocr_line' id='line_1_14' title="bbox 378 1474 1083 1553; baseline -0.006 -3"><span class='ocrx_word' id='word_1_105' title='bbox 378 1491 428 1550; x_wconf 89' lang='lat' dir='ltr'><strong>De</strong></span> <span class='ocrx_word' id='word_1_106' title='bbox 456 1493 589 1552; x_wconf 83' lang='lat' dir='ltr'><strong>conlatis</strong></span> <span class='ocrx_word' id='word_1_107' title='bbox 616 1491 778 1553; x_wconf 71' lang='lat' dir='ltr'><strong>Ecclesiae</strong></span> <span class='ocrx_word' id='word_1_108' title='bbox 798 1485 996 1550; x_wconf 81' lang='lat' dir='ltr'><strong>dividendis.</strong></span> <span class='ocrx_word' id='word_1_109' title='bbox 1080 1474 1083 1485; x_wconf 54' lang='lat'>¹</span> 
     </span>
    </p>
   </div>
   <div class='ocr_carea' id='block_1_4' title="bbox 115 1591 1253 2011">
    <p class='ocr_par' dir='ltr' id='par_1_4' title="bbox 115 1591 1253 2011">
     <span class='ocr_line' id='line_1_15' title="bbox 197 1591 1252 1680; baseline 0.002 -26"><span class='ocrx_word' id='word_1_110' title='bbox 197 1593 336 1658; x_wconf 84' lang='lat' dir='ltr'>LXXX.</span> <span class='ocrx_word' id='word_1_111' title='bbox 379 1597 539 1660; x_wconf 86' lang='lat' dir='ltr'><strong>Statutum</strong></span> <span class='ocrx_word' id='word_1_112' title='bbox 556 1607 603 1660; x_wconf 87' lang='lat' dir='ltr'><strong>est</strong></span> <span class='ocrx_word' id='word_1_113' title='bbox 624 1607 662 1659; x_wconf 94' lang='lat' dir='ltr'><strong>ut</strong></span> <span class='ocrx_word' id='word_1_114' title='bbox 677 1594 835 1680; x_wconf 88' lang='lat' dir='ltr'><strong>quicquid</strong></span> <span class='ocrx_word' id='word_1_115' title='bbox 856 1602 1000 1676; x_wconf 87' lang='lat' dir='ltr'><strong>tempore</strong></span> <span class='ocrx_word' id='word_1_116' title='bbox 1019 1591 1146 1676; x_wconf 90' lang='lat' dir='ltr'><strong>imperii</strong></span> <span class='ocrx_word' id='word_1_117' title='bbox 1176 1614 1252 1656; x_wconf 90' lang='lat' dir='ltr'><strong>nos-</strong></span> 
     </span>
     <span class='ocr_line' id='line_1_16' title="bbox 115 1675 1252 1765; baseline -0.003 -25"><span class='ocrx_word' id='word_1_118' title='bbox 115 1677 157 1740; x_wconf 93' lang='lat' dir='ltr'><strong>tri</strong></span> <span class='ocrx_word' id='word_1_119' title='bbox 174 1678 192 1739; x_wconf 76' lang='lat' dir='ltr'><strong>a</strong></span> <span class='ocrx_word' id='word_1_120' title='bbox 212 1677 362 1739; x_wconf 83' lang='lat' dir='ltr'><strong>fidelibus</strong></span> <span class='ocrx_word' id='word_1_121' title='bbox 376 1679 540 1742; x_wconf 87' lang='lat' dir='ltr'><strong>Ecclesiae</strong></span> <span class='ocrx_word' id='word_1_122' title='bbox 563 1691 676 1765; x_wconf 88' lang='lat' dir='ltr'><strong>sponte</strong></span> <span class='ocrx_word' id='word_1_123' title='bbox 699 1680 863 1742; x_wconf 88' lang='lat' dir='ltr'><strong>conlatum</strong></span> <span class='ocrx_word' id='word_1_124' title='bbox 881 1675 992 1751; x_wconf 82' lang='lat' dir='ltr'><strong>luerit,</strong></span> <span class='ocrx_word' id='word_1_125' title='bbox 1015 1676 1048 1735; x_wconf 91' lang='lat' dir='ltr'><strong>in</strong></span> <span class='ocrx_word' id='word_1_126' title='bbox 1082 1675 1252 1737; x_wconf 89' lang='lat' dir='ltr'><strong>ditioribus</strong></span> 
     </span>
     <span class='ocr_line' id='line_1_17' title="bbox 118 1757 1252 1846; baseline -0.001 -25"><span class='ocrx_word' id='word_1_127' title='bbox 118 1761 196 1822; x_wconf 87' lang='lat' dir='ltr'><strong>locis</strong></span> <span class='ocrx_word' id='word_1_128' title='bbox 214 1761 292 1821; x_wconf 89' lang='lat' dir='ltr'><strong>duas</strong></span> <span class='ocrx_word' id='word_1_129' title='bbox 310 1770 414 1842; x_wconf 88' lang='lat' dir='ltr'><strong>partes</strong></span> <span class='ocrx_word' id='word_1_130' title='bbox 431 1763 464 1822; x_wconf 97' lang='lat' dir='ltr'><strong>in</strong></span> <span class='ocrx_word' id='word_1_131' title='bbox 480 1783 555 1824; x_wconf 89' lang='lat' dir='ltr'><strong>usus</strong></span> <span class='ocrx_word' id='word_1_132' title='bbox 571 1784 761 1846; x_wconf 73' lang='lat' dir='ltr'><strong>postponam,</strong></span> <span class='ocrx_word' id='word_1_133' title='bbox 776 1759 900 1821; x_wconf 89' lang='lat' dir='ltr'><strong>tertiam</strong></span> <span class='ocrx_word' id='word_1_134' title='bbox 913 1758 946 1816; x_wconf 90' lang='lat' dir='ltr'><strong>in</strong></span> <span class='ocrx_word' id='word_1_135' title='bbox 959 1757 1116 1841; x_wconf 86' lang='lat' dir='ltr'><strong>stipendia</strong></span> <span class='ocrx_word' id='word_1_136' title='bbox 1136 1758 1252 1820; x_wconf 85' lang='lat' dir='ltr'><strong>cedere</strong></span> 
     </span>
     <span class='ocr_line' id='line_1_18' title="bbox 120 1839 1253 1924; baseline -0.002 -22"><span class='ocrx_word' id='word_1_137' title='bbox 120 1843 324 1903; x_wconf 88' lang='lat' dir='ltr'><strong>Clericorum</strong></span> <span class='ocrx_word' id='word_1_138' title='bbox 342 1845 652 1918; x_wconf 89' lang='lat' dir='ltr'><strong>(antMonachorum</strong></span> <span class='ocrx_word' id='word_1_139' title='bbox 664 1851 707 1924; x_wconf 82' lang='lat' dir='ltr'><strong>n).</strong></span> <span class='ocrx_word' id='word_1_140' title='bbox 730 1845 763 1906; x_wconf 90' lang='lat' dir='ltr'><strong>iu</strong></span> <span class='ocrx_word' id='word_1_141' title='bbox 789 1840 968 1902; x_wconf 83' lang='lat' dir='ltr'><strong>minoribus</strong></span> <span class='ocrx_word' id='word_1_142' title='bbox 996 1861 1071 1902; x_wconf 87' lang='lat' dir='ltr'><strong>vero</strong></span> <span class='ocrx_word' id='word_1_143' title='bbox 1097 1839 1177 1900; x_wconf 87' lang='lat' dir='ltr'><strong>locis</strong></span> <span class='ocrx_word' id='word_1_144' title='bbox 1197 1861 1253 1900; x_wconf 88' lang='lat' dir='ltr'><strong>ae·</strong></span> 
     </span>
     <span class='ocr_line' id='line_1_19' title="bbox 117 1920 1252 2011; baseline -0.002 -28"><span class='ocrx_word' id='word_1_145' title='bbox 117 1945 180 2004; x_wconf 89' lang='lat' dir='ltr'><strong>que</strong></span> <span class='ocrx_word' id='word_1_146' title='bbox 201 1925 297 1984; x_wconf 73' lang='lat' dir='ltr'><strong>&#39;inter</strong></span> <span class='ocrx_word' id='word_1_147' title='bbox 321 1926 446 1986; x_wconf 88' lang='lat' dir='ltr'><strong>clerum</strong></span> <span class='ocrx_word' id='word_1_148' title='bbox 471 1937 504 1988; x_wconf 88' lang='lat' dir='ltr'><strong>et</strong></span> <span class='ocrx_word' id='word_1_149' title='bbox 518 1949 675 2011; x_wconf 84' lang='lat' dir='ltr'><strong>pauperes</strong></span> <span class='ocrx_word' id='word_1_150' title='bbox 690 1931 760 1988; x_wconf 92' lang='lat' dir='ltr'><strong>fore</strong></span> <span class='ocrx_word' id='word_1_151' title='bbox 786 1921 1017 1994; x_wconf 67' lang='lat' dir='ltr'><strong>dividendum</strong></span> <span class='ocrx_word' id='word_1_152' title='bbox 1041 1920 1103 1982; x_wconf 90' lang='lat' dir='ltr'><strong>nisi</strong></span> <span class='ocrx_word' id='word_1_153' title='bbox 1125 1923 1208 1983; x_wconf 81' lang='lat' dir='ltr'><strong>forte</strong></span> <span class='ocrx_word' id='word_1_154' title='bbox 1233 1922 1252 1982; x_wconf 79' lang='lat' dir='ltr'><strong>d</strong></span> 
     </span>
    </p>
   </div>
   <div class='ocr_carea' id='block_1_5' title="bbox 116 2003 1252 2168">
    <p class='ocr_par' dir='ltr' id='par_1_5' title="bbox 116 2003 1252 2168">
     <span class='ocr_line' id='line_1_20' title="bbox 116 2003 1252 2168; baseline -0.001 -103"><span class='ocrx_word' id='word_1_155' title='bbox 116 2007 294 2168; x_wconf 48' lang='lat' dir='ltr'><strong>‹liptplribuz</strong></span> <span class='ocrx_word' id='word_1_156' title='bbox 321 2008 376 2069; x_wconf 92' lang='lat' dir='ltr'><strong>ubi</strong></span> <span class='ocrx_word' id='word_1_157' title='bbox 405 2010 590 2092; x_wconf 85' lang='lat' dir='ltr'><strong>specialiter</strong></span> <span class='ocrx_word' id='word_1_158' title='bbox 622 2010 745 2072; x_wconf 90' lang='lat' dir='ltr'><strong>dandae</strong></span> <span class='ocrx_word' id='word_1_159' title='bbox 779 2005 866 2084; x_wconf 89' lang='lat' dir='ltr'><strong>sint,</strong></span> <span class='ocrx_word' id='word_1_160' title='bbox 896 2004 1108 2067; x_wconf 85' lang='lat' dir='ltr'><strong>constitutum</strong></span> <span class='ocrx_word' id='word_1_161' title='bbox 1142 2003 1252 2066; x_wconf 82' lang='lat' dir='ltr'><strong>fuerit.</strong></span> 
     </span>
     <span class='ocr_line' id='line_1_21' title="bbox 155 2111 303 2156; baseline 0.02 -8"><span class='ocrx_word' id='word_1_162' title='bbox 155 2111 249 2156; x_wconf 81' lang='lat' dir='ltr'><strong>z.c.</strong></span> <span class='ocrx_word' id='word_1_163' title='bbox 296 2133 303 2150; x_wconf 90' lang='lat'>.</span> 
     </span>
    </p>
   </div>
   <div class='ocr_carea' id='block_1_6' title="bbox 471 2156 952 2278">
    <p class='ocr_par' dir='ltr' id='par_1_6' title="bbox 471 2156 952 2278">
     <span class='ocr_line' id='line_1_22' title="bbox 471 2156 952 2278; baseline -0.004 -21"><span class='ocrx_word' id='word_1_164' title='bbox 471 2198 521 2257; x_wconf 71' lang='lat' dir='ltr'><strong>n.</strong></span> <span class='ocrx_word' id='word_1_165' title='bbox 539 2156 711 2260; x_wconf 63' lang='lat' dir='ltr'><strong>Aratum</strong></span> <span class='ocrx_word' id='word_1_166' title='bbox 728 2194 889 2278; x_wconf 64' lang='lat' dir='ltr'><strong>urgues.</strong></span> <span class='ocrx_word' id='word_1_167' title='bbox 949 2231 952 2236; x_wconf 84' lang='lat'><em>-</em></span> 
     </span>
    </p>
   </div>
   <div class='ocr_carea' id='block_1_7' title="bbox 117 2293 1252 2874">
    <p class='ocr_par' dir='ltr' id='par_1_7' title="bbox 117 2293 1252 2874">
     <span class='ocr_line' id='line_1_23' title="bbox 196 2293 1251 2385; baseline 0.001 -24"><span class='ocrx_word' id='word_1_168' title='bbox 196 2293 353 2362; x_wconf 92' lang='lat' dir='ltr'>LXXXI.</span> <span class='ocrx_word' id='word_1_169' title='bbox 395 2303 629 2364; x_wconf 89' lang='lat' dir='ltr'><strong>Monacbornm</strong></span> <span class='ocrx_word' id='word_1_170' title='bbox 661 2303 822 2385; x_wconf 91' lang='lat' dir='ltr'><strong>siquidem</strong></span> <span class='ocrx_word' id='word_1_171' title='bbox 861 2321 987 2364; x_wconf 86' lang='lat' dir='ltr'><strong>causam</strong></span> <span class='ocrx_word' id='word_1_172' title='bbox 1023 2299 1164 2382; x_wconf 88' lang='lat' dir='ltr'><strong>qualiter</strong></span> <span class='ocrx_word' id='word_1_173' title='bbox 1181 2302 1251 2363; x_wconf 87' lang='lat' dir='ltr'><strong>Deo</strong></span> 
     </span>
     <span class='ocr_line' id='line_1_24' title="bbox 117 2382 1252 2468; baseline 0 -24"><span class='ocrx_word' id='word_1_174' title='bbox 117 2384 298 2464; x_wconf 86' lang='lat' dir='ltr'><strong>opitulante</strong></span> <span class='ocrx_word' id='word_1_175' title='bbox 315 2397 460 2466; x_wconf 83' lang='lat' dir='ltr'><strong>exparte</strong></span> <span class='ocrx_word' id='word_1_176' title='bbox 477 2384 739 2468; x_wconf 87' lang='lat' dir='ltr'><strong>disposuerimus,</strong></span> <span class='ocrx_word' id='word_1_177' title='bbox 759 2394 791 2445; x_wconf 91' lang='lat' dir='ltr'><strong>et</strong></span> <span class='ocrx_word' id='word_1_178' title='bbox 810 2384 972 2468; x_wconf 90' lang='lat' dir='ltr'><strong>quomodo</strong></span> <span class='ocrx_word' id='word_1_179' title='bbox 993 2404 1033 2445; x_wconf 80' lang='lat' dir='ltr'><strong>ex</strong></span> <span class='ocrx_word' id='word_1_180' title='bbox 1052 2382 1091 2444; x_wconf 63' lang='lat' dir='ltr'><strong>se‘</strong></span> <span class='ocrx_word' id='word_1_181' title='bbox 1111 2383 1187 2466; x_wconf 89' lang='lat' dir='ltr'><strong>ipsis</strong></span> <span class='ocrx_word' id='word_1_182' title='bbox 1207 2383 1252 2444; x_wconf 86' lang='lat' dir='ltr'><strong>si·</strong></span> 
     </span>
     <span class='ocr_line' id='line_1_25' title="bbox 119 2464 1252 2548; baseline -0.002 -22"><span class='ocrx_word' id='word_1_183' title='bbox 119 2466 150 2526; x_wconf 92' lang='lat' dir='ltr'><strong>hi</strong></span> <span class='ocrx_word' id='word_1_184' title='bbox 167 2464 314 2547; x_wconf 82' lang='lat' dir='ltr'><strong>eligendi</strong></span> <span class='ocrx_word' id='word_1_185' title='bbox 332 2466 472 2528; x_wconf 82' lang='lat' dir='ltr'><strong>Abbates</strong></span> <span class='ocrx_word' id='word_1_186' title='bbox 489 2467 654 2528; x_wconf 89' lang='lat' dir='ltr'><strong>licentiam</strong></span> <span class='ocrx_word' id='word_1_187' title='bbox 668 2467 863 2545; x_wconf 88' lang='lat' dir='ltr'><strong>dederimus,</strong></span> <span class='ocrx_word' id='word_1_188' title='bbox 882 2473 926 2544; x_wconf 85' lang='lat' dir='ltr'><strong>(et</strong></span> <span class='ocrx_word' id='word_1_189' title='bbox 939 2465 1162 2548; x_wconf 87' lang='lat' dir='ltr'><strong>qualiterDeo</strong></span> <span class='ocrx_word' id='word_1_190' title='bbox 1178 2465 1252 2546; x_wconf 90' lang='lat' dir='ltr'><strong>opi-</strong></span> 
     </span>
     <span class='ocr_line' id='line_1_26' title="bbox 119 2546 1252 2632; baseline -0.002 -24"><span class='ocrx_word' id='word_1_191' title='bbox 119 2548 243 2608; x_wconf 78' lang='lat' dir='ltr'><strong>tul-ante</strong></span> <span class='ocrx_word' id='word_1_192' title='bbox 261 2547 372 2628; x_wconf 88' lang='lat' dir='ltr'><strong>quiete</strong></span> <span class='ocrx_word' id='word_1_193' title='bbox 387 2549 496 2611; x_wconf 86' lang='lat' dir='ltr'><strong>vivere</strong></span> <span class='ocrx_word' id='word_1_194' title='bbox 517 2551 779 2632; x_wconf 89' lang='lat' dir='ltr'><strong>propositumque</strong></span> <span class='ocrx_word' id='word_1_195' title='bbox 801 2549 955 2610; x_wconf 87' lang='lat' dir='ltr'><strong>indefessi</strong></span> <span class='ocrx_word' id='word_1_196' title='bbox 976 2546 1138 2609; x_wconf 88' lang='lat' dir='ltr'><strong>custodire</strong></span> <span class='ocrx_word' id='word_1_197' title='bbox 1161 2548 1252 2608; x_wconf 89' lang='lat' dir='ltr'><strong>vale·</strong></span> 
     </span>
     <span class='ocr_line' id='line_1_27' title="bbox 118 2627 1252 2714; baseline -0.004 -22"><span class='ocrx_word' id='word_1_198' title='bbox 118 2640 203 2708; x_wconf 87' lang='lat' dir='ltr'><strong>rent,</strong></span> <span class='ocrx_word' id='word_1_199' title='bbox 218 2630 475 2692; x_wconf 88' lang='lat' dir='ltr'><strong>ordinaverimus</strong></span> <span class='ocrx_word' id='word_1_200' title='bbox 483 2636 524 2708; x_wconf 86' lang='lat' dir='ltr'><strong>o),</strong></span> <span class='ocrx_word' id='word_1_201' title='bbox 547 2633 581 2697; x_wconf 85' lang='lat' dir='ltr'><strong>in</strong></span> <span class='ocrx_word' id='word_1_202' title='bbox 595 2632 657 2692; x_wconf 91' lang='lat' dir='ltr'><strong>alia</strong></span> <span class='ocrx_word' id='word_1_203' title='bbox 674 2631 828 2694; x_wconf 89' lang='lat' dir='ltr'><strong>schedula</strong></span> <span class='ocrx_word' id='word_1_204' title='bbox 841 2631 1017 2714; x_wconf 80' lang='lat' dir='ltr'><strong>diligenter</strong></span> <span class='ocrx_word' id='word_1_205' title='bbox 1034 2627 1181 2688; x_wconf 87' lang='lat' dir='ltr'><strong>adnotari</strong></span> <span class='ocrx_word' id='word_1_206' title='bbox 1202 2631 1252 2688; x_wconf 83' lang='lat' dir='ltr'><strong>fe·</strong></span> 
     </span>
     <span class='ocr_line' id='line_1_28' title="bbox 118 2708 1251 2796; baseline 0.001 -24"><span class='ocrx_word' id='word_1_207' title='bbox 118 2713 234 2783; x_wconf 88' lang='lat' dir='ltr'><strong>cimus;</strong></span> <span class='ocrx_word' id='word_1_208' title='bbox 258 2721 291 2772; x_wconf 90' lang='lat' dir='ltr'><strong>et</strong></span> <span class='ocrx_word' id='word_1_209' title='bbox 308 2722 343 2772; x_wconf 90' lang='lat' dir='ltr'><strong>ut</strong></span> <span class='ocrx_word' id='word_1_210' title='bbox 363 2712 448 2796; x_wconf 91' lang='lat' dir='ltr'><strong>apud</strong></span> <span class='ocrx_word' id='word_1_211' title='bbox 464 2735 661 2783; x_wconf 85' lang='lat' dir='ltr'><strong>successores</strong></span> <span class='ocrx_word' id='word_1_212' title='bbox 682 2724 806 2776; x_wconf 90' lang='lat' dir='ltr'><strong>nostros</strong></span> <span class='ocrx_word' id='word_1_213' title='bbox 828 2724 933 2775; x_wconf 90' lang='lat' dir='ltr'><strong>ratum</strong></span> <span class='ocrx_word' id='word_1_214' title='bbox 954 2712 1039 2773; x_wconf 86' lang='lat' dir='ltr'><strong>foret</strong></span> <span class='ocrx_word' id='word_1_215' title='bbox 1063 2717 1096 2771; x_wconf 88' lang='lat' dir='ltr'><strong>et</strong></span> <span class='ocrx_word' id='word_1_216' title='bbox 1113 2708 1251 2772; x_wconf 79' lang='lat' dir='ltr'><strong>inviola-</strong></span> 
     </span>
     <span class='ocr_line' id='line_1_29' title="bbox 117 2793 994 2874; baseline 0 -19"><span class='ocrx_word' id='word_1_217' title='bbox 117 2795 228 2856; x_wconf 85' lang='lat' dir='ltr'><strong>biliter</strong></span> <span class='ocrx_word' id='word_1_218' title='bbox 239 2805 496 2874; x_wconf 86' lang='lat' dir='ltr'><strong>conservaretur,</strong></span> <span class='ocrx_word' id='word_1_219' title='bbox 513 2796 781 2858; x_wconf 81' lang='lat' dir='ltr'><strong>confirmavimus.</strong></span> <span class='ocrx_word' id='word_1_220' title='bbox 823 2794 907 2862; x_wconf 90' lang='lat' dir='ltr'><strong>Ibid.</strong></span> <span class='ocrx_word' id='word_1_221' title='bbox 924 2815 951 2860; x_wconf 87' lang='lat' dir='ltr'><strong>c.</strong></span> <span class='ocrx_word' id='word_1_222' title='bbox 964 2793 994 2858; x_wconf 85' lang='lat'><strong>5.</strong></span> 
     </span>
    </p>
   </div>
   <div class='ocr_carea' id='block_1_8' title="bbox 454 2903 987 2970">
    <p class='ocr_par' dir='ltr' id='par_1_8' title="bbox 454 2903 987 2970">
     <span class='ocr_line' id='line_1_30' title="bbox 454 2903 987 2970; baseline -0.004 -7"><span class='ocrx_word' id='word_1_223' title='bbox 454 2904 503 2964; x_wconf 89' lang='lat' dir='ltr'><strong>De</strong></span> <span class='ocrx_word' id='word_1_224' title='bbox 520 2903 720 2965; x_wconf 82' lang='lat' dir='ltr'><strong>ordinatione</strong></span> <span class='ocrx_word' id='word_1_225' title='bbox 745 2923 920 2970; x_wconf 82' lang='lat' dir='ltr'><strong>servorum,</strong></span> <span class='ocrx_word' id='word_1_226' title='bbox 985 2903 987 2906; x_wconf 79' lang='grc'><strong>’</strong></span> 
     </span>
    </p>
   </div>
   <div class='ocr_carea' id='block_1_9' title="bbox 118 3002 1257 3999">
    <p class='ocr_par' dir='ltr' id='par_1_9' title="bbox 118 3002 1257 3999">
     <span class='ocr_line' id='line_1_31' title="bbox 198 3002 1253 3090; baseline 0.001 -23"><span class='ocrx_word' id='word_1_227' title='bbox 198 3003 373 3069; x_wconf 86' lang='lat' dir='ltr'>LXXXII.</span> <span class='ocrx_word' id='word_1_228' title='bbox 414 3011 464 3069; x_wconf 92' lang='lat' dir='ltr'><strong>De</strong></span> <span class='ocrx_word' id='word_1_229' title='bbox 488 3029 653 3069; x_wconf 89' lang='lat' dir='ltr'><strong>servorum</strong></span> <span class='ocrx_word' id='word_1_230' title='bbox 670 3030 749 3071; x_wconf 91' lang='lat' dir='ltr'><strong>vero</strong></span> <span class='ocrx_word' id='word_1_231' title='bbox 766 3007 983 3087; x_wconf 90' lang='lat' dir='ltr'><strong>ordinatione,</strong></span> <span class='ocrx_word' id='word_1_232' title='bbox 1025 3007 1060 3068; x_wconf 90' lang='lat' dir='ltr'><strong>ui</strong></span> <span class='ocrx_word' id='word_1_233' title='bbox 1079 3005 1197 3090; x_wconf 88' lang='lat' dir='ltr'><strong>passim</strong></span> <span class='ocrx_word' id='word_1_234' title='bbox 1213 3002 1253 3068; x_wconf 90' lang='lat' dir='ltr'><strong>ed</strong></span> 
     </span>
     <span class='ocr_line' id='line_1_32' title="bbox 119 3028 1253 3174; baseline -0.001 -25"><span class='ocrx_word' id='word_1_235' title='bbox 119 3089 233 3172; x_wconf 82' lang='lat' dir='ltr'><strong>gradus</strong></span> <span class='ocrx_word' id='word_1_236' title='bbox 249 3089 482 3151; x_wconf 88' lang='lat' dir='ltr'><strong>ecclesiasticos</strong></span> <span class='ocrx_word' id='word_1_237' title='bbox 499 3090 671 3152; x_wconf 86' lang='lat' dir='ltr'><strong>indiscrete</strong></span> <span class='ocrx_word' id='word_1_238' title='bbox 688 3090 972 3174; x_wconf 86' lang='lat' dir='ltr'><strong>promovebantur,</strong></span> <span class='ocrx_word' id='word_1_239' title='bbox 994 3028 1116 3172; x_wconf 61' lang='lat' dir='ltr'><strong>piactut</strong></span> <span class='ocrx_word' id='word_1_240' title='bbox 1146 3089 1253 3150; x_wconf 90' lang='lat' dir='ltr'><strong>omni-</strong></span> 
     </span>
     <span class='ocr_line' id='line_1_33' title="bbox 118 3171 1253 3256; baseline 0.003 -23"><span class='ocrx_word' id='word_1_241' title='bbox 118 3175 179 3234; x_wconf 90' lang='lat' dir='ltr'><strong>bus</strong></span> <span class='ocrx_word' id='word_1_242' title='bbox 199 3193 274 3232; x_wconf 90' lang='lat' dir='ltr'><strong>cum</strong></span> <span class='ocrx_word' id='word_1_243' title='bbox 292 3171 388 3233; x_wconf 89' lang='lat' dir='ltr'><strong>sacris</strong></span> <span class='ocrx_word' id='word_1_244' title='bbox 412 3172 589 3252; x_wconf 89' lang='lat' dir='ltr'><strong>canonibus</strong></span> <span class='ocrx_word' id='word_1_245' title='bbox 604 3174 800 3236; x_wconf 89' lang='lat' dir='ltr'><strong>concordare</strong></span> <span class='ocrx_word' id='word_1_246' title='bbox 816 3173 945 3235; x_wconf 88' lang='lat' dir='ltr'><strong>debere.</strong></span> <span class='ocrx_word' id='word_1_247' title='bbox 986 3175 1029 3234; x_wconf 90' lang='lat' dir='ltr'><strong>Et</strong></span> <span class='ocrx_word' id='word_1_248' title='bbox 1047 3181 1085 3256; x_wconf 83' lang='lat' dir='ltr'><strong>p)</strong></span> <span class='ocrx_word' id='word_1_249' title='bbox 1100 3181 1253 3236; x_wconf 86' lang='lat' dir='ltr'><strong>statutum</strong></span> 
     </span>
     <span class='ocr_line' id='line_1_34' title="bbox 120 3254 1253 3337; baseline 0.001 -22"><span class='ocrx_word' id='word_1_250' title='bbox 120 3263 220 3316; x_wconf 90' lang='lat' dir='ltr'><strong>estut</strong></span> <span class='ocrx_word' id='word_1_251' title='bbox 246 3254 357 3314; x_wconf 89' lang='lat' dir='ltr'><strong>nullus</strong></span> <span class='ocrx_word' id='word_1_252' title='bbox 379 3254 614 3337; x_wconf 88' lang='lat' dir='ltr'><strong>Episcoporum</strong></span> <span class='ocrx_word' id='word_1_253' title='bbox 648 3255 800 3336; x_wconf 88' lang='lat' dir='ltr'><strong>deinceps</strong></span> <span class='ocrx_word' id='word_1_254' title='bbox 833 3276 887 3317; x_wconf 86' lang='lat' dir='ltr'><strong>eos</strong></span> <span class='ocrx_word' id='word_1_255' title='bbox 918 3254 958 3316; x_wconf 89' lang='lat' dir='ltr'><strong>ad</strong></span> <span class='ocrx_word' id='word_1_256' title='bbox 982 3277 1087 3316; x_wconf 89' lang='lat' dir='ltr'><strong>sacros</strong></span> <span class='ocrx_word' id='word_1_257' title='bbox 1123 3255 1253 3316; x_wconf 85' lang='lat' dir='ltr'><strong>ordines</strong></span> 
     </span>
     <span class='ocr_line' id='line_1_35' title="bbox 119 3336 1254 3421; baseline 0.003 -25"><span class='ocrx_word' id='word_1_258' title='bbox 119 3358 308 3420; x_wconf 87' lang='lat' dir='ltr'><strong>promovere</strong></span> <span class='ocrx_word' id='word_1_259' title='bbox 335 3345 525 3418; x_wconf 87' lang='lat' dir='ltr'><strong>praesumat,</strong></span> <span class='ocrx_word' id='word_1_260' title='bbox 541 3339 603 3398; x_wconf 90' lang='lat' dir='ltr'><strong>nisi</strong></span> <span class='ocrx_word' id='word_1_261' title='bbox 616 3337 705 3417; x_wconf 88' lang='lat' dir='ltr'><strong>prius</strong></span> <span class='ocrx_word' id='word_1_262' title='bbox 722 3338 739 3396; x_wconf 77' lang='lat' dir='ltr'><strong>t</strong></span> <span class='ocrx_word' id='word_1_263' title='bbox 753 3336 891 3399; x_wconf 92' lang='lat' dir='ltr'><strong>dominis</strong></span> <span class='ocrx_word' id='word_1_264' title='bbox 905 3337 1044 3421; x_wconf 87' lang='lat' dir='ltr'><strong>propriis</strong></span> <span class='ocrx_word' id='word_1_265' title='bbox 1070 3337 1254 3398; x_wconf 87' lang='lat' dir='ltr'><strong>libertatem</strong></span> 
     </span>
     <span class='ocr_line' id='line_1_36' title="bbox 120 3419 1254 3501; baseline -0.002 -19"><span class='ocrx_word' id='word_1_266' title='bbox 120 3420 286 3482; x_wconf 87' lang='lat' dir='ltr'><strong>consecuti</strong></span> <span class='ocrx_word' id='word_1_267' title='bbox 304 3419 435 3479; x_wconf 90' lang='lat' dir='ltr'><strong>fuerint.</strong></span> <span class='ocrx_word' id='word_1_268' title='bbox 455 3419 536 3482; x_wconf 86' lang='lat' dir='ltr'><strong>Etsi</strong></span> <span class='ocrx_word' id='word_1_269' title='bbox 552 3421 690 3501; x_wconf 90' lang='lat' dir='ltr'><strong>quilibet</strong></span> <span class='ocrx_word' id='word_1_270' title='bbox 703 3441 812 3480; x_wconf 88' lang='lat' dir='ltr'><strong>servus</strong></span> <span class='ocrx_word' id='word_1_271' title='bbox 826 3419 991 3483; x_wconf 86' lang='lat' dir='ltr'><strong>dominum</strong></span> <span class='ocrx_word' id='word_1_272' title='bbox 1005 3441 1099 3481; x_wconf 85' lang='lat' dir='ltr'><strong>suurn</strong></span> <span class='ocrx_word' id='word_1_273' title='bbox 1112 3420 1254 3501; x_wconf 81' lang='lat' dir='ltr'><strong>fugiens,</strong></span> 
     </span>
     <span class='ocr_line' id='line_1_37' title="bbox 120 3499 1254 3583; baseline 0.002 -23"><span class='ocrx_word' id='word_1_274' title='bbox 120 3510 174 3560; x_wconf 88' lang='lat' dir='ltr'><strong>aut</strong></span> <span class='ocrx_word' id='word_1_275' title='bbox 189 3501 331 3578; x_wconf 89' lang='lat' dir='ltr'><strong>latitans,</strong></span> <span class='ocrx_word' id='word_1_276' title='bbox 350 3499 500 3562; x_wconf 87' lang='lat' dir='ltr'><strong>adhibitis</strong></span> <span class='ocrx_word' id='word_1_277' title='bbox 514 3503 648 3564; x_wconf 90' lang='lat' dir='ltr'><strong>testibus</strong></span> <span class='ocrx_word' id='word_1_278' title='bbox 667 3523 801 3563; x_wconf 90' lang='lat' dir='ltr'><strong>munere</strong></span> <span class='ocrx_word' id='word_1_279' title='bbox 825 3504 993 3566; x_wconf 87' lang='lat' dir='ltr'><strong>conductis</strong></span> <span class='ocrx_word' id='word_1_280' title='bbox 1011 3503 1063 3565; x_wconf 88' lang='lat' dir='ltr'><strong>vel</strong></span> <span class='ocrx_word' id='word_1_281' title='bbox 1080 3503 1254 3583; x_wconf 89' lang='lat' dir='ltr'><strong>corruptis,</strong></span> 
     </span>
     <span class='ocr_line' id='line_1_38' title="bbox 118 3583 1254 3668; baseline 0.002 -26"><span class='ocrx_word' id='word_1_282' title='bbox 118 3583 337 3664; x_wconf 84' lang='lat' dir='ltr'><strong>autqualibet</strong></span> <span class='ocrx_word' id='word_1_283' title='bbox 361 3583 535 3645; x_wconf 88' lang='lat' dir='ltr'><strong>calliditate</strong></span> <span class='ocrx_word' id='word_1_284' title='bbox 563 3586 617 3648; x_wconf 91' lang='lat' dir='ltr'><strong>vel</strong></span> <span class='ocrx_word' id='word_1_285' title='bbox 639 3584 763 3661; x_wconf 89' lang='lat' dir='ltr'><strong>fraude,</strong></span> <span class='ocrx_word' id='word_1_286' title='bbox 795 3584 836 3645; x_wconf 91' lang='lat' dir='ltr'><strong>ad</strong></span> <span class='ocrx_word' id='word_1_287' title='bbox 868 3587 983 3668; x_wconf 84' lang='lat' dir='ltr'><strong>gradus</strong></span> <span class='ocrx_word' id='word_1_288' title='bbox 1020 3583 1254 3646; x_wconf 88' lang='lat' dir='ltr'><strong>ecclesiasticos</strong></span> 
     </span>
     <span class='ocr_line' id='line_1_39' title="bbox 120 3666 1254 3750; baseline 0.001 -26"><span class='ocrx_word' id='word_1_289' title='bbox 120 3667 319 3748; x_wconf 86' lang='lat' dir='ltr'><strong>pervenerit,</strong></span> <span class='ocrx_word' id='word_1_290' title='bbox 340 3666 505 3726; x_wconf 90' lang='lat' dir='ltr'><strong>decretum</strong></span> <span class='ocrx_word' id='word_1_291' title='bbox 525 3675 574 3728; x_wconf 90' lang='lat' dir='ltr'><strong>est</strong></span> <span class='ocrx_word' id='word_1_292' title='bbox 594 3677 630 3728; x_wconf 87' lang='lat' dir='ltr'><strong>ut</strong></span> <span class='ocrx_word' id='word_1_293' title='bbox 648 3668 838 3750; x_wconf 90' lang='lat' dir='ltr'><strong>deponatur,</strong></span> <span class='ocrx_word' id='word_1_294' title='bbox 862 3677 896 3729; x_wconf 88' lang='lat' dir='ltr'><strong>et</strong></span> <span class='ocrx_word' id='word_1_295' title='bbox 912 3667 1062 3729; x_wconf 87' lang='lat' dir='ltr'><strong>dominus</strong></span> <span class='ocrx_word' id='word_1_296' title='bbox 1082 3666 1152 3728; x_wconf 90' lang='lat' dir='ltr'><strong>eius</strong></span> <span class='ocrx_word' id='word_1_297' title='bbox 1179 3685 1254 3728; x_wconf 86' lang='lat' dir='ltr'><strong>eum</strong></span> 
     </span>
     <span class='ocr_line' id='line_1_40' title="bbox 121 3747 1254 3832; baseline 0.001 -25"><span class='ocrx_word' id='word_1_298' title='bbox 121 3747 266 3828; x_wconf 83' lang='lat' dir='ltr'><strong>recipiat.</strong></span> <span class='ocrx_word' id='word_1_299' title='bbox 308 3748 341 3808; x_wconf 88' lang='lat' dir='ltr'><strong>si</strong></span> <span class='ocrx_word' id='word_1_300' title='bbox 366 3769 444 3809; x_wconf 84' lang='lat' dir='ltr'><strong>vero</strong></span> <span class='ocrx_word' id='word_1_301' title='bbox 465 3749 610 3810; x_wconf 85' lang='lat' dir='ltr'><strong>avusvel</strong></span> <span class='ocrx_word' id='word_1_302' title='bbox 630 3758 721 3832; x_wconf 88' lang='lat' dir='ltr'><strong>pater</strong></span> <span class='ocrx_word' id='word_1_303' title='bbox 748 3748 786 3808; x_wconf 89' lang='lat' dir='ltr'><strong>ah</strong></span> <span class='ocrx_word' id='word_1_304' title='bbox 809 3749 872 3810; x_wconf 89' lang='lat' dir='ltr'><strong>alia</strong></span> <span class='ocrx_word' id='word_1_305' title='bbox 898 3759 933 3832; x_wconf 78' lang='lat' dir='ltr'><strong>q)</strong></span> <span class='ocrx_word' id='word_1_306' title='bbox 962 3750 1065 3832; x_wconf 89' lang='lat' dir='ltr'><strong>patria</strong></span> <span class='ocrx_word' id='word_1_307' title='bbox 1097 3748 1129 3808; x_wconf 90' lang='lat' dir='ltr'><strong>in</strong></span> <span class='ocrx_word' id='word_1_308' title='bbox 1158 3749 1254 3809; x_wconf 87' lang='lat' dir='ltr'><strong>aliam</strong></span> 
     </span>
     <span class='ocr_line' id='line_1_41' title="bbox 122 3828 1257 3913; baseline 0 -25"><span class='ocrx_word' id='word_1_309' title='bbox 122 3829 274 3912; x_wconf 75' lang='lat' dir='ltr'><strong>migrans,</strong></span> <span class='ocrx_word' id='word_1_310' title='bbox 291 3828 454 3891; x_wconf 87' lang='lat' dir='ltr'><strong>in&#39;eadem</strong></span> <span class='ocrx_word' id='word_1_311' title='bbox 474 3831 644 3912; x_wconf 88' lang='lat' dir='ltr'><strong>provincia</strong></span> <span class='ocrx_word' id='word_1_312' title='bbox 662 3831 766 3890; x_wconf 87' lang='lat' dir='ltr'><strong>filium</strong></span> <span class='ocrx_word' id='word_1_313' title='bbox 787 3832 947 3911; x_wconf 83' lang='lat' dir='ltr'><strong>genuerit,</strong></span> <span class='ocrx_word' id='word_1_314' title='bbox 960 3841 994 3893; x_wconf 92' lang='lat' dir='ltr'><strong>et</strong></span> <span class='ocrx_word' id='word_1_315' title='bbox 1009 3831 1077 3913; x_wconf 90' lang='lat' dir='ltr'><strong>ipse</strong></span> <span class='ocrx_word' id='word_1_316' title='bbox 1097 3831 1182 3892; x_wconf 85' lang='lat' dir='ltr'><strong>filius</strong></span> <span class='ocrx_word' id='word_1_317' title='bbox 1198 3831 1257 3891; x_wconf 87' lang='lat' dir='ltr'><strong>ibi-</strong></span> 
     </span>
     <span class='ocr_line' id='line_1_42' title="bbox 123 3911 1256 3999; baseline 0.002 -27"><span class='ocrx_word' id='word_1_318' title='bbox 123 3911 194 3972; x_wconf 91' lang='lat' dir='ltr'><strong>dem</strong></span> <span class='ocrx_word' id='word_1_319' title='bbox 210 3912 366 3973; x_wconf 92' lang='lat' dir='ltr'><strong>educatus</strong></span> <span class='ocrx_word' id='word_1_320' title='bbox 382 3921 415 3974; x_wconf 89' lang='lat' dir='ltr'><strong>et</strong></span> <span class='ocrx_word' id='word_1_321' title='bbox 439 3913 481 3976; x_wconf 88' lang='lat' dir='ltr'><strong>ad</strong></span> <span class='ocrx_word' id='word_1_322' title='bbox 502 3915 619 3998; x_wconf 77' lang='lat' dir='ltr'><strong>gradus</strong></span> <span class='ocrx_word' id='word_1_323' title='bbox 639 3912 872 3982; x_wconf 80' lang='lat' dir='ltr'><strong>ecclesiasticos</strong></span> <span class='ocrx_word' id='word_1_324' title='bbox 894 3923 1060 3999; x_wconf 88' lang='lat' dir='ltr'><strong>promotus</strong></span> <span class='ocrx_word' id='word_1_325' title='bbox 1079 3912 1191 3991; x_wconf 81' lang='lat' dir='ltr'><strong>fuerit,</strong></span> <span class='ocrx_word' id='word_1_326' title='bbox 1222 3919 1256 3974; x_wconf 82' lang='lat' dir='ltr'><strong>et</strong></span> 
     </span>
    </p>
   </div>
   <div class='ocr_carea' id='block_1_10' title="bbox 123 4043 421 4062">
    <p class='ocr_par' dir='ltr' id='par_1_10' title="bbox 123 4043 421 4062">
     <span class='ocr_line' id='line_1_43' title="bbox 123 4043 421 4062; baseline -0.003 0"><span class='ocrx_word' id='word_1_327' title='bbox 123 4043 421 4062; x_wconf 49' lang='lat' dir='ltr'><strong>t—-u—-u-uffl</strong></span> 
     </span>
    </p>
   </div>
   <div class='ocr_carea' id='block_1_11' title="bbox 157 4129 1080 4352">
    <p class='ocr_par' dir='ltr' id='par_1_11' title="bbox 157 4129 1080 4352">
     <span class='ocr_line' id='line_1_44' title="bbox 157 4129 1080 4206; baseline 0.001 -18"><span class='ocrx_word' id='word_1_328' title='bbox 157 4135 181 4201; x_wconf 86' lang='lat' dir='ltr'><strong>l)</strong></span> <span class='ocrx_word' id='word_1_329' title='bbox 212 4135 247 4188; x_wconf 88' lang='lat' dir='ltr'><strong>al.</strong></span> <span class='ocrx_word' id='word_1_330' title='bbox 267 4153 327 4190; x_wconf 88' lang='lat' dir='ltr'><strong>mss.</strong></span> <span class='ocrx_word' id='word_1_331' title='bbox 347 4129 481 4206; x_wconf 74' lang='lat' dir='ltr'><strong>partibas.</strong></span> <span class='ocrx_word' id='word_1_332' title='bbox 750 4143 782 4203; x_wconf 87' lang='lat' dir='ltr'><strong>o)</strong></span> <span class='ocrx_word' id='word_1_333' title='bbox 798 4138 905 4193; x_wconf 84' lang='lat' dir='ltr'><strong>Desunt</strong></span> <span class='ocrx_word' id='word_1_334' title='bbox 921 4137 951 4190; x_wconf 90' lang='lat' dir='ltr'><strong>in</strong></span> <span class='ocrx_word' id='word_1_335' title='bbox 968 4137 1002 4188; x_wconf 83' lang='lat' dir='ltr'><strong>ab</strong></span> <span class='ocrx_word' id='word_1_336' title='bbox 1021 4155 1080 4192; x_wconf 78' lang='lat' dir='ltr'><strong>mas.</strong></span> 
     </span>
     <span class='ocr_line' id='line_1_45' title="bbox 159 4205 1016 4282; baseline -0.001 -24"><span class='ocrx_word' id='word_1_337' title='bbox 159 4209 197 4268; x_wconf 86' lang='lat' dir='ltr'><strong>m)</strong></span> <span class='ocrx_word' id='word_1_338' title='bbox 214 4207 248 4257; x_wconf 89' lang='lat' dir='ltr'><strong>al.</strong></span> <span class='ocrx_word' id='word_1_339' title='bbox 267 4223 326 4258; x_wconf 88' lang='lat' dir='ltr'><strong>mss.</strong></span> <span class='ocrx_word' id='word_1_340' title='bbox 346 4207 392 4258; x_wconf 88' lang='lat' dir='ltr'><strong>ita.</strong></span> <span class='ocrx_word' id='word_1_341' title='bbox 722 4272 727 4282; x_wconf 34' lang='grc' dir='ltr'>Ι</span> <span class='ocrx_word' id='word_1_342' title='bbox 746 4215 779 4279; x_wconf 80' lang='lat' dir='ltr'><strong>p)</strong></span> <span class='ocrx_word' id='word_1_343' title='bbox 799 4208 834 4258; x_wconf 82' lang='lat' dir='ltr'><strong>al.</strong></span> <span class='ocrx_word' id='word_1_344' title='bbox 852 4225 911 4260; x_wconf 88' lang='lat' dir='ltr'><strong>msa.</strong></span> <span class='ocrx_word' id='word_1_345' title='bbox 932 4205 1016 4260; x_wconf 83' lang='lat' dir='ltr'><strong>Unde.</strong></span> 
     </span>
     <span class='ocr_line' id='line_1_46' title="bbox 162 4275 1036 4352; baseline 0.002 -22"><span class='ocrx_word' id='word_1_346' title='bbox 162 4281 194 4332; x_wconf 73' lang='lat' dir='ltr'><strong>a)</strong></span> <span class='ocrx_word' id='word_1_347' title='bbox 214 4277 322 4332; x_wconf 76' lang='lat' dir='ltr'><strong>Desunt</strong></span> <span class='ocrx_word' id='word_1_348' title='bbox 338 4275 368 4331; x_wconf 86' lang='lat' dir='ltr'><strong>in</strong></span> <span class='ocrx_word' id='word_1_349' title='bbox 386 4291 441 4332; x_wconf 81' lang='lat' dir='ltr'><strong>uno</strong></span> <span class='ocrx_word' id='word_1_350' title='bbox 458 4295 505 4330; x_wconf 78' lang='lat' dir='ltr'><strong>mo.</strong></span> <span class='ocrx_word' id='word_1_351' title='bbox 748 4283 782 4352; x_wconf 75' lang='lat' dir='ltr'><strong>q)</strong></span> <span class='ocrx_word' id='word_1_352' title='bbox 800 4279 833 4331; x_wconf 81' lang='lat' dir='ltr'><strong>al.</strong></span> <span class='ocrx_word' id='word_1_353' title='bbox 852 4295 911 4331; x_wconf 85' lang='lat' dir='ltr'><strong>mss.</strong></span> <span class='ocrx_word' id='word_1_354' title='bbox 930 4279 1036 4352; x_wconf 72' lang='lat' dir='ltr'><strong>aliquo.</strong></span> 
     </span>
    </p>
   </div>
   <div class='ocr_carea' id='block_1_12' title="bbox 0 0 1465 4986">
    <p class='ocr_par' dir='ltr' id='par_1_12' title="bbox 0 0 1465 4986">
     <span class='ocr_line' id='line_1_47' title="bbox 0 0 1465 4986; baseline 0 0"><span class='ocrx_word' id='word_1_355' title='bbox 0 0 1465 4986; x_wconf 95' lang='lat' dir='ltr'><strong> </strong></span> 
     </span>
    </p>
   </div>
  </div>
 </body>
</html>
