2910 4984
214 269 289 346 sot
642 289 931 352 carnummun

215 433 290 515 quia
306 439 381 493 sunt
399 430 556 512 quaedam
569 430 665 493 modo
686 427 884 508 iudicandas
899 433 1056 514 quaedam
1076 433 1137 494 Dei
1151 433 1271 496 iudicio
1289 459 1349 499 re-

213 515 380 578 servanda.
422 513 652 596 scriptumest
670 514 777 576 enim:
798 516 907 576 Nolite
937 516 1079 577 iudicare
1110 529 1181 576 ante
1197 530 1345 599 tempus,

214 597 419 681 quoadusque
436 599 537 656 veniat
556 598 729 675 Dominus,
752 600 807 680 qui
823 612 853 658 et
867 599 1067 659 inluminabit
1091 599 1276 660 abscondita
1297 615 1348 662 te-

212 679 398 755 nebrarum,
421 691 452 739 et
466 678 679 759 manifestabit
692 681 824 742 consilia
845 681 1000 745 cordium.
1042 680 1085 741 Et
1100 693 1173 740 tunc
1198 682 1267 742 laus
1283 686 1347 744 erit

170 797 176 814 ·
211 762 409 845 unicuiquelc
426 762 505 825 Deo.
545 761 588 823 Et
601 762 686 823 illud
705 783 861 826 memores
879 763 963 824 sinte
985 768 1027 825 In
1043 783 1104 847 quo
1119 765 1203 824 enim
1216 765 1342 827 iudicio

212 843 450 916 iudicaveritis,
473 843 666 907 iudicabitur
681 844 721 906 de
740 845 842 908 uobis.

431 977 480 1036 De
504 974 634 1038 Clerieis
655 978 711 1059 qni
727 974 768 1035 de
785 975 929 1037 Ecclesia
947 975 1112 1042 desistunt.

291 1083 404 1148 XLIII.
446 1081 582 1145 Clericis
602 1081 641 1143 de
655 1080 801 1143 Ecclesia
817 1081 1059 1158 desistentibus,
1084 1091 1115 1143 et
1136 1081 1208 1144 aliis
1221 1082 1253 1142 in
1268 1084 1342 1145 loco

209 1167 389 1242 revocatis,
412 1167 438 1227 si
459 1165 621 1226 redierint
643 1165 788 1241 discessi,
812 1165 859 1225 nil
884 1165 929 1224 eis
949 1175 1138 1246 praestetur.
1181 1168 1249 1226 Hoc
1266 1189 1344 1228 vero

206 1248 294 1328 qnod
316 1249 519 1311 discedentes
534 1247 751 1329 reliquerunt,
774 1269 840 1308 non
853 1247 886 1307 iu
907 1269 967 1309 usu
988 1249 1179 1326 Raetorum,
1201 1250 1258 1310 sed
1271 1273 1343 1311 suc-

206 1330 400 1392 eedentibus
419 1331 521 1392 cedat.
566 1329 624 1392 VI.
649 1333 714 1394 125.

204 1439 252 1500 De
282 1438 511 1501 Menaenorum
530 1451 559 1497 et
583 1436 811 1498 Canonicorum
832 1437 945 1497 militia
966 1458 1037 1497 enm
1060 1437 1193 1500 consilio
1218 1438 1343 1500 utiliter

682 1519 851 1603 implenda.

289 1627 405 1688 XLIV.
449 1628 491 1686 Ut
504 1625 654 1686 IIIonacIii
672 1634 703 1683 et
719 1624 876 1685 Canonici
892 1625 1035 1707 pleniter
1050 1625 1223 1686 consilium
1238 1626 1343 1688 habe-

201 1705 258 1768 ant
280 1709 422 1789 qualiter
442 1710 512 1768 Deo
535 1709 691 1783 militare,
726 1706 911 1788 animasque
939 1730 1052 1770 eorum
1071 1709 1187 1770 melius
1211 1711 1343 1772 valeant

200 1793 376 1862 eristodire3
399 1813 459 1852 nec
483 1800 615 1872 propter
633 1791 773 1871 aliquam
790 1790 1009 1852 necessitatem
1023 1791 1226 1852 occasionem
1240 1814 1341 1873 quae-

198 1883 272 1932 rant
287 1873 438 1956 vagandi,
462 1883 495 1933 et
516 1874 601 1933 inter
622 1872 706 1956 ipsos
724 1882 855 1954 propter
870 1873 932 1934 hoc
961 1874 1049 1936 locus
1071 1876 1217 1936 tentandi
1239 1875 1339 1936 detur

202 1955 350 2037 Diah9l0.

422 2060 542 2121 Viduas
560 2063 592 2120 in
616 2061 742 2120 deliciis
756 2084 818 2123 non
834 2075 979 2146 oportere
999 2064 1118 2122 m'oere.

267 2163 379 2232 XLV.
423 2170 466 2227 Ut
486 2165 601 2228 viduae
625 2188 689 2225 non
707 2167 770 2226 sint
788 2168 820 2226 in
838 2167 985 2242 deliciis,
1007 2168 1063 2228 sed
1077 2170 1267 2231 ¹secundum
1291 2171 1337 2231 A·

199 2253 362 2334 postolum
384 2251 442 2312 sub
463 2258 617 2332 potestate
635 2249 786 2330 Episcopi
806 2250 926 2327 vivant,
951 2251 1047 2310 sicuti
1063 2251 1166 2313 decet.

393 2356 434 2417 Ut
451 2355 567 2416 Clerici
582 2375 645 2414 non
667 2355 800 2414 habeant
821 2357 1143 2423 actionesseeulares.

285 2465 397 2528 XLVI.
441 2463 586 2524 Clericus
599 2461 650 2522 vel
662 2459 849 2536 Monachus,
865 2482 971 2542 neque
985 2473 1115 2524 exactor
1129 2464 1339 2546 publicarum

197 2571 326 2624 rerum,
350 2568 456 2628 neque
474 2544 672 2622 conductor,
694 2554 749 2602 aut
769 2544 976 2624 vectigalium
997 2546 1048 2605 vel
1077 2549 1253 2610 curationis
1275 2550 1337 2610 do-

198 2655 286 2708 mus,
309 2630 362 2692 rel
377 2637 569 2713 procurator
583 2627 671 2704 litis,
693 2627 745 2688 rel
766 2625 934 2687 fideiussor
955 2627 988 2685 iu
1012 2627 1253 2692 talibuscausis
1271 2631 1338 2693 fiat.

203 2715 259 2778 Vl.
281 2715 347 2790 124.

397 2819 445 2877 De
462 2838 498 2877 eo
516 2817 570 2898 qui
587 2827 696 2875 eontra
719 2818 871 2877 canonico
895 2829 1011 2876 statuta
1030 2821 1136 2896 egerit.

280 2922 419 2992 XLVII.
463 2921 497 2983 Si
517 2921 589 3002 quis
609 2919 814 2981 contrahaec
839 2930 957 2984 statuta
985 2922 1118 3001 fecerit,
1147 2925 1174 2985 si
1199 2924 1330 3006 Episco-

198 3020 342 3092 pusest,
365 3027 474 3069 omnes
496 3025 548 3065 res
577 3002 646 3062 eius
674 3024 714 3063 ex
750 3025 944 3086 quacunque
972 3026 1066 3065 causa
1095 3006 1149 3066 vel
1171 3029 1330 3088 persona,

198 3093 266 3154 sire
282 3099 356 3151 ante
372 3089 610 3171 episcopatum,
634 3085 701 3147 sire
723 3094 834 3168 postea
858 3089 898 3148 ad
919 3108 992 3145 eum
1014 3091 1232 3169 pervenerint,
1262 3093 1332 3152 Ec-

199 3175 316 3235 clesiae
337 3193 412 3234 suae
434 3193 486 3232 eas
505 3167 669 3230 vindicare
690 3168 858 3234 sancimus.
900 3170 934 3230 Si
954 3191 1031 3229 vero
1055 3170 1174 3230 Clerici
1196 3171 1240 3230 ibi
1263 3173 1332 3235 hoc

197 3257 354 3332 iecerint,
375 3274 512 3338 poenam
534 3250 764 3332 pecuniarum,
798 3273 893 3332 quam
920 3251 1097 3333 Episcopus
1125 3253 1331 3316 existimave-

197 3340 241 3400 rit
258 3338 405 3419 exigere,
427 3334 594 3397 Ecclesiae
611 3332 847 3394 vindicandam.
869 3332 909 3392 Hi
922 3331 1000 3393 vero
1015 3335 1072 3416 qui
1092 3335 1233 3396 actiones
1254 3359 1331 3400 suas

197 3422 244 3483 eis
261 3419 509 3492 commiserunt,
532 3415 585 3478 vel
612 3413 813 3476 fideiussores
840 3437 894 3477 eos
917 3437 976 3499 pro
1002 3418 1194 3498 supradictis
1224 3421 1331 3482 causis

197 3512 409 3586 acceperuut,
433 3501 556 3562 nullam
571 3508 682 3567 contra
695 3497 872 3560 Ecclesiam
883 3501 936 3560 rel
954 3498 1228 3563 administratores
1245 3503 1329 3580 eius,

196 3577 247 3648 rel
269 3585 420 3646 adversus
440 3585 521 3665 ipsas
544 3603 696 3663 personas
717 3602 798 3660 quos
822 3581 1049 3659 crediderunt,
1071 3582 1212 3642 habeant
1231 3584 1331 3644 actio-

198 3692 281 3728 nem.
325 3667 358 3727 Si
382 3661 614 3748 veroquiseos
634 3685 692 3745 pro
712 3663 845 3744 publico
863 3663 971 3725 debito
986 3665 1037 3724 vel
1058 3666 1227 3726 exactione
1254 3687 1331 3726 cre-

196 3752 332 3827 diderit,
358 3751 419 3830 vel·
430 3749 630 3808 fideiussores
646 3745 824 3827 receperit,
848 3747 887 3808 de
902 3745 1078 3808 substantia
1092 3747 1161 3810 fisci
1185 3749 1335 3810 debitum

196 3835 408 3918 compellatur
421 3831 598 3893 exsolvere.
640 3827 726 3890 Ibid.
1099 3833 1101 3839 ⁴
1284 3855 1287 3864 ·

236 3969 285 4027 De
307 3986 341 4024 eo
363 3964 418 4044 qiei
440 3982 490 4021 res
506 3959 665 4020 Ecclesiae
682 3978 741 4041 per
751 3956 872 4038 salsam
884 3962 1062 4040 precariam
1076 3959 1287 4042 uelsraudem

660 4040 859 4122 adipiscitur.

274 4150 419 4213 XLVIII
425 4197 430 4210 .
474 4153 517 4210 Ut
534 4149 558 4208 si
575 4145 730 4229 quislibet
744 4144 913 4206 hominum
923 4169 975 4208 res
985 4149 1147 4210 Ecclesiae
1159 4171 1219 4232 per
1231 4173 1330 4212 men—

194 4235 281 4295 dacia
300 4237 351 4294 rel
369 4238 450 4293 mala
472 4231 599 4312 ingonia
619 4230 650 4288 in
666 4229 841 4310 precariam
857 4229 918 4290 sibi
945 4231 1115 4321 adquirere
1141 4244 1175 4295 et
1203 4233 1328 4296 hahere

614 4424 632 4467 ἰ
