2910 4984
524 293 682 354 annino
718 297 879 361 enarre.
1182 274 1254 349 861

133 437 302 512 laborant,
322 444 362 496 ut
379 435 418 497 de
436 455 548 497 eorum
574 436 721 518 portione
753 436 882 520 proprio
907 431 1097 519 Presbytero
1120 431 1258 500 decimas

133 520 269 584 donent.
312 518 392 578 Item
408 519 442 576 in
464 518 640 599 Capitulari
663 530 771 581 nostro
789 522 821 579 in
843 519 925 578 libro
944 519 972 576 lt
983 565 991 596 ,
1014 518 1154 600 capitulo
1185 541 1257 596 xxx,

134 601 175 662 de
195 599 306 670 eadem
326 622 371 660 re.
415 601 462 659 De
488 602 578 660 nouis
602 601 726 683 quidem
748 615 777 662 ct
792 601 939 670 decimis,
962 601 1044 660 uude
1075 614 1106 661 et
1132 603 1269 680 genitor,
1338 603 1344 622 ²

133 696 245 743 noster
260 695 358 742 etuos
371 681 558 763 frequenter
583 697 613 743 et
638 687 672 742 in
702 683 832 744 diversis
856 684 982 764 placitis
1013 683 1259 744 admonitionem

132 763 267 841 fecimus
274 809 287 836 ,
309 776 339 823 et
358 785 418 847 per
443 763 636 844 Capitularia
657 780 765 826 nostra
786 768 921 850 qualiter
954 767 1028 826 llaec
1058 767 1259 827 observentur

134 845 373 920 ordinavimus,
396 847 641 926 nolumusotpue
660 849 798 908 iubemus
819 861 851 907 ut
875 847 915 906 de
938 850 1024 908 omui
1041 847 1256 918 conlaborato,

134 927 176 987 dc
199 929 276 987 uino
299 940 330 987 et
350 926 513 1007 defoeno,
535 929 671 1010 pleniter
689 943 720 989 et
729 928 879 1012 fideliter
900 930 937 990 ab
962 931 1102 990 omnibus
1119 949 1203 988 nona
1227 939 1259 988 ct

135 1009 259 1069 decima
271 1011 476 1092 persolvatur.
521 1011 566 1069 Dc
587 1013 754 1071 nutrimine
770 1034 846 1072 vero
865 1011 952 1090 quod
973 1013 1006 1071 iu
1028 1011 1148 1071 decima
1176 1009 1259 1092 slan-

135 1091 212 1150 dum
235 1104 306 1170 est,
328 1094 408 1169 sicut
430 1094 574 1151 hactenus
595 1093 784 1154 cousuetudo
808 1094 898 1175 suit,
922 1094 959 1154 ab
984 1094 1125 1153 omnibus
1151 1091 1259 1152 obser-

134 1186 238 1234 uetur.
261 1171 298 1232 Si
313 1175 382 1256 quis
401 1173 737 1259 tamenEpiscoporum
746 1177 850 1256 fuerit
867 1178 922 1258 qui
945 1189 1105 1254 argeutum
1116 1195 1176 1256 pro
1200 1167 1268 1232 li'oc¹

135 1257 279 1339 accipere
295 1257 367 1315 velit
372 1300 385 1327 ,
408 1257 441 1314 in
473 1278 529 1322 sua
554 1271 676 1317 maneat
701 1271 872 1339 potestate,
895 1269 925 1317 et
950 1259 1042 1317 iuxta
1063 1255 1202 1337 quodsi
1226 1267 1259 1315 et

134 1338 186 1396 illi
203 1338 259 1416 qui
277 1338 335 1397 laec
352 1338 529 1421 persoluere
547 1338 658 1418 delet,
681 1342 871 1400 conuenerit.
901 1345 927 1403 Ι.
953 1341 1018 1419 ι57.

133 1445 185 1504 De
201 1445 250 1502 tis
270 1444 324 1526 qui
337 1441 490 1502 'decimam
507 1443 664 1504 Ecclesiae
689 1447 819 1516 iniuste,
843 1466 906 1504 uon
929 1443 1098 1504 secundum
1120 1441 1257 1526 dispari·

134 1527 254 1586 tionem
274 1523 425 1608 Episcopi
440 1527 491 1585 cui
504 1526 634 1586 debetur
648 1526 793 1607 auferunt
815 1541 845 1586 et
863 1527 960 1588 aliubi
972 1539 1025 1586 aut
1038 1538 1170 1610 propter
1184 1527 1259 1586 umi-

302 1608 408 1667 citiam
423 1619 477 1665 aut
491 1622 623 1690 propter
642 1630 768 1669 melitera
788 1608 864 1669 dare
881 1621 1091 1690 praesumunt.

218 1686 365 1751 CLXVI.
408 1688 604 1772 Quicunque
632 1691 787 1751 decimam
810 1691 961 1750 abstrahit
986 1692 1025 1752 de
1042 1689 1188 1751 Ecclesia
1215 1690 1263 1752 ad¹

129 1791 232 1856 vspatam
253 1793 312 1854 per
338 1770 490 1832 iustitiam
517 1773 585 1833 dari
614 1773 725 1850 debet,
756 1782 789 1832 et
821 1795 890 1832 earn
923 1773 1172 1855 praesumptiose
1204 1775 1259 1834 rel

133 1863 267 1938 propter
285 1864 488 1932 muneratus
502 1853 692 1930 amicitiam,
722 1865 783 1915 'aut
795 1853 895 1928 aliam
919 1857 1095 1936 quamlibet
1122 1855 1259 1915 occasio·

134 1958 232 2013 nem,
255 1937 294 1996 ad
314 1936 446 1996 alteram
466 1938 641 1998 Ecclesiam
663 1938 804 2016 dederit,
836 1937 854 1996 ia
885 1938 1007 1998 Comite
1032 1938 1084 1999 vel
1114 1937 1130 1995 a
1161 1936 1257 1996 Misso

134 2029 245 2080 nostro
266 2018 473 2100 distringatur
491 2029 527 2078 ut
546 2020 689 2080 ciusdem
709 2020 851 2082 decimae
871 2020 1080 2102 quantitatem
1102 2037 1176 2080 cnm
1202 2040 1261 2080 sua

133 2101 207 2183 lege
226 2101 379 2161 restituat.
421 2100 524 2185 Supra
538 2123 565 2167 e.
592 2115 657 2163 sno.

134 2207 183 2266 De
201 2208 249 2266 liis
265 2209 320 2289 qui
339 2205 488 2279 decimas,
513 2207 576 2265 nisi
594 2200 613 2265 la
631 2229 663 2266 se
680 2204 910 2289 quoquomodo
932 2201 1147 2280 redimantur',
1179 2205 1256 2266 dare

129 2291 312 2370 neglegunt,
346 2301 380 2348 ut
402 2289 549 2374 firmiter
573 2289 819 2430 distringantur,
847 2288 983 2370 qualiter
1005 2290 1059 2348 uel
1082 2291 1177 2349 inviti
1200 2292 1257 2350 hoc

611 2393 696 2432 emen
722 2384 781 2437 ent.

217 2449 384 2518 CLXVII.
425 2453 571 2515 Decimae
586 2475 668 2536 quae
683 2454 822 2536 populus
846 2451 920 2512 dare
940 2471 1004 2512 non
1020 2453 1101 2529 vult,
1115 2451 1178 2512 nisi
1193 2473 1259 2534 qun

131 2537 202 2597 'vult
218 2536 317 2596 -modo
344 2536 438 2596 abeo
463 2537 676 2611 redimantur,
701 2537 738 2595 ab
762 2536 927 2617 EpIscopis
949 2534 1185 2614 prohibendum
1212 2545 1261 2596 est

134 2641 175 2681 ne
196 2619 259 2678 fiat.
301 2619 342 2678 Et
360 2618 385 2679 si
404 2618 476 2699 qnis
493 2629 692 2700 contemptor
712 2619 862 2680 inventus
887 2615 1005 2696 suerit,
1028 2627 1064 2677 ut
1084 2636 1145 2676 nee
1168 2613 1259 2698 Epis·

130 2723 251 2784 eopum
266 2721 328 2758 nec
352 2700 511 2761 Comitem
528 2703 637 2762 audire
654 2702 749 2777 velit,
771 2701 796 2760 si
817 2707 926 2759 noster
949 2695 1045 2759 homo
1069 2698 1183 2775 fuerit,
1218 2698 1261 2765 sd

131 2797 276 2846 nostram
293 2783 505 2864 praesentiam
521 2785 632 2845 venire
655 2781 873 2864 compellatur.
894 2781 1023 2840 ‘Caeteri
1037 2801 1114 2842 vero
1132 2777 1260 2840 distrin-

133 2877 266 2948 gantur,
286 2875 322 2924 nt
344 2865 437 2924 inviti
455 2867 618 2927 Ecclesiae
637 2867 806 2926 restituant
817 2863 875 2946 qui
893 2862 1075 2925 voluntarie
1102 2863 1177 2923 dare
1204 2882 1260 2923 ne·
1324 2867 1339 2896 ³

134 2951 316 3030 glexerunt.
352 2942 440 3011 illul.
461 2971 485 3008 c.
505 2970 570 3014 101.

134 3057 183 3116 De
203 3056 251 3114 liis
267 3055 322 3134 qai
339 3056 581 3114 restaurationes
601 3053 810 3130 Ecclesiarum
833 3071 996 3134 cariemque
1017 3048 1182 3109 domorum
1194 3049 1254 3130 fa-

132 3140 217 3210 cere,
233 3137 287 3197 vel
306 3135 442 3196 decimas
459 3149 489 3195 et
506 3157 604 3197 nonas
627 3135 717 3206 dare,
741 3136 920 3214 neglegunt,
952 3135 981 3192 si
1002 3153 1034 3192 sc
1059 3151 1123 3192 non
1145 3151 1256 3194 corre-

428 3219 553 3293 xerint,
586 3230 619 3277 ut
648 3213 799 3298 beneficia
817 3209 962 3296 perdant.
1171 3231 1175 3238 ‘

186 3374 188 3380 ἲ
216 3298 396 3363 CLXVIII.
439 3299 633 3380 Quicunque
649 3300 687 3359 de
707 3299 803 3358 rebus
816 3298 1037 3357 Ecclesiarum'
1054 3316 1131 3378 quas
1150 3295 1183 3356 in
1198 3296 1257 3364 be-

134 3377 288 3448 neficium
306 3382 434 3460 habent,
449 3383 693 3443 restaurationes
712 3397 819 3461 etirnm
838 3383 941 3439 lacere
961 3378 1175 3460 neglexerint,
1189 3381 1260 3440 inx-

134 3479 167 3544 ta
189 3465 406 3547 Capitularem
424 3464 634 3538 anteriorem,
658 3463 690 3522 in
713 3467 777 3543 quo
808 3463 845 3524 de
875 3461 1023 3541 operibns
1051 3461 1202 3522 nononis
1226 3471 1259 3520 et

135 3548 269 3611 decimis
293 3548 502 3608 constitutum
525 3557 586 3622 est,
610 3546 655 3606 sie
673 3545 711 3606 de
738 3546 803 3606 illis
828 3544 1054 3625 adimpleatur,
1084 3543 1118 3602 id
1134 3553 1200 3619 est,
1222 3543 1256 3602 in

134 3631 219 3691 libro
238 3639 362 3710 quartu,
384 3628 524 3710 capitulo
546 3646 674 3688 xxxvia.
705 3630 753 3687 De
776 3649 868 3711 opere
892 3647 962 3684 uero
976 3626 1023 3683 vel
1031 3627 1255 3686 restauratione

134 3713 347 3774 Ecclesiarum
369 3713 476 3771 Comes
493 3711 737 3793 ct'Episcopns,
760 3713 826 3769 siue
848 3710 937 3769 Atta
949 3754 961 3780 ,
986 3729 1047 3766 una
1070 3727 1137 3764 cum
1155 3708 1255 3769 Misso

133 3810 242 3856 nostro
254 3815 342 3875 qiiem
360 3795 423 3876 ipsi
441 3795 502 3854 sili
519 3794 563 3851 ad
581 3795 638 3852 ltoc
656 3790 815 3869 elegerint,
823 3789 1105 3852 considerationem
1113 3785 1253 3866 saciant,

133 3890 169 3936 ut
188 3877 394 3958 uuusquisque
415 3896 521 3935 eorum
539 3887 657 3952 tantum
675 3873 749 3932 inde
779 3876 912 3954 accipiat
946 3871 990 3930 ad
1010 3869 1202 3952 operandum
1225 3885 1256 3932 et

135 3957 394 4030 restaurandum,
417 3963 563 4037 quesitum
579 3959 644 4038 ipse
664 3955 703 4016 de
721 3957 811 4014 rebus
826 3955 1037 4014 Ecclesiarum
1058 3951 1169 4012 haltere
1186 3975 1255 4034 cog·

136 4042 283 4101 noscitur.
325 4038 479 4100 Similiter
501 4051 531 4098 et
545 4037 640 4098 Vasti
655 4039 757 4098 nostri
779 4050 831 4096 aut
850 4038 1059 4096 incommune
1083 4045 1200 4094 tautum
1216 4059 1253 4096 o-

134 4125 219 4204 peris
237 4124 409 4206 accipiant,
431 4134 580 4203 quantum
596 4141 700 4180 rerum
728 4119 1005 4179 ecclesiasticarum
1033 4115 1170 4188 habent,
1201 4131 1256 4178 aut

138 4207 343 4289 unusquisque
355 4226 415 4288 per
433 4226 465 4265 se
483 4205 575 4266 iuxta
598 4203 800 4285 quantitatem
819 4220 910 4284 pisam
928 4201 994 4281 ipse
1009 4208 1099 4259 tenet.
1141 4198 1203 4262 Aut
1228 4202 1256 4261 si
