2926 4984
539 361 866 438 areencmnrns
1182 354 1253 428 ⁵17

366 508 425 570 'Dc
446 507 598 572 Ecclesiis
617 516 672 576 vel
689 508 840 578 altarib'ns
856 515 1014 594 ambiguis.

213 607 353 705 XLVII.
396 616 438 675 Ut
456 618 618 681 Ecclesiae
638 622 688 682 vel
710 622 821 682 altaria
840 642 922 701 quae
945 620 1091 701 ambigua
1114 628 1188 680 sunt
1214 619 1253 682 de

131 702 371 756 consecratione
389 711 627 762 consecrentur.
670 705 752 764 Ibid.
765 727 790 764 c.
803 706 869 780 145.

389 805 444 864 De
465 805 568 864 linteis
588 809 738 868 altaribus
759 806 1007 892 praeparandis„

213 904 371 974 XLVIII.
413 909 456 968 Ut
471 911 651 993 Presbyteri
671 936 730 994 per
748 914 914 994 parochias
936 935 1007 974 suas
1025 913 1153 973 feminis
1166 933 1255 994 prae-

129 987 250 1069 dicent,
261 996 297 1047 ut
310 988 498 1051 linteamina
513 993 664 1054 altaribus
682 1004 882 1077 praeparent.
903 995 985 1056 Ibid.
997 1015 1022 1060 c.
1035 995 1100 1071 146.

371 1119 425 1180 De
445 1123 646 1203 parochianis
670 1125 798 1184 alterins
818 1126 1009 1201 Presbyteri.

214 1221 334 1284 XLIX.
376 1226 418 1284 Ut
438 1227 546 1286 nullus
564 1227 734 1310 Presbyter
758 1229 888 1290 alterius
913 1230 1163 1312 parochianum,
1193 1227 1256 1288 nisi

131 1305 167 1364 in
187 1304 304 1366 itinere
326 1305 425 1366 suerit
449 1308 502 1368 vel
523 1307 677 1390 placitum
702 1311 745 1378 ibi
765 1311 937 1389 babuerit,
967 1312 1007 1372 ad
1027 1313 1155 1374 Missam
1170 1310 1255 1371 reci·

130 1386 209 1470 piat.
231 1387 314 1448 Ibid.
331 1408 357 1448 c.
375 1390 446 1468 147..

418 1495 474 1556 Do
493 1497 645 1578 parocbia
665 1497 982 1576 alterinsPresbyteri.

216 1599 257 1660 L.
294 1600 336 1658 tn
353 1598 463 1659 nullus
477 1600 646 1684 Presbyter
665 1603 697 1661 in
716 1603 846 1663 alterius
855 1603 1036 1688 Presbyteri
1047 1600 1256 1685 parochianae

131 1680 338 1757 inconsulto,
359 1680 484 1741 Missam
501 1692 628 1744 cantare
641 1695 838 1764 praesumat,
861 1684 921 1745 nisi
948 1687 981 1744 in
998 1685 1114 1744 itinere
1134 1682 1255 1752 suerit;

133 1781 194 1824 nec
205 1762 361 1823 decimam
377 1762 416 1823 ad
430 1761 565 1827 alterum
576 1767 791 1846 pertinentem
805 1767 919 1828 audeat
928 1766 1138 1848 reciperelb.
1151 1785 1177 1826 c.
1190 1764 1256 1840 148.

485 1895 541 1954 De
556 1895 926 1972 terminochclesiarnm.

218 1994 272 2071 LI.
315 1998 358 2055 Ut
377 1996 551 2057 terminum
565 1997 681 2058 habeat
694 2021 905 2082 unaquaeque
920 1998 1065 2062 Ecclesia
1086 1996 1124 2060 de
1140 1995 1256 2080 quibus

132 2076 221 2141 villis
241 2077 378 2139 decimas
396 2079 539 2161 recipiat.
579 2081 662 2142 Ibid.
680 2104 705 2141 c.
727 2086 792 2163 149,

467 2186 520 2245 De
539 2187 629 2246 rebns
649 2189 918 2263 Presbyterornm.

217 2287 291 2348 LII.
333 2293 376 2350 Ut
393 2289 614 2370 unusquisque
631 2291 801 2372 Presbyter
820 2293 870 2354 re's
895 2315 975 2375 quas
988 2301 1059 2374 post
1082 2293 1167 2352 diem
1184 2311 1259 2350 con·

134 2370 327 2432 secretionis
348 2371 547 2452 adquisierit,
558 2372 703 2454 propriae
724 2375 1075 2455 Ecclesiae-relinquat.
1096 2373 1178 2436 Ilac.
1192 2373 1259 2435 150.

302 2501 358 2561 De
378 2501 607 2583 poenitentibus
623 2523 685 2561 non
702 2501 847 2579 cogendis
867 2505 976 2563 m'nnm
994 2502 1108 2566 babere.

219 2605 310 2666 LIII.
353 2608 395 2665 tlt
412 2605 520 2665 nullus
535 2607 707 2688 Presbyter
724 2616 777 2664 ant
793 2608 906 2668 Laicus
929 2608 1150 2690 poenitentem
1168 2616 1261 2687 cogat

136 2689 250 2750 vinnm
271 2688 380 2752 bibere
403 2697 457 2754 eut
479 2708 608 2750 carnem
633 2689 845 2764 manducare,
869 2690 928 2749 nisi
967 2689 1006 2748 ad
1029 2709 1178 2767 praesens
1201 2709 1262 2769 pro

136 2771 205 2851 ipso
223 2792 324 2829 unum
338 2770 394 2834 vel,
405 2771 483 2835 dnos
497 2769 644 2830 denarios
664 2770 752 2830 iuxta
766 2772 951 2852 qualitatem
967 2768 1186 2854 poenitentiae
1209 2770 1265 2837 de-

137 2852 230 2917 derit
271 2850 355 2913 laia:
372 2872 398 2911 c.
418 2851 484 2914 151.

371 2959 424 3020 De
438 2959 677 3034 Presbyteris.la
695 2961 804 3043 quibas
825 2982 857 3019 se
875 2974 1014 3022 caveant.

221 3059 309 3121 LIV.
350 3065 393 3122 Ut
410 3062 519 3123 nullus
535 3065 705 3146 Presbyter
725 3074 825 3126 cartas
844 3065 962 3135 scribat
974 3113 990 3144 „
1007 3086 1065 3125 nec
1084 3062 1262 3123 conductor
1295 3116 1297 3119 ,

138 3143 189 3204 sui
212 3143 356 3204 Senioris
372 3144 493 3204 existat.
534 3140 617 3208 Ibid.
637 3168 662 3204 e.
685 3147 749 3208 152.

200 3253 256 3312 De
284 3250 480 3325 Presbyteris
501 3253 556 3332 qni
576 3251 695 3330 agenda
718 3253 751 3313 in
771 3253 941 3313 domiciliis
964 3253 1200 3314 celebraverint.

220 3353 290 3419 LV.
332 3357 489 3415 Statutunr
523 3367 574 3426 est,
595 3365 631 3416 ut
655 3356 682 3416 si
708 3357 779 3436 quis
822 3360 993 3441 Presbyter
1027 3360 1058 3418 in
1093 3357 1263 3420 domiciliis

139 3437 274 3518 Agenda
298 3437 510 3497 celebraverit
531 3437 599 3498 sine
618 3437 749 3499 licentia
774 3448 805 3499 et
822 3441 958 3507 consilio
979 3441 1029 3500 sui
1038 3438 1267 3526 Episcopi,ho·

141 3541 219 3582 nore
239 3519 427 3582 sacerdotali
447 3520 609 3600 privetur.

291 3629 345 3686 De
367 3624 601 3705 praedicatione
623 3626 828 3709 vel'capitnlis
844 3629 1112 3706 Presbyterornm,

223 3727 310 3792 LVI.
353 3730 396 3788 Ut
414 3729 635 3808 unusquisque
659 3731 830 3814 Presbyter
846 3733 985 3813 capitula
1001 3733 1117 3795 babeat
1139 3735 1177 3794 de
1197 3755 1264 3792 ma·

141 3811 264 3872 ionibus
284 3810 338 3870 vel
356 3810 394 3870 de
405 3810 581 3871 minoribus
600 3811 698 3880 vitiis,
715 3834 774 3893 per
790 3837 871 3894 quae
887 3837 1078 3894 cognoscere
1094 3816 1198 3875 valeat
1213 3815 1263 3872 vel

140 3893 326 3979 praedicare
340 3892 545 3956 subditissuis
568 3901 603 3950 ut
617 3913 649 3952 se
659 3896 834 3954 caveantab
845 3897 969 3957 insidiis
979 3896 1106 3961 diaboli.
1118 3897 1265 3974 lb.c.154.

565 3999 612 4056 De
636 3998 843 4064 Eucliaristici.

223 4101 329 4163 LVII.
369 4106 412 4162 Ut
442 4103 615 4183 Presbyter·
651 4103 873 4162 eucharistiam
902 4104 1017 4164 babeat
1042 4114 1196 4184 paratam3
1231 4113 1268 4162 nt

144 4185 272 4264 qnando
293 4185 365 4265 quis
384 4185 607 4260 infirmaverit,
630 4195 684 4242 aut
699 4185 851 4265 parvulus
868 4185 1012 4247 infirmus
1036 4187 1145 4262 l'nerit⁷
1165 4187 1269 4246 statim

146 4285 218 4326 eum
232 4266 459 4340 communicet,
477 4287 518 4328 nc
534 4265 602 4329 sine
617 4268 840 4328 communione
860 4268 1023 4338 moriatur.
1064 4269 1145 4330 linc.
1161 4267 1231 4336 155.
