<?xml version="1.0" encoding="UTF-8"?>
<!DOCTYPE html PUBLIC "-//W3C//DTD XHTML 1.0 Transitional//EN"
    "http://www.w3.org/TR/xhtml1/DTD/xhtml1-transitional.dtd">
<html xmlns="http://www.w3.org/1999/xhtml" xml:lang="en" lang="en">
 <head>
  <title>
</title>
<meta http-equiv="Content-Type" content="text/html;charset=utf-8" />
  <meta name='ocr-system' content='tesseract 3.04.00' />
  <meta name='ocr-capabilities' content='ocr_page ocr_carea ocr_par ocr_line ocrx_word'/>
</head>
<body>
  <div class='ocr_page' id='page_1' title='image "./corpusiurisgerm04visigoog_0040.png"; bbox 0 0 2910 4986; ppageno 0'>
   <div class='ocr_carea' id='block_1_1' title="bbox 515 369 862 450">
    <p class='ocr_par' dir='ltr' id='par_1_1' title="bbox 515 369 862 450">
     <span class='ocr_line' id='line_1_1' title="bbox 515 369 862 450; baseline -0.012 -7"><span class='ocrx_word' id='word_1_1' title='bbox 515 379 631 443; x_wconf 72' lang='lat' dir='ltr'><strong><em>mutu</em></strong></span> <span class='ocrx_word' id='word_1_2' title='bbox 647 369 862 450; x_wconf 65' lang='lat' dir='ltr'><strong><em>sumimus,</em></strong></span> 
     </span>
    </p>
   </div>
   <div class='ocr_carea' id='block_1_2' title="bbox 105 526 671 1924">
    <p class='ocr_par' dir='ltr' id='par_1_2' title="bbox 154 526 664 695">
     <span class='ocr_line' id='line_1_2' title="bbox 154 526 664 613; baseline 0 -25"><span class='ocrx_word' id='word_1_3' title='bbox 154 547 196 610; x_wconf 81' lang='lat'><strong><em>¹7·</em></strong></span> <span class='ocrx_word' id='word_1_4' title='bbox 217 529 267 590; x_wconf 88' lang='lat' dir='ltr'><strong><em>De</em></strong></span> <span class='ocrx_word' id='word_1_5' title='bbox 289 529 370 593; x_wconf 90' lang='lat' dir='ltr'><strong><em>locis</em></strong></span> <span class='ocrx_word' id='word_1_6' title='bbox 392 531 426 590; x_wconf 91' lang='lat' dir='ltr'><strong><em>in</em></strong></span> <span class='ocrx_word' id='word_1_7' title='bbox 445 526 556 613; x_wconf 83' lang='lat' dir='ltr'><strong><em>quibus</em></strong></span> <span class='ocrx_word' id='word_1_8' title='bbox 575 527 664 606; x_wconf 78' lang='lat' dir='ltr'><strong><em>lega-</em></strong></span> 
     </span>
     <span class='ocr_line' id='line_1_3' title="bbox 205 610 622 695; baseline -0.005 -23"><span class='ocrx_word' id='word_1_9' title='bbox 205 613 309 673; x_wconf 78' lang='lat' dir='ltr'><strong><em>tiones</em></strong></span> <span class='ocrx_word' id='word_1_10' title='bbox 327 610 524 695; x_wconf 81' lang='lat' dir='ltr'><strong><em>recipiendae</em></strong></span> <span class='ocrx_word' id='word_1_11' title='bbox 541 622 622 670; x_wconf 91' lang='lat' dir='ltr'><strong><em>sunt.</em></strong></span> 
     </span>
    </p>

    <p class='ocr_par' dir='ltr' id='par_1_3' title="bbox 149 691 665 836">
     <span class='ocr_line' id='line_1_4' title="bbox 149 691 665 759; baseline 0.004 -7"><span class='ocrx_word' id='word_1_12' title='bbox 149 692 195 759; x_wconf 79' lang='lat'><strong><em>18.</em></strong></span> <span class='ocrx_word' id='word_1_13' title='bbox 217 694 267 754; x_wconf 91' lang='lat' dir='ltr'><strong><em>De</em></strong></span> <span class='ocrx_word' id='word_1_14' title='bbox 275 692 488 756; x_wconf 91' lang='lat' dir='ltr'><strong><em>admonitione</em></strong></span> <span class='ocrx_word' id='word_1_15' title='bbox 497 691 588 754; x_wconf 88' lang='lat' dir='ltr'><strong><em>unius</em></strong></span> <span class='ocrx_word' id='word_1_16' title='bbox 599 709 665 754; x_wconf 83' lang='lat' dir='ltr'><strong><em>mo·</em></strong></span> 
     </span>
     <span class='ocr_line' id='line_1_5' title="bbox 207 788 308 836; baseline 0.02 -2"><span class='ocrx_word' id='word_1_17' title='bbox 207 788 308 836; x_wconf 81' lang='lat' dir='ltr'><strong><em>netae.</em></strong></span> 
     </span>
    </p>

    <p class='ocr_par' dir='ltr' id='par_1_4' title="bbox 150 857 563 938">
     <span class='ocr_line' id='line_1_6' title="bbox 150 857 563 938; baseline 0.005 -23"><span class='ocrx_word' id='word_1_18' title='bbox 150 876 196 938; x_wconf 87' lang='lat'><strong><em>¹9·</em></strong></span> <span class='ocrx_word' id='word_1_19' title='bbox 217 857 267 916; x_wconf 93' lang='lat' dir='ltr'><strong><em>De</em></strong></span> <span class='ocrx_word' id='word_1_20' title='bbox 280 859 404 918; x_wconf 90' lang='lat' dir='ltr'><strong><em>iniustis</em></strong></span> <span class='ocrx_word' id='word_1_21' title='bbox 421 859 563 920; x_wconf 87' lang='lat' dir='ltr'><strong><em>teloneis.</em></strong></span> 
     </span>
    </p>

    <p class='ocr_par' dir='ltr' id='par_1_5' title="bbox 144 937 667 1102">
     <span class='ocr_line' id='line_1_7' title="bbox 144 937 667 1022; baseline -0.004 -24"><span class='ocrx_word' id='word_1_22' title='bbox 144 957 196 1000; x_wconf 86' lang='lat'><strong><em>20.</em></strong></span> <span class='ocrx_word' id='word_1_23' title='bbox 219 940 267 1000; x_wconf 91' lang='lat' dir='ltr'><strong><em>De</em></strong></span> <span class='ocrx_word' id='word_1_24' title='bbox 279 942 426 1022; x_wconf 89' lang='lat' dir='ltr'><strong><em>pontibus</em></strong></span> <span class='ocrx_word' id='word_1_25' title='bbox 448 940 502 1001; x_wconf 88' lang='lat' dir='ltr'><strong><em>ubi</em></strong></span> <span class='ocrx_word' id='word_1_26' title='bbox 525 937 667 1022; x_wconf 79' lang='lat' dir='ltr'><strong><em>antiqui-</em></strong></span> 
     </span>
     <span class='ocr_line' id='line_1_8' title="bbox 208 1020 662 1102; baseline -0.009 -22"><span class='ocrx_word' id='word_1_27' title='bbox 208 1032 259 1081; x_wconf 88' lang='lat' dir='ltr'><strong><em>tus</em></strong></span> <span class='ocrx_word' id='word_1_28' title='bbox 271 1021 406 1102; x_wconf 90' lang='lat' dir='ltr'><strong><em>suerunt</em></strong></span> <span class='ocrx_word' id='word_1_29' title='bbox 421 1020 625 1083; x_wconf 84' lang='lat' dir='ltr'><strong><em>renovandis.</em></strong></span> <span class='ocrx_word' id='word_1_30' title='bbox 660 1069 662 1076; x_wconf 81' lang='grc'>,</span> 
     </span>
    </p>

    <p class='ocr_par' dir='ltr' id='par_1_6' title="bbox 149 1103 585 1168">
     <span class='ocr_line' id='line_1_9' title="bbox 149 1103 585 1168; baseline 0.005 -6"><span class='ocrx_word' id='word_1_31' title='bbox 149 1123 198 1168; x_wconf 79' lang='lat'><strong><em>21.</em></strong></span> <span class='ocrx_word' id='word_1_32' title='bbox 221 1105 269 1163; x_wconf 87' lang='lat' dir='ltr'><strong><em>De</em></strong></span> <span class='ocrx_word' id='word_1_33' title='bbox 288 1106 377 1168; x_wconf 89' lang='lat' dir='ltr'><strong><em>nonis</em></strong></span> <span class='ocrx_word' id='word_1_34' title='bbox 396 1116 426 1166; x_wconf 91' lang='lat' dir='ltr'><strong><em>et</em></strong></span> <span class='ocrx_word' id='word_1_35' title='bbox 445 1103 585 1164; x_wconf 79' lang='lat' dir='ltr'><strong><em>decimis.</em></strong></span> 
     </span>
    </p>

    <p class='ocr_par' dir='ltr' id='par_1_7' title="bbox 147 1187 671 1434">
     <span class='ocr_line' id='line_1_10' title="bbox 147 1187 668 1271; baseline 0 -27"><span class='ocrx_word' id='word_1_36' title='bbox 147 1203 198 1244; x_wconf 84' lang='lat'><strong><em>22.</em></strong></span> <span class='ocrx_word' id='word_1_37' title='bbox 220 1187 270 1245; x_wconf 91' lang='lat' dir='ltr'><strong><em>De</em></strong></span> <span class='ocrx_word' id='word_1_38' title='bbox 289 1187 432 1271; x_wconf 83' lang='lat' dir='ltr'><strong><em>operibus</em></strong></span> <span class='ocrx_word' id='word_1_39' title='bbox 452 1188 486 1245; x_wconf 87' lang='lat' dir='ltr'><strong><em>in</em></strong></span> <span class='ocrx_word' id='word_1_40' title='bbox 506 1197 668 1245; x_wconf 90' lang='lat' dir='ltr'><strong><em>restaura·</em></strong></span> 
     </span>
     <span class='ocr_line' id='line_1_11' title="bbox 210 1266 671 1330; baseline -0.007 -2"><span class='ocrx_word' id='word_1_41' title='bbox 210 1269 328 1329; x_wconf 89' lang='lat' dir='ltr'><strong><em>tionem</em></strong></span> <span class='ocrx_word' id='word_1_42' title='bbox 341 1267 554 1330; x_wconf 84' lang='lat' dir='ltr'><strong><em>Ecclesiurum</em></strong></span> <span class='ocrx_word' id='word_1_43' title='bbox 569 1266 671 1328; x_wconf 89' lang='lat' dir='ltr'><strong><em>adim-</em></strong></span> 
     </span>
     <span class='ocr_line' id='line_1_12' title="bbox 208 1351 345 1434; baseline 0.015 -24"><span class='ocrx_word' id='word_1_44' title='bbox 208 1351 345 1434; x_wconf 89' lang='lat' dir='ltr'><strong><em>plendis.</em></strong></span> 
     </span>
    </p>

    <p class='ocr_par' dir='ltr' id='par_1_8' title="bbox 105 1429 669 1658">
     <span class='ocr_line' id='line_1_13' title="bbox 105 1429 669 1505; baseline -0.005 -14"><span class='ocrx_word' id='word_1_45' title='bbox 105 1489 108 1499; x_wconf 84' lang='grc'>,</span> <span class='ocrx_word' id='word_1_46' title='bbox 147 1433 199 1494; x_wconf 63' lang='grc'><strong><em>25.</em></strong></span> <span class='ocrx_word' id='word_1_47' title='bbox 221 1435 270 1493; x_wconf 93' lang='lat' dir='ltr'><strong><em>De</em></strong></span> <span class='ocrx_word' id='word_1_48' title='bbox 289 1433 459 1495; x_wconf 86' lang='lat' dir='ltr'><strong><em>Comitibus</em></strong></span> <span class='ocrx_word' id='word_1_49' title='bbox 468 1477 481 1505; x_wconf 89' lang='lat'><em>,</em></span> <span class='ocrx_word' id='word_1_50' title='bbox 504 1443 538 1492; x_wconf 91' lang='lat' dir='ltr'><strong><em>ut</em></strong></span> <span class='ocrx_word' id='word_1_51' title='bbox 557 1429 669 1491; x_wconf 90' lang='lat' dir='ltr'><strong><em>minis-</em></strong></span> 
     </span>
     <span class='ocr_line' id='line_1_14' title="bbox 212 1512 669 1577; baseline -0.007 -3"><span class='ocrx_word' id='word_1_52' title='bbox 212 1519 270 1575; x_wconf 91' lang='lat' dir='ltr'><strong><em>tris</em></strong></span> <span class='ocrx_word' id='word_1_53' title='bbox 291 1516 452 1577; x_wconf 77' lang='lat' dir='ltr'><strong><em>Ecclesiae</em></strong></span> <span class='ocrx_word' id='word_1_54' title='bbox 471 1517 505 1575; x_wconf 90' lang='lat' dir='ltr'><strong><em>in</em></strong></span> <span class='ocrx_word' id='word_1_55' title='bbox 520 1516 583 1576; x_wconf 89' lang='lat' dir='ltr'><strong><em>suis</em></strong></span> <span class='ocrx_word' id='word_1_56' title='bbox 600 1512 669 1573; x_wconf 90' lang='lat' dir='ltr'><strong><em>Mi-</em></strong></span> 
     </span>
     <span class='ocr_line' id='line_1_15' title="bbox 209 1597 618 1658; baseline -0.005 -2"><span class='ocrx_word' id='word_1_57' title='bbox 209 1600 347 1658; x_wconf 88' lang='lat' dir='ltr'><strong><em>nisteriis</em></strong></span> <span class='ocrx_word' id='word_1_58' title='bbox 369 1597 531 1658; x_wconf 86' lang='lat' dir='ltr'><strong><em>adiutores</em></strong></span> <span class='ocrx_word' id='word_1_59' title='bbox 548 1597 618 1655; x_wconf 89' lang='lat' dir='ltr'><strong><em>sint.</em></strong></span> 
     </span>
    </p>

    <p class='ocr_par' dir='ltr' id='par_1_9' title="bbox 148 1677 669 1924">
     <span class='ocr_line' id='line_1_16' title="bbox 148 1677 667 1763; baseline -0.01 -23"><span class='ocrx_word' id='word_1_60' title='bbox 148 1679 199 1758; x_wconf 70' lang='grc'><strong><em>24.</em></strong></span> <span class='ocrx_word' id='word_1_61' title='bbox 222 1681 271 1740; x_wconf 91' lang='lat' dir='ltr'><strong><em>De</em></strong></span> <span class='ocrx_word' id='word_1_62' title='bbox 287 1680 460 1763; x_wconf 86' lang='lat' dir='ltr'><strong><em>capitulish</em></strong></span> <span class='ocrx_word' id='word_1_63' title='bbox 473 1677 667 1739; x_wconf 90' lang='lat' dir='ltr'><strong><em>Cancellario</em></strong></span> 
     </span>
     <span class='ocr_line' id='line_1_17' title="bbox 209 1760 669 1844; baseline -0.013 -22"><span class='ocrx_word' id='word_1_64' title='bbox 209 1764 324 1844; x_wconf 89' lang='lat' dir='ltr'><strong><em>palatii</em></strong></span> <span class='ocrx_word' id='word_1_65' title='bbox 350 1763 389 1824; x_wconf 90' lang='lat' dir='ltr'><strong><em>ab</em></strong></span> <span class='ocrx_word' id='word_1_66' title='bbox 415 1760 669 1841; x_wconf 84' lang='lat' dir='ltr'><strong><em>Archiepiscopis</em></strong></span> 
     </span>
     <span class='ocr_line' id='line_1_18' title="bbox 211 1839 669 1924; baseline -0.004 -22"><span class='ocrx_word' id='word_1_67' title='bbox 211 1856 242 1903; x_wconf 89' lang='lat' dir='ltr'><strong><em>et</em></strong></span> <span class='ocrx_word' id='word_1_68' title='bbox 269 1844 441 1906; x_wconf 88' lang='lat' dir='ltr'><strong><em>Comitibus</em></strong></span> <span class='ocrx_word' id='word_1_69' title='bbox 467 1839 669 1924; x_wconf 87' lang='lat' dir='ltr'><strong><em>accipiendis.</em></strong></span> 
     </span>
    </p>
   </div>
   <div class='ocr_carea' id='block_1_3' title="bbox 152 1923 701 1989">
    <p class='ocr_par' dir='ltr' id='par_1_10' title="bbox 152 1923 701 1989">
     <span class='ocr_line' id='line_1_19' title="bbox 152 1923 701 1989; baseline -0.009 -5"><span class='ocrx_word' id='word_1_70' title='bbox 152 1924 201 1989; x_wconf 80' lang='lat'><strong><em>25.</em></strong></span> <span class='ocrx_word' id='word_1_71' title='bbox 224 1926 270 1986; x_wconf 90' lang='lat' dir='ltr'><strong><em>De</em></strong></span> <span class='ocrx_word' id='word_1_72' title='bbox 284 1927 461 1988; x_wconf 87' lang='lat' dir='ltr'><strong><em>nominibus</em></strong></span> <span class='ocrx_word' id='word_1_73' title='bbox 474 1925 617 1985; x_wconf 90' lang='lat' dir='ltr'><strong><em>locorum</em></strong></span> <span class='ocrx_word' id='word_1_74' title='bbox 634 1923 669 1981; x_wconf 91' lang='lat' dir='ltr'><strong><em>in</em></strong></span> <span class='ocrx_word' id='word_1_75' title='bbox 697 1925 701 1930; x_wconf 84' lang='grc'><em>“</em></span> 
     </span>
    </p>
   </div>
   <div class='ocr_carea' id='block_1_4' title="bbox 123 2004 676 3790">
    <p class='ocr_par' dir='ltr' id='par_1_11' title="bbox 123 2004 669 2170">
     <span class='ocr_line' id='line_1_20' title="bbox 123 2004 669 2090; baseline -0.009 -22"><span class='ocrx_word' id='word_1_76' title='bbox 123 2081 126 2090; x_wconf 31' lang='grc'>1</span> <span class='ocrx_word' id='word_1_77' title='bbox 212 2009 324 2090; x_wconf 84' lang='lat' dir='ltr'><strong><em>quibus</em></strong></span> <span class='ocrx_word' id='word_1_78' title='bbox 346 2009 440 2068; x_wconf 89' lang='lat' dir='ltr'><strong><em>Missi</em></strong></span> <span class='ocrx_word' id='word_1_79' title='bbox 456 2004 608 2068; x_wconf 89' lang='lat' dir='ltr'><strong><em>dominici</em></strong></span> <span class='ocrx_word' id='word_1_80' title='bbox 621 2005 669 2063; x_wconf 90' lang='lat' dir='ltr'><strong><em>le-</em></strong></span> 
     </span>
     <span class='ocr_line' id='line_1_21' title="bbox 208 2089 530 2170; baseline -0.006 -21"><span class='ocrx_word' id='word_1_81' title='bbox 208 2091 333 2168; x_wconf 79' lang='lat' dir='ltr'><strong><em>gatione</em></strong></span> <span class='ocrx_word' id='word_1_82' title='bbox 342 2089 530 2170; x_wconf 80' lang='lat' dir='ltr'><strong><em>funguntur.</em></strong></span> 
     </span>
    </p>

    <p class='ocr_par' dir='ltr' id='par_1_12' title="bbox 150 2167 671 2420">
     <span class='ocr_line' id='line_1_22' title="bbox 150 2167 671 2234; baseline -0.008 -2"><span class='ocrx_word' id='word_1_83' title='bbox 150 2170 200 2232; x_wconf 85' lang='lat'><strong><em>26.</em></strong></span> <span class='ocrx_word' id='word_1_84' title='bbox 223 2172 271 2230; x_wconf 88' lang='lat' dir='ltr'><strong><em>De</em></strong></span> <span class='ocrx_word' id='word_1_85' title='bbox 308 2171 598 2234; x_wconf 82' lang='lat' dir='ltr'><strong><em>commemoratione</em></strong></span> <span class='ocrx_word' id='word_1_86' title='bbox 625 2167 671 2228; x_wconf 87' lang='lat' dir='ltr'><strong><em>ad</em></strong></span> 
     </span>
     <span class='ocr_line' id='line_1_23' title="bbox 212 2253 669 2338; baseline -0.004 -26"><span class='ocrx_word' id='word_1_87' title='bbox 212 2253 400 2331; x_wconf 83' lang='lat' dir='ltr'><strong><em>legationem</em></strong></span> <span class='ocrx_word' id='word_1_88' title='bbox 431 2253 669 2338; x_wconf 91' lang='lat' dir='ltr'><strong><em>praedictorum</em></strong></span> 
     </span>
     <span class='ocr_line' id='line_1_24' title="bbox 211 2337 586 2420; baseline 0.011 -26"><span class='ocrx_word' id='word_1_89' title='bbox 211 2337 383 2396; x_wconf 85' lang='lat' dir='ltr'><strong><em>Missurum</em></strong></span> <span class='ocrx_word' id='word_1_90' title='bbox 401 2337 586 2420; x_wconf 88' lang='lat' dir='ltr'><strong><em>pertinente.</em></strong></span> 
     </span>
    </p>

    <p class='ocr_par' dir='ltr' id='par_1_13' title="bbox 151 2415 672 2744">
     <span class='ocr_line' id='line_1_25' title="bbox 151 2415 669 2501; baseline 0 -27"><span class='ocrx_word' id='word_1_91' title='bbox 151 2431 200 2498; x_wconf 82' lang='lat'><strong><em>27.</em></strong></span> <span class='ocrx_word' id='word_1_92' title='bbox 222 2417 272 2475; x_wconf 90' lang='lat' dir='ltr'><strong><em>De</em></strong></span> <span class='ocrx_word' id='word_1_93' title='bbox 297 2416 462 2498; x_wconf 75' lang='lat' dir='ltr'><strong><em>hoc&#39;quoal</em></strong></span> <span class='ocrx_word' id='word_1_94' title='bbox 474 2437 534 2501; x_wconf 90' lang='lat' dir='ltr'><strong><em>per</em></strong></span> <span class='ocrx_word' id='word_1_95' title='bbox 553 2415 669 2475; x_wconf 86' lang='lat' dir='ltr'><strong><em>Missos</em></strong></span> 
     </span>
     <span class='ocr_line' id='line_1_26' title="bbox 213 2497 672 2581; baseline -0.004 -23"><span class='ocrx_word' id='word_1_96' title='bbox 213 2497 389 2560; x_wconf 88' lang='lat' dir='ltr'><strong><em>dominicos</em></strong></span> <span class='ocrx_word' id='word_1_97' title='bbox 424 2521 461 2560; x_wconf 93' lang='lat' dir='ltr'><strong><em>ea</em></strong></span> <span class='ocrx_word' id='word_1_98' title='bbox 499 2519 577 2580; x_wconf 88' lang='lat' dir='ltr'><strong><em>quae</em></strong></span> <span class='ocrx_word' id='word_1_99' title='bbox 611 2517 672 2581; x_wconf 92' lang='lat' dir='ltr'><strong><em>per</em></strong></span> 
     </span>
     <span class='ocr_line' id='line_1_27' title="bbox 214 2583 670 2663; baseline -0.007 -22"><span class='ocrx_word' id='word_1_100' title='bbox 214 2583 351 2663; x_wconf 90' lang='lat' dir='ltr'><strong><em>capitula</em></strong></span> <span class='ocrx_word' id='word_1_101' title='bbox 365 2593 480 2642; x_wconf 90' lang='lat' dir='ltr'><strong><em>statuta</em></strong></span> <span class='ocrx_word' id='word_1_102' title='bbox 494 2593 578 2651; x_wconf 85' lang='lat' dir='ltr'><strong><em>sunt,</em></strong></span> <span class='ocrx_word' id='word_1_103' title='bbox 600 2601 670 2640; x_wconf 91' lang='lat' dir='ltr'><strong><em>om-</em></strong></span> 
     </span>
     <span class='ocr_line' id='line_1_28' title="bbox 215 2661 669 2744; baseline -0.002 -22"><span class='ocrx_word' id='word_1_104' title='bbox 215 2664 305 2724; x_wconf 84' lang='lat' dir='ltr'><strong><em>nihus</em></strong></span> <span class='ocrx_word' id='word_1_105' title='bbox 325 2676 400 2725; x_wconf 90' lang='lat' dir='ltr'><strong><em>nota</em></strong></span> <span class='ocrx_word' id='word_1_106' title='bbox 420 2661 505 2744; x_wconf 81' lang='lat' dir='ltr'><strong><em>fieri</em></strong></span> <span class='ocrx_word' id='word_1_107' title='bbox 527 2661 669 2726; x_wconf 87' lang='lat' dir='ltr'><strong><em>debeant.</em></strong></span> 
     </span>
    </p>

    <p class='ocr_par' dir='ltr' id='par_1_14' title="bbox 151 2742 672 2908">
     <span class='ocr_line' id='line_1_29' title="bbox 151 2742 672 2828; baseline 0.01 -29"><span class='ocrx_word' id='word_1_108' title='bbox 151 2746 201 2808; x_wconf 85' lang='lat'><strong><em>28.</em></strong></span> <span class='ocrx_word' id='word_1_109' title='bbox 223 2746 271 2804; x_wconf 89' lang='lat' dir='ltr'><strong><em>De</em></strong></span> <span class='ocrx_word' id='word_1_110' title='bbox 285 2742 601 2806; x_wconf 86' lang='lat' dir='ltr'><strong><em>admonitorioadeos</em></strong></span> <span class='ocrx_word' id='word_1_111' title='bbox 616 2744 672 2828; x_wconf 82' lang='lat' dir='ltr'><strong><em>qui</em></strong></span> 
     </span>
     <span class='ocr_line' id='line_1_30' title="bbox 213 2826 574 2908; baseline 0.006 -23"><span class='ocrx_word' id='word_1_112' title='bbox 213 2829 366 2908; x_wconf 82' lang='lat' dir='ltr'><strong><em>legatione</em></strong></span> <span class='ocrx_word' id='word_1_113' title='bbox 384 2826 574 2908; x_wconf 82' lang='lat' dir='ltr'><strong><em>funguntur.</em></strong></span> 
     </span>
    </p>

    <p class='ocr_par' dir='ltr' id='par_1_15' title="bbox 152 2908 668 3133">
     <span class='ocr_line' id='line_1_31' title="bbox 152 2908 668 2991; baseline 0.008 -27"><span class='ocrx_word' id='word_1_114' title='bbox 152 2925 203 2991; x_wconf 83' lang='lat'><strong><em>29.</em></strong></span> <span class='ocrx_word' id='word_1_115' title='bbox 224 2912 272 2969; x_wconf 91' lang='lat' dir='ltr'><strong><em>De</em></strong></span> <span class='ocrx_word' id='word_1_116' title='bbox 295 2911 385 2971; x_wconf 90' lang='lat' dir='ltr'><strong><em>rebus</em></strong></span> <span class='ocrx_word' id='word_1_117' title='bbox 405 2908 450 2968; x_wconf 90' lang='lat' dir='ltr'><strong><em>ad</em></strong></span> <span class='ocrx_word' id='word_1_118' title='bbox 464 2908 668 2969; x_wconf 81' lang='lat' dir='ltr'><strong><em>venerabilem</em></strong></span> 
     </span>
     <span class='ocr_line' id='line_1_32' title="bbox 214 2991 668 3074; baseline 0.004 -26"><span class='ocrx_word' id='word_1_119' title='bbox 214 2991 316 3052; x_wconf 90' lang='lat' dir='ltr'><strong><em>locum</em></strong></span> <span class='ocrx_word' id='word_1_120' title='bbox 345 2991 573 3074; x_wconf 89' lang='lat' dir='ltr'><strong><em>pertinentibus</em></strong></span> <span class='ocrx_word' id='word_1_121' title='bbox 604 3012 668 3051; x_wconf 92' lang='lat' dir='ltr'><strong><em>non</em></strong></span> 
     </span>
     <span class='ocr_line' id='line_1_33' title="bbox 212 3072 398 3133; baseline 0.005 -1"><span class='ocrx_word' id='word_1_122' title='bbox 212 3072 398 3133; x_wconf 83' lang='lat' dir='ltr'><strong><em>alienandis.</em></strong></span> 
     </span>
    </p>

    <p class='ocr_par' dir='ltr' id='par_1_16' title="bbox 150 3151 671 3399">
     <span class='ocr_line' id='line_1_34' title="bbox 150 3151 671 3239; baseline 0.01 -29"><span class='ocrx_word' id='word_1_123' title='bbox 150 3151 201 3216; x_wconf 78' lang='lat' dir='ltr'><strong><em>bo.</em></strong></span> <span class='ocrx_word' id='word_1_124' title='bbox 222 3156 271 3215; x_wconf 90' lang='lat' dir='ltr'><strong><em>De</em></strong></span> <span class='ocrx_word' id='word_1_125' title='bbox 308 3159 366 3216; x_wconf 92' lang='lat' dir='ltr'><strong><em>hoc</em></strong></span> <span class='ocrx_word' id='word_1_126' title='bbox 394 3153 549 3239; x_wconf 85' lang='lat' dir='ltr'><strong><em>quomodo</em></strong></span> <span class='ocrx_word' id='word_1_127' title='bbox 577 3154 671 3215; x_wconf 89' lang='lat' dir='ltr'><strong><em>liceat</em></strong></span> 
     </span>
     <span class='ocr_line' id='line_1_35' title="bbox 212 3236 670 3321; baseline 0.002 -25"><span class='ocrx_word' id='word_1_128' title='bbox 212 3236 258 3296; x_wconf 91' lang='lat' dir='ltr'><strong><em>ad</em></strong></span> <span class='ocrx_word' id='word_1_129' title='bbox 276 3239 500 3321; x_wconf 80' lang='lat' dir='ltr'><strong><em>Imperatorem</em></strong></span> <span class='ocrx_word' id='word_1_130' title='bbox 512 3258 562 3296; x_wconf 88' lang='lat' dir='ltr'><strong><em>res</em></strong></span> <span class='ocrx_word' id='word_1_131' title='bbox 578 3257 670 3297; x_wconf 89' lang='lat' dir='ltr'><strong><em>sanc-</em></strong></span> 
     </span>
     <span class='ocr_line' id='line_1_36' title="bbox 217 3317 532 3399; baseline 0.006 -21"><span class='ocrx_word' id='word_1_132' title='bbox 217 3320 243 3378; x_wconf 88' lang='lat' dir='ltr'><strong><em>ti</em></strong></span> <span class='ocrx_word' id='word_1_133' title='bbox 266 3321 330 3380; x_wconf 90' lang='lat' dir='ltr'><strong><em>loei</em></strong></span> <span class='ocrx_word' id='word_1_134' title='bbox 350 3317 532 3399; x_wconf 85' lang='lat' dir='ltr'><strong><em>transferre.</em></strong></span> 
     </span>
    </p>

    <p class='ocr_par' dir='ltr' id='par_1_17' title="bbox 149 3398 672 3545">
     <span class='ocr_line' id='line_1_37' title="bbox 149 3398 672 3486; baseline 0 -26"><span class='ocrx_word' id='word_1_135' title='bbox 149 3401 200 3461; x_wconf 87' lang='grc' dir='ltr'><strong><em>5ι.</em></strong></span> <span class='ocrx_word' id='word_1_136' title='bbox 223 3401 271 3461; x_wconf 88' lang='lat' dir='ltr'><strong><em>De</em></strong></span> <span class='ocrx_word' id='word_1_137' title='bbox 298 3402 446 3486; x_wconf 79' lang='lat' dir='ltr'><strong><em>orphanis</em></strong></span> <span class='ocrx_word' id='word_1_138' title='bbox 468 3398 672 3462; x_wconf 79' lang='lat' dir='ltr'><strong><em>exheredatis</em></strong></span> 
     </span>
     <span class='ocr_line' id='line_1_38' title="bbox 214 3481 466 3545; baseline 0.004 -3"><span class='ocrx_word' id='word_1_139' title='bbox 214 3481 466 3545; x_wconf 84' lang='lat' dir='ltr'><strong><em>subveniendum.</em></strong></span> 
     </span>
    </p>

    <p class='ocr_par' dir='ltr' id='par_1_18' title="bbox 151 3565 676 3790">
     <span class='ocr_line' id='line_1_39' title="bbox 151 3565 676 3648; baseline -0.002 -23"><span class='ocrx_word' id='word_1_140' title='bbox 151 3567 203 3628; x_wconf 77' lang='lat'><strong><em>32.</em></strong></span> <span class='ocrx_word' id='word_1_141' title='bbox 225 3567 273 3625; x_wconf 87' lang='lat' dir='ltr'><strong><em>De</em></strong></span> <span class='ocrx_word' id='word_1_142' title='bbox 305 3566 397 3626; x_wconf 88' lang='lat' dir='ltr'><strong><em>rebus</em></strong></span> <span class='ocrx_word' id='word_1_143' title='bbox 423 3585 597 3648; x_wconf 91' lang='lat' dir='ltr'><strong><em>pauperum</em></strong></span> <span class='ocrx_word' id='word_1_144' title='bbox 620 3565 676 3625; x_wconf 84' lang='lat' dir='ltr'><strong><em>uel</em></strong></span> 
     </span>
     <span class='ocr_line' id='line_1_40' title="bbox 215 3647 673 3730; baseline 0.007 -24"><span class='ocrx_word' id='word_1_145' title='bbox 215 3649 317 3707; x_wconf 90' lang='lat' dir='ltr'><strong><em>minus</em></strong></span> <span class='ocrx_word' id='word_1_146' title='bbox 331 3657 493 3730; x_wconf 90' lang='lat' dir='ltr'><strong><em>potentum</em></strong></span> <span class='ocrx_word' id='word_1_147' title='bbox 516 3647 600 3707; x_wconf 86' lang='lat' dir='ltr'><strong><em>mala</em></strong></span> <span class='ocrx_word' id='word_1_148' title='bbox 618 3667 673 3709; x_wconf 88' lang='lat' dir='ltr'><strong><em>oc-</em></strong></span> 
     </span>
     <span class='ocr_line' id='line_1_41' title="bbox 213 3727 586 3790; baseline -0.005 0"><span class='ocrx_word' id='word_1_149' title='bbox 213 3732 338 3790; x_wconf 89' lang='lat' dir='ltr'><strong><em>casione</em></strong></span> <span class='ocrx_word' id='word_1_150' title='bbox 357 3750 421 3789; x_wconf 92' lang='lat' dir='ltr'><strong><em>non</em></strong></span> <span class='ocrx_word' id='word_1_151' title='bbox 436 3727 586 3788; x_wconf 86' lang='lat' dir='ltr'><strong><em>emendis.</em></strong></span> 
     </span>
    </p>
   </div>
   <div class='ocr_carea' id='block_1_5' title="bbox 1178 367 1251 440">
    <p class='ocr_par' dir='ltr' id='par_1_19' title="bbox 1178 367 1251 440">
     <span class='ocr_line' id='line_1_42' title="bbox 1178 367 1251 440; baseline 0 0"><span class='ocrx_word' id='word_1_152' title='bbox 1178 367 1251 440; x_wconf 75' lang='lat'><strong><em>435</em></strong></span> 
     </span>
    </p>
   </div>
   <div class='ocr_carea' id='block_1_6' title="bbox 736 523 1260 2416">
    <p class='ocr_par' dir='ltr' id='par_1_20' title="bbox 736 523 1253 690">
     <span class='ocr_line' id='line_1_43' title="bbox 736 523 1253 614; baseline 0.008 -30"><span class='ocrx_word' id='word_1_153' title='bbox 736 523 787 585; x_wconf 88' lang='grc'><strong><em>55.</em></strong></span> <span class='ocrx_word' id='word_1_154' title='bbox 810 524 954 608; x_wconf 82' lang='lat' dir='ltr'><strong><em>Qualiter</em></strong></span> <span class='ocrx_word' id='word_1_155' title='bbox 998 529 1136 589; x_wconf 85' lang='lat' dir='ltr'><strong><em>iustitiae</em></strong></span> <span class='ocrx_word' id='word_1_156' title='bbox 1161 525 1253 614; x_wconf 88' lang='lat' dir='ltr'><strong><em>fiant</em></strong></span> 
     </span>
     <span class='ocr_line' id='line_1_44' title="bbox 793 609 1138 690; baseline 0.014 -24"><span class='ocrx_word' id='word_1_157' title='bbox 793 609 993 690; x_wconf 86' lang='lat' dir='ltr'><strong><em>pauperibus.</em></strong></span> <span class='ocrx_word' id='word_1_158' title='bbox 1135 679 1138 688; x_wconf 21' lang='lat'>¹</span> 
     </span>
    </p>

    <p class='ocr_par' dir='ltr' id='par_1_21' title="bbox 737 688 1255 855">
     <span class='ocr_line' id='line_1_45' title="bbox 737 688 1255 776; baseline 0.012 -28"><span class='ocrx_word' id='word_1_159' title='bbox 737 688 789 766; x_wconf 87' lang='grc'><strong><em>54.</em></strong></span> <span class='ocrx_word' id='word_1_160' title='bbox 808 689 857 749; x_wconf 90' lang='lat' dir='ltr'><strong><em>De</em></strong></span> <span class='ocrx_word' id='word_1_161' title='bbox 872 691 936 750; x_wconf 89' lang='lat' dir='ltr'><strong><em>illis</em></strong></span> <span class='ocrx_word' id='word_1_162' title='bbox 951 693 1131 754; x_wconf 79' lang='lat' dir='ltr'><strong><em>hominibus</em></strong></span> <span class='ocrx_word' id='word_1_163' title='bbox 1141 692 1196 776; x_wconf 87' lang='lat' dir='ltr'><strong><em>qui</em></strong></span> <span class='ocrx_word' id='word_1_164' title='bbox 1206 694 1255 754; x_wconf 84' lang='lat' dir='ltr'><strong><em>itt·</em></strong></span> 
     </span>
     <span class='ocr_line' id='line_1_46' title="bbox 795 771 1192 855; baseline 0.018 -28"><span class='ocrx_word' id='word_1_165' title='bbox 795 771 893 832; x_wconf 88' lang='lat' dir='ltr'><strong><em>iustas</em></strong></span> <span class='ocrx_word' id='word_1_166' title='bbox 909 777 1051 855; x_wconf 82' lang='lat' dir='ltr'><strong><em>querelas</em></strong></span> <span class='ocrx_word' id='word_1_167' title='bbox 1070 778 1192 838; x_wconf 90' lang='lat' dir='ltr'><strong><em>habent.</em></strong></span> 
     </span>
    </p>

    <p class='ocr_par' dir='ltr' id='par_1_22' title="bbox 736 850 1195 935">
     <span class='ocr_line' id='line_1_47' title="bbox 736 850 1195 935; baseline 0.011 -22"><span class='ocrx_word' id='word_1_168' title='bbox 736 850 787 913; x_wconf 84' lang='grc'><strong><em>55.</em></strong></span> <span class='ocrx_word' id='word_1_169' title='bbox 810 854 859 913; x_wconf 87' lang='lat' dir='ltr'><strong><em>De</em></strong></span> <span class='ocrx_word' id='word_1_170' title='bbox 868 853 1099 935; x_wconf 80' lang='lat' dir='ltr'><strong><em>festivitatibus</em></strong></span> <span class='ocrx_word' id='word_1_171' title='bbox 1111 860 1195 918; x_wconf 91' lang='lat' dir='ltr'><strong><em>anni.</em></strong></span> 
     </span>
    </p>

    <p class='ocr_par' dir='ltr' id='par_1_23' title="bbox 737 934 1256 1098">
     <span class='ocr_line' id='line_1_48' title="bbox 737 934 1256 1022; baseline 0.017 -26"><span class='ocrx_word' id='word_1_172' title='bbox 737 934 788 996; x_wconf 90' lang='grc'><strong><em>56.</em></strong></span> <span class='ocrx_word' id='word_1_173' title='bbox 808 935 858 995; x_wconf 90' lang='lat' dir='ltr'><strong><em>De</em></strong></span> <span class='ocrx_word' id='word_1_174' title='bbox 879 941 1016 1022; x_wconf 85' lang='lat' dir='ltr'><strong><em>antiquis</em></strong></span> <span class='ocrx_word' id='word_1_175' title='bbox 1030 939 1194 1012; x_wconf 82' lang='lat' dir='ltr'><strong><em>Ecclesiis,</em></strong></span> <span class='ocrx_word' id='word_1_176' title='bbox 1221 955 1256 1005; x_wconf 88' lang='lat' dir='ltr'><strong><em>ut</em></strong></span> 
     </span>
     <span class='ocr_line' id='line_1_49' title="bbox 798 1017 1214 1098; baseline 0.019 -23"><span class='ocrx_word' id='word_1_177' title='bbox 798 1017 949 1081; x_wconf 81' lang='lat' dir='ltr'><strong><em>honorem</em></strong></span> <span class='ocrx_word' id='word_1_178' title='bbox 967 1043 1055 1081; x_wconf 90' lang='lat' dir='ltr'><strong><em>suum</em></strong></span> <span class='ocrx_word' id='word_1_179' title='bbox 1070 1023 1214 1098; x_wconf 83' lang='lat' dir='ltr'><strong><em>habeant.</em></strong></span> 
     </span>
    </p>

    <p class='ocr_par' dir='ltr' id='par_1_24' title="bbox 738 1100 1201 1187">
     <span class='ocr_line' id='line_1_50' title="bbox 738 1100 1201 1187; baseline 0.013 -29"><span class='ocrx_word' id='word_1_180' title='bbox 738 1100 787 1177; x_wconf 94' lang='grc'><strong><em>57.</em></strong></span> <span class='ocrx_word' id='word_1_181' title='bbox 811 1101 860 1162; x_wconf 91' lang='lat' dir='ltr'><strong><em>De</em></strong></span> <span class='ocrx_word' id='word_1_182' title='bbox 873 1105 1066 1186; x_wconf 89' lang='lat' dir='ltr'><strong><em>spiritalibus</em></strong></span> <span class='ocrx_word' id='word_1_183' title='bbox 1069 1103 1201 1187; x_wconf 84' lang='lat' dir='ltr'><strong><em>filiolis.</em></strong></span> 
     </span>
    </p>

    <p class='ocr_par' dir='ltr' id='par_1_25' title="bbox 738 1179 1257 1350">
     <span class='ocr_line' id='line_1_51' title="bbox 738 1179 1257 1252; baseline 0.025 -12"><span class='ocrx_word' id='word_1_184' title='bbox 738 1179 788 1243; x_wconf 90' lang='grc'><strong><em>58.</em></strong></span> <span class='ocrx_word' id='word_1_185' title='bbox 810 1185 859 1244; x_wconf 90' lang='lat' dir='ltr'><strong><em>De</em></strong></span> <span class='ocrx_word' id='word_1_186' title='bbox 874 1187 931 1246; x_wconf 90' lang='lat' dir='ltr'><strong><em>hoc</em></strong></span> <span class='ocrx_word' id='word_1_187' title='bbox 950 1197 984 1245; x_wconf 92' lang='lat' dir='ltr'><strong><em>ut</em></strong></span> <span class='ocrx_word' id='word_1_188' title='bbox 1002 1185 1189 1248; x_wconf 88' lang='lat' dir='ltr'><strong><em>Sacerdotes</em></strong></span> <span class='ocrx_word' id='word_1_189' title='bbox 1203 1189 1257 1252; x_wconf 88' lang='lat' dir='ltr'><strong><em>in·</em></strong></span> 
     </span>
     <span class='ocr_line' id='line_1_52' title="bbox 800 1268 1154 1350; baseline 0.014 -25"><span class='ocrx_word' id='word_1_190' title='bbox 800 1268 1059 1350; x_wconf 79' lang='lat' dir='ltr'><strong><em>reprehensibiles</em></strong></span> <span class='ocrx_word' id='word_1_191' title='bbox 1080 1270 1154 1330; x_wconf 88' lang='lat' dir='ltr'><strong><em>sint.</em></strong></span> 
     </span>
    </p>

    <p class='ocr_par' dir='ltr' id='par_1_26' title="bbox 738 1345 1259 1762">
     <span class='ocr_line' id='line_1_53' title="bbox 738 1345 1256 1430; baseline 0.015 -24"><span class='ocrx_word' id='word_1_192' title='bbox 738 1345 789 1430; x_wconf 74' lang='lat'><strong><em>39.</em></strong></span> <span class='ocrx_word' id='word_1_193' title='bbox 810 1351 858 1409; x_wconf 93' lang='lat' dir='ltr'><strong><em>De</em></strong></span> <span class='ocrx_word' id='word_1_194' title='bbox 875 1351 933 1410; x_wconf 90' lang='lat' dir='ltr'><strong><em>hoc</em></strong></span> <span class='ocrx_word' id='word_1_195' title='bbox 949 1362 982 1410; x_wconf 90' lang='lat' dir='ltr'><strong><em>ut</em></strong></span> <span class='ocrx_word' id='word_1_196' title='bbox 1002 1349 1041 1410; x_wconf 89' lang='lat' dir='ltr'><strong><em>ab</em></strong></span> <span class='ocrx_word' id='word_1_197' title='bbox 1057 1352 1256 1428; x_wconf 67' lang='lat' dir='ltr'><strong><em>incestuosis,</em></strong></span> 
     </span>
     <span class='ocr_line' id='line_1_54' title="bbox 801 1431 1256 1516; baseline 0.018 -26"><span class='ocrx_word' id='word_1_198' title='bbox 801 1443 832 1490; x_wconf 92' lang='lat' dir='ltr'><strong><em>et</em></strong></span> <span class='ocrx_word' id='word_1_199' title='bbox 849 1431 887 1492; x_wconf 88' lang='lat' dir='ltr'><strong><em>ab</em></strong></span> <span class='ocrx_word' id='word_1_200' title='bbox 902 1432 951 1492; x_wconf 92' lang='lat' dir='ltr'><strong><em>his</em></strong></span> <span class='ocrx_word' id='word_1_201' title='bbox 964 1434 1019 1516; x_wconf 84' lang='lat' dir='ltr'><strong><em>qui</em></strong></span> <span class='ocrx_word' id='word_1_202' title='bbox 1036 1431 1173 1494; x_wconf 88' lang='lat' dir='ltr'><strong><em>decimas</em></strong></span> <span class='ocrx_word' id='word_1_203' title='bbox 1190 1457 1256 1498; x_wconf 87' lang='lat' dir='ltr'><strong><em>non</em></strong></span> 
     </span>
     <span class='ocr_line' id='line_1_55' title="bbox 800 1509 1259 1590; baseline 0.017 -20"><span class='ocrx_word' id='word_1_204' title='bbox 800 1509 891 1585; x_wconf 85' lang='lat' dir='ltr'><strong><em>dant,</em></strong></span> <span class='ocrx_word' id='word_1_205' title='bbox 908 1527 938 1574; x_wconf 93' lang='lat' dir='ltr'><strong><em>et</em></strong></span> <span class='ocrx_word' id='word_1_206' title='bbox 954 1514 1186 1590; x_wconf 81' lang='lat' dir='ltr'><strong><em>hPresbyteris</em></strong></span> <span class='ocrx_word' id='word_1_207' title='bbox 1204 1537 1259 1578; x_wconf 86' lang='lat' dir='ltr'><strong><em>ne·</em></strong></span> 
     </span>
     <span class='ocr_line' id='line_1_56' title="bbox 796 1593 1259 1673; baseline 0.022 -23"><span class='ocrx_word' id='word_1_208' title='bbox 796 1593 956 1673; x_wconf 78' lang='lat' dir='ltr'><strong><em>glegenter</em></strong></span> <span class='ocrx_word' id='word_1_209' title='bbox 973 1597 1166 1670; x_wconf 83' lang='lat' dir='ltr'><strong><em>viventibus,</em></strong></span> <span class='ocrx_word' id='word_1_210' title='bbox 1184 1619 1259 1660; x_wconf 80' lang='lat' dir='ltr'><strong><em>wa-</em></strong></span> 
     </span>
     <span class='ocr_line' id='line_1_57' title="bbox 801 1673 1148 1762; baseline 0.017 -28"><span class='ocrx_word' id='word_1_211' title='bbox 801 1673 850 1734; x_wconf 87' lang='lat' dir='ltr'><strong><em>dii</em></strong></span> <span class='ocrx_word' id='word_1_212' title='bbox 866 1697 930 1737; x_wconf 93' lang='lat' dir='ltr'><strong><em>non</em></strong></span> <span class='ocrx_word' id='word_1_213' title='bbox 944 1679 1148 1762; x_wconf 89' lang='lat' dir='ltr'><strong><em>accipiantur.</em></strong></span> 
     </span>
    </p>

    <p class='ocr_par' dir='ltr' id='par_1_27' title="bbox 737 1755 1260 2007">
     <span class='ocr_line' id='line_1_58' title="bbox 737 1755 1260 1846; baseline 0.019 -31"><span class='ocrx_word' id='word_1_214' title='bbox 737 1755 789 1833; x_wconf 90' lang='grc' dir='ltr'><strong><em>4ο.</em></strong></span> <span class='ocrx_word' id='word_1_215' title='bbox 812 1758 861 1816; x_wconf 89' lang='lat' dir='ltr'><strong><em>De</em></strong></span> <span class='ocrx_word' id='word_1_216' title='bbox 879 1759 1068 1822; x_wconf 90' lang='lat' dir='ltr'><strong><em>discretione</em></strong></span> <span class='ocrx_word' id='word_1_217' title='bbox 1090 1762 1124 1821; x_wconf 91' lang='lat' dir='ltr'><strong><em>in</em></strong></span> <span class='ocrx_word' id='word_1_218' title='bbox 1145 1783 1260 1846; x_wconf 91' lang='lat' dir='ltr'><strong><em>corpo·</em></strong></span> 
     </span>
     <span class='ocr_line' id='line_1_59' title="bbox 800 1839 1260 1923; baseline 0.015 -23"><span class='ocrx_word' id='word_1_219' title='bbox 800 1839 846 1900; x_wconf 91' lang='lat' dir='ltr'><strong><em>ris</em></strong></span> <span class='ocrx_word' id='word_1_220' title='bbox 868 1852 898 1901; x_wconf 92' lang='lat' dir='ltr'><strong><em>et</em></strong></span> <span class='ocrx_word' id='word_1_221' title='bbox 924 1844 1083 1923; x_wconf 83' lang='lat' dir='ltr'><strong><em>sanguinis</em></strong></span> <span class='ocrx_word' id='word_1_222' title='bbox 1104 1842 1260 1907; x_wconf 89' lang='lat' dir='ltr'><strong><em>dominici</em></strong></span> 
     </span>
     <span class='ocr_line' id='line_1_60' title="bbox 797 1927 1005 2007; baseline 0.029 -27"><span class='ocrx_word' id='word_1_223' title='bbox 797 1927 1005 2007; x_wconf 89' lang='lat' dir='ltr'><strong><em>perceptione.</em></strong></span> 
     </span>
    </p>

    <p class='ocr_par' dir='ltr' id='par_1_28' title="bbox 738 1999 1256 2255">
     <span class='ocr_line' id='line_1_61' title="bbox 738 1999 1256 2076; baseline 0.019 -16"><span class='ocrx_word' id='word_1_224' title='bbox 738 1999 789 2076; x_wconf 83' lang='grc' dir='ltr'><strong><em>4ι.</em></strong></span> <span class='ocrx_word' id='word_1_225' title='bbox 812 2005 859 2064; x_wconf 91' lang='lat' dir='ltr'><strong><em>De</em></strong></span> <span class='ocrx_word' id='word_1_226' title='bbox 870 2008 1046 2070; x_wconf 89' lang='lat' dir='ltr'><strong><em>hominibus</em></strong></span> <span class='ocrx_word' id='word_1_227' title='bbox 1061 2006 1256 2071; x_wconf 86' lang='lat' dir='ltr'><strong><em>diversarum</em></strong></span> 
     </span>
     <span class='ocr_line' id='line_1_62' title="bbox 800 2086 1256 2163; baseline 0.018 -18"><span class='ocrx_word' id='word_1_228' title='bbox 800 2086 1037 2163; x_wconf 88' lang='lat' dir='ltr'><strong><em>conditionum,</em></strong></span> <span class='ocrx_word' id='word_1_229' title='bbox 1076 2104 1106 2150; x_wconf 94' lang='lat' dir='ltr'><strong><em>et</em></strong></span> <span class='ocrx_word' id='word_1_230' title='bbox 1132 2091 1173 2152; x_wconf 90' lang='lat' dir='ltr'><strong><em>de</em></strong></span> <span class='ocrx_word' id='word_1_231' title='bbox 1207 2095 1256 2153; x_wconf 88' lang='lat' dir='ltr'><strong><em>his</em></strong></span> 
     </span>
     <span class='ocr_line' id='line_1_63' title="bbox 801 2170 1173 2255; baseline 0.022 -29"><span class='ocrx_word' id='word_1_232' title='bbox 801 2170 856 2250; x_wconf 85' lang='lat' dir='ltr'><strong><em>qui</em></strong></span> <span class='ocrx_word' id='word_1_233' title='bbox 873 2173 917 2230; x_wconf 87' lang='lat' dir='ltr'><strong><em>eis</em></strong></span> <span class='ocrx_word' id='word_1_234' title='bbox 933 2174 1071 2255; x_wconf 89' lang='lat' dir='ltr'><strong><em>praelati</em></strong></span> <span class='ocrx_word' id='word_1_235' title='bbox 1092 2186 1173 2234; x_wconf 92' lang='lat' dir='ltr'><strong><em>sunt.</em></strong></span> 
     </span>
    </p>

    <p class='ocr_par' dir='ltr' id='par_1_29' title="bbox 738 2249 1256 2416">
     <span class='ocr_line' id='line_1_64' title="bbox 738 2249 1256 2336; baseline 0.017 -29"><span class='ocrx_word' id='word_1_236' title='bbox 738 2249 789 2325; x_wconf 70' lang='lat'><strong><em>42.</em></strong></span> <span class='ocrx_word' id='word_1_237' title='bbox 810 2250 995 2329; x_wconf 67' lang='lat' dir='ltr'><strong><em>Defeminis</em></strong></span> <span class='ocrx_word' id='word_1_238' title='bbox 1016 2267 1047 2316; x_wconf 91' lang='lat' dir='ltr'><strong><em>et</em></strong></span> <span class='ocrx_word' id='word_1_239' title='bbox 1061 2257 1256 2336; x_wconf 86' lang='lat' dir='ltr'><strong><em>Abbutissis,</em></strong></span> 
     </span>
     <span class='ocr_line' id='line_1_65' title="bbox 799 2334 1256 2416; baseline 0.02 -26"><span class='ocrx_word' id='word_1_240' title='bbox 799 2334 906 2415; x_wconf 81' lang='lat' dir='ltr'><strong><em>quales</em></strong></span> <span class='ocrx_word' id='word_1_241' title='bbox 925 2337 987 2394; x_wconf 90' lang='lat' dir='ltr'><strong><em>sint</em></strong></span> <span class='ocrx_word' id='word_1_242' title='bbox 1004 2358 1082 2416; x_wconf 83' lang='lat' dir='ltr'><strong><em>qtcae</em></strong></span> <span class='ocrx_word' id='word_1_243' title='bbox 1098 2353 1256 2399; x_wconf 89' lang='lat' dir='ltr'><strong><em>monaste-</em></strong></span> 
     </span>
    </p>
   </div>
   <div class='ocr_carea' id='block_1_7' title="bbox 802 2417 1376 2507">
    <p class='ocr_par' dir='ltr' id='par_1_30' title="bbox 802 2417 1376 2507">
     <span class='ocr_line' id='line_1_66' title="bbox 802 2417 1376 2507; baseline 0.01 -32"><span class='ocrx_word' id='word_1_244' title='bbox 802 2417 859 2475; x_wconf 80' lang='lat' dir='ltr'><strong><em>riis</em></strong></span> <span class='ocrx_word' id='word_1_245' title='bbox 876 2417 1068 2500; x_wconf 88' lang='lat' dir='ltr'><strong><em>puellaribus</em></strong></span> <span class='ocrx_word' id='word_1_246' title='bbox 1093 2419 1257 2507; x_wconf 79' lang='lat' dir='ltr'><strong><em>praeferri</em></strong></span> <span class='ocrx_word' id='word_1_247' title='bbox 1336 2439 1342 2457; x_wconf 87' lang='grc'><strong><em>·’</em></strong></span> <span class='ocrx_word' id='word_1_248' title='bbox 1374 2419 1376 2426; x_wconf 52' lang='lat'><strong>⁴</strong></span> 
     </span>
    </p>
   </div>
   <div class='ocr_carea' id='block_1_8' title="bbox 800 2497 923 2559">
    <p class='ocr_par' dir='ltr' id='par_1_31' title="bbox 800 2497 923 2559">
     <span class='ocr_line' id='line_1_67' title="bbox 800 2497 923 2559; baseline 0.008 -1"><span class='ocrx_word' id='word_1_249' title='bbox 800 2497 923 2559; x_wconf 87' lang='lat' dir='ltr'><strong><em>debent.</em></strong></span> 
     </span>
    </p>
   </div>
   <div class='ocr_carea' id='block_1_9' title="bbox 736 2579 1280 3308">
    <p class='ocr_par' dir='ltr' id='par_1_32' title="bbox 736 2579 1280 3308">
     <span class='ocr_line' id='line_1_68' title="bbox 741 2579 1258 2658; baseline 0.004 -18"><span class='ocrx_word' id='word_1_250' title='bbox 741 2579 791 2658; x_wconf 92' lang='grc'><strong><em>45.</em></strong></span> <span class='ocrx_word' id='word_1_251' title='bbox 814 2583 862 2640; x_wconf 88' lang='lat' dir='ltr'><strong><em>De</em></strong></span> <span class='ocrx_word' id='word_1_252' title='bbox 882 2582 1064 2643; x_wconf 89' lang='lat' dir='ltr'><strong><em>incestuosis</em></strong></span> <span class='ocrx_word' id='word_1_253' title='bbox 1079 2594 1110 2642; x_wconf 90' lang='lat' dir='ltr'><strong><em>et</em></strong></span> <span class='ocrx_word' id='word_1_254' title='bbox 1123 2582 1258 2642; x_wconf 88' lang='lat' dir='ltr'><strong><em>homici-</em></strong></span> 
     </span>
     <span class='ocr_line' id='line_1_69' title="bbox 799 2662 1256 2730; baseline 0 -6"><span class='ocrx_word' id='word_1_255' title='bbox 799 2663 851 2730; x_wconf 86' lang='lat' dir='ltr'><strong><em>dis</em></strong></span> <span class='ocrx_word' id='word_1_256' title='bbox 878 2663 1084 2726; x_wconf 90' lang='lat' dir='ltr'><strong><em>Sacerdotum</em></strong></span> <span class='ocrx_word' id='word_1_257' title='bbox 1110 2662 1256 2725; x_wconf 89' lang='lat' dir='ltr'><strong><em>admoni-</em></strong></span> 
     </span>
     <span class='ocr_line' id='line_1_70' title="bbox 773 2746 1257 2816; baseline -0.002 -10"><span class='ocrx_word' id='word_1_258' title='bbox 773 2795 775 2806; x_wconf 93' lang='lat'><strong><em>.</em></strong></span> <span class='ocrx_word' id='word_1_259' title='bbox 798 2748 934 2816; x_wconf 84' lang='lat' dir='ltr'><strong><em>tionibus</em></strong></span> <span class='ocrx_word' id='word_1_260' title='bbox 954 2767 1062 2806; x_wconf 90' lang='lat' dir='ltr'><strong><em>aurem</em></strong></span> <span class='ocrx_word' id='word_1_261' title='bbox 1080 2746 1257 2809; x_wconf 87' lang='lat' dir='ltr'><strong><em>nolentibus</em></strong></span> 
     </span>
     <span class='ocr_line' id='line_1_71' title="bbox 800 2829 1280 2908; baseline -0.002 -20"><span class='ocrx_word' id='word_1_262' title='bbox 800 2829 1046 2889; x_wconf 88' lang='lat' dir='ltr'><strong><em>accommodare.</em></strong></span> <span class='ocrx_word' id='word_1_263' title='bbox 1278 2903 1280 2908; x_wconf 21' lang='grc' dir='ltr'>Ι</span> 
     </span>
     <span class='ocr_line' id='line_1_72' title="bbox 736 2910 1258 2987; baseline 0.006 -17"><span class='ocrx_word' id='word_1_264' title='bbox 736 2910 787 2987; x_wconf 93' lang='grc'><strong><em>44.</em></strong></span> <span class='ocrx_word' id='word_1_265' title='bbox 808 2911 857 2970; x_wconf 89' lang='lat' dir='ltr'><strong><em>De</em></strong></span> <span class='ocrx_word' id='word_1_266' title='bbox 878 2912 1033 2974; x_wconf 88' lang='lat' dir='ltr'><strong><em>Dominis</em></strong></span> <span class='ocrx_word' id='word_1_267' title='bbox 1061 2910 1258 2974; x_wconf 89' lang='lat' dir='ltr'><strong><em>subditorum</em></strong></span> 
     </span>
     <span class='ocr_line' id='line_1_73' title="bbox 799 2991 1160 3074; baseline 0 -22"><span class='ocrx_word' id='word_1_268' title='bbox 799 2991 1015 3055; x_wconf 89' lang='lat' dir='ltr'><strong><em>admonendis.</em></strong></span> <span class='ocrx_word' id='word_1_269' title='bbox 1156 3069 1160 3074; x_wconf 12' lang='grc' dir='ltr'><strong><em>ἦ</em></strong></span> 
     </span>
     <span class='ocr_line' id='line_1_74' title="bbox 738 3073 1258 3155; baseline -0.004 -16"><span class='ocrx_word' id='word_1_270' title='bbox 738 3073 790 3150; x_wconf 87' lang='grc'><strong><em>45.</em></strong></span> <span class='ocrx_word' id='word_1_271' title='bbox 810 3076 859 3135; x_wconf 90' lang='lat' dir='ltr'><strong><em>De</em></strong></span> <span class='ocrx_word' id='word_1_272' title='bbox 887 3077 1031 3155; x_wconf 87' lang='lat' dir='ltr'><strong><em>corporis</em></strong></span> <span class='ocrx_word' id='word_1_273' title='bbox 1062 3078 1194 3137; x_wconf 86' lang='lat' dir='ltr'><strong><em>Domini</em></strong></span> <span class='ocrx_word' id='word_1_274' title='bbox 1228 3090 1258 3137; x_wconf 89' lang='lat' dir='ltr'><strong><em>et</em></strong></span> 
     </span>
     <span class='ocr_line' id='line_1_75' title="bbox 800 3160 1258 3238; baseline 0.011 -22"><span class='ocrx_word' id='word_1_275' title='bbox 800 3160 960 3238; x_wconf 83' lang='lat' dir='ltr'><strong><em>sanguinis</em></strong></span> <span class='ocrx_word' id='word_1_276' title='bbox 980 3160 1258 3221; x_wconf 85' lang='lat' dir='ltr'><strong><em>communicatione</em></strong></span> 
     </span>
     <span class='ocr_line' id='line_1_76' title="bbox 804 3239 1216 3308; baseline 0.007 -10"><span class='ocrx_word' id='word_1_277' title='bbox 804 3239 967 3308; x_wconf 80' lang='lat' dir='ltr'><strong><em>laicorum.</em></strong></span> <span class='ocrx_word' id='word_1_278' title='bbox 1213 3249 1216 3254; x_wconf 83' lang='lat'>&#39;</span> 
     </span>
    </p>
   </div>
   <div class='ocr_carea' id='block_1_10' title="bbox 740 3353 1258 3525">
    <p class='ocr_par' dir='ltr' id='par_1_33' title="bbox 740 3353 1258 3525">
     <span class='ocr_line' id='line_1_77' title="bbox 740 3353 1258 3442; baseline 0.015 -28"><span class='ocrx_word' id='word_1_279' title='bbox 740 3353 791 3432; x_wconf 88' lang='grc'><strong><em>46.</em></strong></span> <span class='ocrx_word' id='word_1_280' title='bbox 813 3355 861 3414; x_wconf 89' lang='lat' dir='ltr'><strong><em>De</em></strong></span> <span class='ocrx_word' id='word_1_281' title='bbox 878 3356 1054 3420; x_wconf 86' lang='lat' dir='ltr'><strong><em>eruditione</em></strong></span> <span class='ocrx_word' id='word_1_282' title='bbox 1065 3357 1218 3442; x_wconf 82' lang='lat' dir='ltr'><strong><em>filiorum</em></strong></span> <span class='ocrx_word' id='word_1_283' title='bbox 1238 3364 1258 3422; x_wconf 84' lang='lat' dir='ltr'><strong><em>h</em></strong></span> 
     </span>
     <span class='ocr_line' id='line_1_78' title="bbox 798 3441 1150 3525; baseline 0.014 -28"><span class='ocrx_word' id='word_1_284' title='bbox 798 3441 981 3520; x_wconf 87' lang='lat' dir='ltr'><strong><em>parentibus</em></strong></span> <span class='ocrx_word' id='word_1_285' title='bbox 1003 3444 1150 3525; x_wconf 89' lang='lat' dir='ltr'><strong><em>patrinis.</em></strong></span> 
     </span>
    </p>
   </div>
   <div class='ocr_carea' id='block_1_11' title="bbox 742 3542 1260 3692">
    <p class='ocr_par' dir='ltr' id='par_1_34' title="bbox 742 3542 1260 3692">
     <span class='ocr_line' id='line_1_79' title="bbox 742 3542 1260 3644; baseline 0.019 -43"><span class='ocrx_word' id='word_1_286' title='bbox 742 3542 791 3623; x_wconf 90' lang='grc'><strong><em>47.</em></strong></span> <span class='ocrx_word' id='word_1_287' title='bbox 816 3544 862 3604; x_wconf 87' lang='lat' dir='ltr'><strong><em>De</em></strong></span> <span class='ocrx_word' id='word_1_288' title='bbox 897 3544 1050 3644; x_wconf 76' lang='lat' dir='ltr'><strong><em>¹Ecclesiis</em></strong></span> <span class='ocrx_word' id='word_1_289' title='bbox 1088 3542 1260 3636; x_wconf 87' lang='lat' dir='ltr'><strong><em>antiquitus</em></strong></span> 
     </span>
     <span class='ocr_line' id='line_1_80' title="bbox 803 3640 988 3692; baseline 0.022 -6"><span class='ocrx_word' id='word_1_290' title='bbox 803 3640 988 3692; x_wconf 72' lang='lat' dir='ltr'><strong><em>constituas.</em></strong></span> 
     </span>
    </p>
   </div>
   <div class='ocr_carea' id='block_1_12' title="bbox 718 3732 1052 3820">
    <p class='ocr_par' dir='ltr' id='par_1_35' title="bbox 718 3732 1052 3820">
     <span class='ocr_line' id='line_1_81' title="bbox 718 3732 1052 3820; baseline 0.015 -27"><span class='ocrx_word' id='word_1_291' title='bbox 718 3793 723 3804; x_wconf 75' lang='grc'><strong>,</strong></span> <span class='ocrx_word' id='word_1_292' title='bbox 742 3732 793 3809; x_wconf 90' lang='grc'><strong><em>48.</em></strong></span> <span class='ocrx_word' id='word_1_293' title='bbox 814 3734 864 3794; x_wconf 88' lang='lat' dir='ltr'><strong><em>De</em></strong></span> <span class='ocrx_word' id='word_1_294' title='bbox 883 3737 1052 3820; x_wconf 85' lang='lat' dir='ltr'><strong><em>sepultura.</em></strong></span> 
     </span>
    </p>
   </div>
   <div class='ocr_carea' id='block_1_13' title="bbox 242 3837 1177 4006">
    <p class='ocr_par' dir='ltr' id='par_1_36' title="bbox 242 3837 1177 4006">
     <span class='ocr_line' id='line_1_82' title="bbox 242 3837 1177 3908; baseline 0.009 -12"><span class='ocrx_word' id='word_1_295' title='bbox 242 3837 403 3897; x_wconf 79' lang='lat' dir='ltr'><strong><em>lucremur</em></strong></span> <span class='ocrx_word' id='word_1_296' title='bbox 425 3856 648 3898; x_wconf 73' lang='lat' dir='ltr'><strong><em>surusscmrrs</em></strong></span> <span class='ocrx_word' id='word_1_297' title='bbox 671 3840 833 3901; x_wconf 63' lang='lat' dir='ltr'><strong><em>Comum</em></strong></span> <span class='ocrx_word' id='word_1_298' title='bbox 862 3862 900 3902; x_wconf 78' lang='lat' dir='ltr'><strong><em>ur</em></strong></span> <span class='ocrx_word' id='word_1_299' title='bbox 922 3863 1029 3904; x_wconf 83' lang='lat' dir='ltr'><strong><em>uouuu</em></strong></span> <span class='ocrx_word' id='word_1_300' title='bbox 1052 3863 1177 3908; x_wconf 73' lang='lat' dir='ltr'><strong><em>curtus.</em></strong></span> 
     </span>
     <span class='ocr_line' id='line_1_83' title="bbox 595 3945 806 4006; baseline 0.009 -2"><span class='ocrx_word' id='word_1_301' title='bbox 595 3945 806 4006; x_wconf 88' lang='lat' dir='ltr'><strong><em>Praelocutio.</em></strong></span> 
     </span>
    </p>
   </div>
   <div class='ocr_carea' id='block_1_14' title="bbox 134 4047 1266 4382">
    <p class='ocr_par' dir='ltr' id='par_1_37' title="bbox 134 4047 1266 4382">
     <span class='ocr_line' id='line_1_84' title="bbox 214 4047 1262 4117; baseline 0.006 -7"><span class='ocrx_word' id='word_1_302' title='bbox 214 4048 240 4114; x_wconf 91' lang='lat' dir='ltr'><strong><em>I.</em></strong></span> <span class='ocrx_word' id='word_1_303' title='bbox 284 4047 444 4109; x_wconf 85' lang='lat' dir='ltr'><strong><em>Omnibus</em></strong></span> <span class='ocrx_word' id='word_1_304' title='bbox 462 4048 550 4111; x_wconf 86' lang='lat' dir='ltr'><strong><em>vohis</em></strong></span> <span class='ocrx_word' id='word_1_305' title='bbox 567 4059 622 4110; x_wconf 90' lang='lat' dir='ltr'><strong><em>uut</em></strong></span> <span class='ocrx_word' id='word_1_306' title='bbox 652 4051 724 4113; x_wconf 84' lang='lat' dir='ltr'><strong><em>visu</em></strong></span> <span class='ocrx_word' id='word_1_307' title='bbox 750 4060 805 4111; x_wconf 84' lang='lat' dir='ltr'><strong><em>aut</em></strong></span> <span class='ocrx_word' id='word_1_308' title='bbox 833 4053 945 4117; x_wconf 84' lang='lat' dir='ltr'><strong><em>auditu</em></strong></span> <span class='ocrx_word' id='word_1_309' title='bbox 969 4064 1082 4117; x_wconf 90' lang='lat' dir='ltr'><strong><em>notum</em></strong></span> <span class='ocrx_word' id='word_1_310' title='bbox 1111 4075 1262 4116; x_wconf 86' lang='lat' dir='ltr'><strong><em>essenon</em></strong></span> 
     </span>
     <span class='ocr_line' id='line_1_85' title="bbox 134 4131 1265 4221; baseline 0.007 -29"><span class='ocrx_word' id='word_1_311' title='bbox 134 4131 318 4193; x_wconf 81' lang='lat' dir='ltr'><strong><em>dubitamus</em></strong></span> <span class='ocrx_word' id='word_1_312' title='bbox 350 4131 426 4211; x_wconf 82' lang='lat' dir='ltr'><strong><em>quia</em></strong></span> <span class='ocrx_word' id='word_1_313' title='bbox 452 4132 579 4214; x_wconf 75' lang='lat' dir='ltr'><strong><em>genitor</em></strong></span> <span class='ocrx_word' id='word_1_314' title='bbox 603 4144 712 4194; x_wconf 90' lang='lat' dir='ltr'><strong><em>noster</em></strong></span> <span class='ocrx_word' id='word_1_315' title='bbox 732 4143 766 4195; x_wconf 88' lang='lat' dir='ltr'><strong><em>et</em></strong></span> <span class='ocrx_word' id='word_1_316' title='bbox 789 4138 1028 4216; x_wconf 76' lang='lat' dir='ltr'><strong><em>progenitores,</em></strong></span> <span class='ocrx_word' id='word_1_317' title='bbox 1052 4147 1221 4221; x_wconf 84' lang='lat' dir='ltr'><strong><em>postquam</em></strong></span> <span class='ocrx_word' id='word_1_318' title='bbox 1247 4139 1265 4200; x_wconf 79' lang='lat' dir='ltr'><strong><em>t</em></strong></span> 
     </span>
     <span class='ocr_line' id='line_1_86' title="bbox 134 4213 1266 4300; baseline 0.005 -25"><span class='ocrx_word' id='word_1_319' title='bbox 134 4216 204 4286; x_wconf 82' lang='lat' dir='ltr'><strong><em>Deo</em></strong></span> <span class='ocrx_word' id='word_1_320' title='bbox 223 4215 263 4275; x_wconf 87' lang='lat' dir='ltr'><strong><em>ud</em></strong></span> <span class='ocrx_word' id='word_1_321' title='bbox 284 4213 345 4276; x_wconf 84' lang='lat' dir='ltr'><strong><em>hoc</em></strong></span> <span class='ocrx_word' id='word_1_322' title='bbox 361 4214 457 4273; x_wconf 86' lang='lat' dir='ltr'><strong><em>electi</em></strong></span> <span class='ocrx_word' id='word_1_323' title='bbox 479 4223 567 4294; x_wconf 83' lang='lat' dir='ltr'><strong><em>sunt,</em></strong></span> <span class='ocrx_word' id='word_1_324' title='bbox 586 4214 620 4274; x_wconf 89' lang='lat' dir='ltr'><strong><em>in</em></strong></span> <span class='ocrx_word' id='word_1_325' title='bbox 641 4216 705 4277; x_wconf 87' lang='lat' dir='ltr'><strong><em>hoc</em></strong></span> <span class='ocrx_word' id='word_1_326' title='bbox 720 4216 893 4300; x_wconf 80' lang='lat' dir='ltr'><strong><em>praecipue</em></strong></span> <span class='ocrx_word' id='word_1_327' title='bbox 907 4221 1101 4283; x_wconf 84' lang='lat' dir='ltr'><strong><em>studuerunt</em></strong></span> <span class='ocrx_word' id='word_1_328' title='bbox 1114 4230 1149 4280; x_wconf 93' lang='lat' dir='ltr'><strong><em>ut</em></strong></span> <span class='ocrx_word' id='word_1_329' title='bbox 1160 4219 1266 4282; x_wconf 87' lang='lat' dir='ltr'><strong><em>honor</em></strong></span> 
     </span>
     <span class='ocr_line' id='line_1_87' title="bbox 136 4295 1266 4382; baseline 0.006 -23"><span class='ocrx_word' id='word_1_330' title='bbox 136 4296 344 4359; x_wconf 80' lang='lat' dir='ltr'><strong><em>sunctae-Dei</em></strong></span> <span class='ocrx_word' id='word_1_331' title='bbox 370 4295 533 4360; x_wconf 80' lang='lat' dir='ltr'><strong><em>Ecclesiae</em></strong></span> <span class='ocrx_word' id='word_1_332' title='bbox 557 4306 591 4360; x_wconf 89' lang='lat' dir='ltr'><strong><em>et</em></strong></span> <span class='ocrx_word' id='word_1_333' title='bbox 613 4306 713 4362; x_wconf 80' lang='lat' dir='ltr'><strong><em>status</em></strong></span> <span class='ocrx_word' id='word_1_334' title='bbox 733 4299 827 4382; x_wconf 82' lang='lat' dir='ltr'><strong><em>regni</em></strong></span> <span class='ocrx_word' id='word_1_335' title='bbox 859 4300 976 4366; x_wconf 85' lang='lat' dir='ltr'><strong><em>decens</em></strong></span> <span class='ocrx_word' id='word_1_336' title='bbox 1007 4311 1160 4368; x_wconf 77' lang='lat' dir='ltr'><strong><em>muneret.</em></strong></span> <span class='ocrx_word' id='word_1_337' title='bbox 1202 4305 1266 4378; x_wconf 79' lang='lat' dir='ltr'><strong><em>Nos</em></strong></span> 
     </span>
    </p>
   </div>
   <div class='ocr_carea' id='block_1_15' title="bbox 0 0 1464 4986">
    <p class='ocr_par' dir='ltr' id='par_1_38' title="bbox 0 0 1464 4986">
     <span class='ocr_line' id='line_1_88' title="bbox 0 0 1464 4986; baseline 0 0"><span class='ocrx_word' id='word_1_338' title='bbox 0 0 1464 4986; x_wconf 95' lang='lat' dir='ltr'><strong><em> </em></strong></span> 
     </span>
    </p>
   </div>
  </div>
 </body>
</html>
