2926 4984
511 334 625 390 uxum
662 329 855 394 QUINTUS.-

123 485 129 494 ’
152 527 158 537 .
201 507 207 516 ·
230 477 312 553 ruli,
339 465 477 557 qualiter
501 495 547 537 'ex
564 473 666 554 factis

228 573 283 622 aut
299 561 437 632 mansis,
460 562 515 620 vel
535 559 667 637 quartis,

230 643 390 701 servitium
407 658 524 724 agatur.

146 721 218 799 504.
244 721 286 786 Ut
332 727 484 810 Episcopi
532 724 671 782 incestos·

227 807 393 870 emendent
413 822 443 868 et
459 807 626 886 corrigant.

145 883 218 952 505.
245 885 287 950 Ut
302 913 339 952 ea
352 900 577 954 conserventur
588 905 667 969 quae
702 915 704 920 ·

230 973 264 1034 in
304 975 431 1058 placitis
465 985 495 1030 et
538 966 667 1048 synodis

230 1053 383 1140 Pippinus
407 1056 478 1116 Rea
498 1051 668 1114 constituit.

147 1129 221 1196 506.
242 1136 289 1194 De
311 1159 346 1198 eo
370 1140 423 1220 qui
444 1139 464 1196 b
483 1155 570 1196 seruo
589 1135 667 1193 alie-

231 1237 272 1277 no
290 1219 413 1302 aliquid
432 1216 669 1303 comparaverit.

148 1295 222 1376 307.
247 1297 286 1366 Ut
309 1302 521 1362 Ecclesiarum
543 1299 668 1378 negotia

231 1383 378 1445 &Iudice
404 1384 550 1444 continno
573 1377 668 1441 audi-

230 1477 332 1525 antur.

147 1541 221 1618 508,
246 1544 288 1608 Ut
323 1546 430 1608 Iudex
469 1546 669 1606 criminosum

232 1629 402 1691 discutiens
423 1650 486 1691 non
508 1641 578 1688 aute
595 1646 669 1686 sen·

235 1714 363 1772 tentiam
383 1710 529 1794 proferat
546 1711 671 1791 capita-

233 1795 307 1866 lem,
331 1815 424 1876 quarn
441 1804 495 1853 aut
515 1812 585 1852 reus
602 1809 669 1872 ipse
711 1797 721 1822 ⁸

231 1874 421 1961 confiteatur
436 1887 490 1934 aut
507 1895 566 1958 per
577 1874 670 1931 inno·

233 1971 335 2019 centes
348 1971 440 2019 testes
462 1957 671 2017 convincatur.

151 2037 223 2123 309.
249 2038 671 2123 thuisociieriminissunt,

234 2145 297 2184 non
316 2121 522 2183 admittantur
549 2130 650 2178 testes.

152 2203 225 2265 διο.
247 2207 295 2264 De
320 2204 436 2287 nuptiis
458 2204 583 2264 incestis
597 2219 673 2283 pro·

235 2286 388 2347 bibendis.

150 2367 221 2433 su.
248 2366 288 2429 Ut
298 2368 337 2428 de
353 2367 528 2430 absentibus
544 2386 607 2428 non
619 2366 671 2424 iu·

233 2451 366 2512 dicetur.

147 2530 221 2592 512.
247 2533 287 2593 Ut
304 2532 487 2594 clementior
516 2530 671 2589 severiori

230 2615 431 2698 praeferatur
448 2613 610 2674 sententia.

149 2695 223 2758 513.
249 2694 289 2756 Ut
313 2698 368 2780 qui
396 2695 435 2756 de
457 2715 489 2754 se
511 2693 671 2772 consessus

234 2791 292 2850 est,
310 2799 404 2861 super
421 2778 517 2837 alium
531 2795 594 2840 nou
607 2794 672 2834 cre·

236 2859 339 2928 datur.

150 2942 224 3018 314.
245 2943 294 3005 lle
316 2941 492 3008 testimonio
510 2940 600 2998 unius
613 2937 672 2998 leo·

235 3025 327 3083 minis
346 3045 409 3084 non
427 3020 618 3105 accipiendo.

90 3101 94 3109 ’
152 3104 224 3172 315.
251 3101 674 3187 UtcontraEpiscoposnnb·

232 3190 282 3248 lus
311 3187 449 3266 grauiter·
477 3197 531 3247 aut
560 3185 675 3244 leviter

235 3282 316 3349 agat.

153 3351 224 3416 316.
248 3351 343 3434 Quod
349 3369 411 3434 per
423 3349 574 3431 Spiritum
588 3368 676 3408 sanc·

235 3448 299 3494 tum
317 3433 457 3494 remissio
465 3427 514 3514 fit
525 3445 673 3518 peccatu-

237 3537 315 3577 rum.

155 3597 229 3679 3³7*
246 3599 295 3664 ua
310 3597 541 3682 quatuacuitiis
551 3594 678 3680 auaefi-

237 3679 309 3740 dem
331 3679 516 3746 catholicam
539 3699 677 3738 comma-

237 3762 350 3824 culant.
545 3774 547 3778 ⁴

155 3842 226 3906 318.
250 3842 346 3926 Quod
369 3843 554 3910 uniuersalis
570 3853 679 3904 sancto

238 3927 302 3994 Dei
324 3923 466 3986 Ecclesia
485 3946 579 3984 unum
605 3945 678 3984 cor·

234 4029 308 4093 pus,
328 4009 454 4090 eiusque
472 4018 566 4090 caput
585 4006 678 4066 Cleri-

240 4103 306 4150 stus
325 4091 375 4155 sit.

152 4173 231 4256 ³¹9·
252 4171 347 4256 Quod
362 4171 503 4232 eiusdem
516 4170 679 4237 Ecclesiae

240 4274 353 4336 corpus
372 4256 403 4316 in
427 4253 546 4318 duabus
561 4255 679 4337 priuci-

1183 299 1258 390 cos

814 473 935 559 paliter·
950 473 1113 538 dividatur
1130 478 1258 540 eximiis

812 577 967 643 personis.

736 635 806 700 520.
824 638 874 708 ¹[lt
893 641 1118 726 Clearepiscopi
1128 640 1258 704 madum

818 744 979 784 mensurae
1005 725 1061 809 qui
1089 726 1123 784 in
1157 726 1257 786 sacrit

822 803 998 867 Cananibns
1016 804 1184 892 praefixus
1194 817 1255 880 est,

818 908 882 948 non
898 888 1064 949 excedant.

737 966 808 1030 321.
828 969 881 1068 lle
896 971 1137 1056 Chorepiscopis
1154 971 1258 1055 quiin

821 1074 895 1112 mers
914 1068 1155 1120 commorantur.

737 1135 807 1199 522.
828 1136 877 1194 De
897 1136 1015 1196 bonore
1031 1148 1061 1196 et
1080 1135 1260 1200 obedientia

818 1216 1047 1300 Episcoporum
1064 1230 1095 1280 et
1117 1219 1258 1302 reliqua·

816 1319 887 1361 rcun
906 1297 1123 1362 Sacerdotem.
1355 1361 1360 1374 ,

737 1381 807 1444 323.
829 1384 876 1442 De
902 1394 1040 1463 qccatuor
1058 1381 1260 1465 neglegentiis

819 1463 1035 1525 Sacerdotem.

737 1545 808 1624 3²4·
830 1546 1260 1631 DePresbyterisquiinsnic

819 1627 1111 1708 domibasfeminas
1135 1631 1258 1694 babent.

738 1707 807 1778 525.
830 1712 878 1771 De
898 1710 1096 1786 Presbyteris
1111 1716 1167 1796 qui
1181 1733 1259 1773 cou-

820 1806 871 1854 tra
890 1804 1006 1852 statuta
1024 1792 1183 1856 Canonum
1204 1795 1258 1856 ui·

821 1872 978 1958 licifiunt.

740 1955 808 2024 52&
833 1955 930 2039 Quod
951 1959 1142 2022 conuersatio
1159 1977 1262 2021 sacer·

822 2038 938 2098 dotalis
964 2052 1056 2100 cenes
1083 2042 1162 2102 vitae
1178 2061 1260 2126 pra-

822 2121 939 2182 babilcs
952 2121 1072 2188 babeat,

740 2207 809 2288 327.
836 2203 877 2263 Ut
891 2202 1041 2286 Episcopi
1055 2208 1087 2264 in
1099 2206 1191 2267 rebus
1199 2202 1260 2267 Ec-

820 2285 932 2346 clesiae
959 2287 1044 2348 circa
1063 2290 1258 2370 propinquos

820 2387 891 2428 suos
923 2369 1120 2448 exponendis
1150 2389 1259 2452 repre-

821 2450 1003 2510 hensionem
1014 2462 1157 2521 caueant,
1178 2463 1208 2510 et
1225 2460 1260 2510 ut

821 2531 1020 2592 discretionis
1048 2529 1175 2592 inodum
1210 2544 1260 2592 tc·

821 2626 923 2675 neunt.

740 2697 811 2762 328,
836 2694 931 2778 Quod
946 2697 1090 2755 nonnulli
1110 2695 1263 2779 Episcopi

822 2779 884 2838 sibi
897 2778 1049 2838 subiectos
1072 2778 1259 2850 Canonicos,

822 2859 1007 2929 Monachus,
1026 2873 1056 2942 et
1081 2860 1260 2921 Sanctimo·

822 2940 921 3004 niales
943 2941 1114 3020 neglegant.

741 3029 816 3108 3²9«
834 3024 882 3082 De
902 3023 1079 3104 Episcopis,
1090 3023 1261 3086 Abbatibus

823 3116 854 3164 et
875 3104 1098 3166 Sacerdotibus
1119 3107 1174 3188 qui
1188 3126 1264 3190 pro·

823 3189 899 3268 pria
913 3188 983 3245 loca
997 3188 1188 3271 relinquunt.

744 3275 814 3336 330.
836 3269 884 3328 De
909 3268 1075 3332 Laicbrum
1102 3271 1242 3338 Clericis.

745 3357 815 3420 331,
836 3351 886 3409 De
898 3351 1063 3412 Monaclcis
1081 3366 1111 3416 et
1132 3355 1266 3434 Presby-

828 3433 924 3502 teris,
955 3434 1022 3493 sive
1053 3434 1182 3496 Clericis
1209 3437 1265 3517 qui

822 3517 942 3598 passim
959 3515 1114 3596 palatium
1138 3517 1264 3579 adeunt.

746 3603 822 3670 332..
843 3595 1266 3679 UtnousitsanguiuisCbri·

820 3681 1001 3844 pinnarum
1025 3683 1193 3746 temeraria
1215 3680 1265 3762 es·
1330 3689 1333 3696 '

844 3781 923 3822 casco.

747 3851 818 3913 333.
838 3845 887 3904 De
908 3844 1080 3907 Abbatibus
1100 3844 1267 3912 Canonicis

829 3941 859 3988 et
876 3927 1080 4004 regularibus,
1094 3927 1148 3985 vel
1159 3925 1266 3988 Abba-

832 4008 925 4072 tissis,

747 4096 822 4174 554,
845 4088 885 4153 Ut
898 4089 1035 4172 capellae
1049 4090 1163 4171 absque
1181 4092 1268 4150 iussu

828 4176 895 4234 siue
946 4173 1101 4254 permissu
1143 4175 1268 4256 proprii

829 4254 978 4339 Episcopi
998 4251 1168 4338 nonfiant-
