2910 4984
505 354 678 454 ,sonmo
714 355 876 426 cesara.
1150 319 1225 418 aa

105 495 181 560 dnm
211 493 305 559 ambo
330 495 365 556 iu
384 503 523 557 nostram
538 497 750 592 praesentiam
760 497 903 576 veniant,
918 505 954 562 u't
964 487 1022 562 nos
1037 501 1131 576 illum
1144 501 1226 590 epis.

103 577 411 660 copali'auctoritate
426 578 520 660 atq‘ne
537 577 798 662 imperialimetu
813 581 857 640 ita
873 582 1096 664 corrigamus,
1107 598 1143 648 'ut
1155 591 1224 652 cae-

101 661 164 720 teri
183 660 330 722 timorem
344 659 501 738 habeant,
523 667 564 722 ne
589 661 740 748 deinceps
759 663 835 724 talia
850 665 1045 728 committere
1064 669 1225 752 ullatenus

104 744 254 804 audeant.
298 743 463 818 maoz.
1067 775 1070 784 ·
1128 763 1133 766 ·
1182 745 1186 756 “

109 850 152 914 Ut
168 851 295 922 incesti,
318 847 457 932 quandia
475 848 508 909 in
524 851 640 910 scelere
654 863 794 929 monent,
813 872 876 912 non
891 851 1045 936 fideliam
1069 857 1225 942 Christia-

105 953 234 1010 norum,
255 931 313 992 scd
326 943 444 1004 tantum
458 944 512 990 cut
527 929 717 1003 Gentilium,
742 944 796 992 ortt
820 935 1139 1012 catechumenorum,
1166 942 1227 1000 'ocl

382 1010 667 1092 Energumenorum
694 1015 795 1074 locum
814 1027 947 1082 teneant.
1220 1043 1224 1050 ·

189 1109 342 1182 CXXIV.
385 1116 524 1193 Incesti,
546 1116 622 1178 dum
641 1117 675 1177 in
696 1117 764 1199 ipso
782 1119 968 1182 detestando
992 1134 1087 1208 atque
1111 1129 1226 1189 nefan-

107 1203 148 1264 do
168 1202 289 1264 scelere
309 1208 463 1273 manent,
485 1220 551 1259 non
572 1200 658 1260 inter
679 1200 790 1261 fideles
818 1201 1033 1283 Christianos,
1064 1209 1121 1270 sed
1142 1210 1228 1271 inter

106 1284 253 1346 Gentiles
275 1293 331 1343 aut
348 1280 601 1341 Catechumenos
621 1282 672 1342 vel
695 1284 938 1364 Energumenos
961 1286 1163 1370 habeantur,
1192 1293 1228 1353 -id

107 1376 171 1442 est,
194 1387 268 1428 cum
283 1363 473 1430 Christianis
489 1383 554 1422 non
568 1363 675 1425 cibum
693 1375 838 1442 sumant,
863 1387 926 1426 non
947 1371 1078 1448 potum,
1101 1395 1166 1434 non
1192 1374 1227 1436 in

107 1449 221 1508 codem
243 1446 372 1506 vasculo
387 1445 484 1505 edant
505 1454 561 1506 aut
583 1446 713 1525 bibant,
735 1447 791 1508 sed
806 1448 865 1508 soli
884 1447 965 1510 baec
986 1453 1114 1515 faciant.
1155 1457 1227 1518 Nou

107 1532 292 1591 osculentur
309 1536 363 1588 aut
378 1517 558 1588 salutentur
573 1529 612 1588 ab
632 1528 688 1590 cis.
730 1529 794 1589 Sed
809 1530 835 1590 si
852 1529 916 1594 suis
934 1533 1158 1600 Sacerdotibus
1174 1539 1228 1600 in-

108 1612 294 1678 obedientes
308 1608 491 1683 extiterint,
514 1617 546 1669 et
564 1609 581 1668 d
598 1619 659 1670 tam
675 1611 901 1673 nefandissimo
917 1615 1039 1676 scelere
1067 1641 1100 1680 se
1118 1642 1228 1702 segre-

107 1715 180 1774 gare
202 1703 300 1774 atque
316 1693 356 1752 ad
375 1689 536 1772 publicam
558 1692 789 1772 poenitentiam
807 1693 914 1764 redire
931 1697 1097 1762 noluerint
1110 1748 1118 1780 ,
1129 1695 1227 1762 ¹‘inter

107 1772 429 1853 eoshabeanturqui
446 1770 559 1853 spiritu
584 1772 810 1854 periclitantur
836 1774 1018 1854 immundo,
1050 1785 1102 1843 vel
1132 1785 1228 1843 etiam

108 1857 195 1917 inter
214 1879 267 1918 eos
288 1857 327 1916 de
349 1855 465 1936 quibus
481 1852 619 1936 ipseper
631 1877 664 1916 se
680 1855 804 1918 Veritas
822 1857 882 1916 aits
904 1858 941 1917 Si
956 1871 984 1918 te
999 1881 1061 1921 non
1079 1865 1227 1942 audierit,
1307 1897 1317 1921 s

107 1941 149 1999 ait
162 1941 220 2000 tibi
233 1941 312 1999 sicut
332 1938 484 1998 Etlznicus
506 1949 536 1995 et
552 1937 750 2002 Publicanas.
790 1939 870 1998 Nam
885 1961 958 2000 cum
982 1941 1137 2008 fidelibus*
1160 1969 1226 2006 non

108 2021 227 2082 debent
245 2041 354 2096 orare,
377 2039 437 2079 nec
459 2017 492 2076 in
509 2016 687 2078 Ecclesiam
708 2018 839 2098 intrare,
861 2021 918 2082 sed
933 2032 1006 2082 ante
1028 2025 1156 2087 ianuam
1167 2030 1228 2094 Ec·

107 2099 223 2164 clasiae
241 2102 418 2181 excubare,
440 2108 473 2161 et
488 2098 681 2162 intrantibus
697 2100 729 2160 in
753 2122 822 2163 eam
843 2112 938 2184 atque
962 2110 1156 2171 exeuntibus
1188 2132 1227 2172 ex

109 2205 161 2263 ea,
183 2186 277 2250 vultu
302 2185 335 2244 in
361 2194 446 2244 terra
471 2191 627 2262 prostrato
653 2183 779 2244 reniam
805 2185 985 2265 postulare,
1007 2199 1041 2250 et
1063 2202 1099 2252 ut
1117 2214 1175 2275 pro
1194 2214 1229 2254 se

109 2287 199 2332 orare
224 2269 288 2328 non
313 2265 548 2344 dedignentur,
568 2263 727 2346 flagitare3
751 2275 783 2326 et
796 2265 943 2348 lacrymis
967 2272 1113 2350 perfusi,-
1134 2275 1230 2338 vultu

109 2350 264 2426 contrito,
286 2358 380 2430 atque
395 2346 566 2412 humiliato
585 2345 833 2429 spiritnsemper
848 2349 994 2410 omnibus
1007 2347 1162 2434 apparere
1180 2378 1231 2418 us·

107 2452 172 2512 que
187 2432 227 2492 ad
242 2429 488 2492 satisfactionem
501 2428 683 2505 Ecclesiae,
704 2439 738 2489 et
763 2429 887 2512 proprii
915 2431 1065 2516 Episcopi
1095 2438 1229 2500 canoni-

106 2533 176 2573 cam
187 2510 514 2586 reconciliationem,
535 2519 569 2570 et
585 2511 626 2571 ad
638 2511 810 2594 pristinum
829 2513 987 2574 incestum
1002 2523 1166 2599 nunqnam
1179 2541 1230 2580 re·

106 2596 197 2670 dire,
219 2617 279 2657 nec
295 2593 451 2656 secularia
476 2591 603 2673 negotia
620 2613 790 2668 exercere,
813 2615 873 2655 nec
886 2594 1012 2675 placitis
1028 2609 1082 2659 aut
1097 2615 1228 2662 accusa·
1276 2605 1279 2611 ’

105 2677 247 2740 tionibus
262 2678 314 2739 rel
328 2674 518 2738 testimoniis
537 2674 701 2750 interesse,
714 2675 770 2736 sed
786 2676 905 2742 crebris
925 2677 1138 2742 Sacerdotem.
1150 2703 1227 2764 pre-

105 2760 195 2820 cihus
211 2770 387 2839 manusque
401 2754 567 2818 Pontificis
586 2757 709 2839 proprii
728 2747 1004 2838 impositionibus,
1034 2771 1066 2823 et
1086 2765 1228 2825 elcemo-

105 2864 256 2923 synarum
284 2838 527 2922 largitionibus,
558 2848 652 2918 atque
679 2848 880 2900 caeterorum
903 2840 1063 2904 bonorum
1094 2867 1225 2922 operum

107 2922 358 2984 exhibitionibus
377 2943 431 2983 eos
448 2918 578 3004 purgari
596 2920 767 3002 sanarique
783 2930 919 3005 oportet.
978 2924 1056 2988 Vll.
1076 2928 1148 3005 455.

341 3104 645 3172 santrio
703 3107 984 3202 Qusara

107 3241 301 3336 Sequentia
340 3241 515 3334 quaedam
548 3238 713 3332 Capitula
753 3261 799 3310 ex
833 3201 1039 3314 sanctorum
1075 3245 1224 3322 Patrona

106 3341 274 3410 Decretis
299 3353 336 3410 et
361 3341 626 3432 imperatorum
650 3337 787 3406 Edictis
813 3340 988 3435 colligere
1004 3348 1223 3432 curavimus,

107 3452 214 3532 atque
240 3441 334 3508 inter
357 3449 481 3508 nostra
515 3433 680 3528 Capitale
698 3435 791 3526 'lege
822 3436 1030 3508 firmissima
1065 3447 1224 3515 tenenda

106 3538 265 3631 generali
290 3537 456 3608 consultu
487 3533 777 3649 Erchembaldp‚
816 3535 1041 3610 Cancellario
1076 3555 1223 3635 nostro,

472 3656 642 3703 inserere·
662 3657 839 3704 susumus.

347 3753 507 3813 Onoo
557 3753 985 3816 Carrrunoauu.

152 3915 176 3953 ¹·
250 3938 276 3980 x
299 3935 459 3986 sacrarum
477 3911 643 3977 institutio·
730 3913 760 3975 5.
790 3914 830 3976 In
859 3915 941 3978 libro
967 3923 1025 3994 vn,
1050 3919 1224 4000 tripertitae

208 4023 246 4062 nc
264 4000 377 4077 legum,
399 3997 480 4058 libro
499 4017 568 4069 xus,
593 4019 643 4058 ca·
791 4000 940 4060 historiae
954 4001 1092 4084 capitulo
1108 4019 1162 4060 an.
1219 4005 1226 4028 ·’

205 4083 306 4164 pitulo
328 4102 358 4142 x.
728 4078 758 4154 4.
787 4079 841 4140 Ex
867 4082 999 4164 epistola
1025 4082 1139 4142 honis
1159 4079 1226 4143 Pe-

149 4187 178 4227 c.
205 4164 260 4224 Ex
278 4163 387 4240 codem
402 4161 483 4222 libro
492 4193 510 4233 ·,
533 4162 641 4220 titulu-
712 4185 714 4190 ·
787 4181 864 4246 pue,
888 4163 1130 4225 Chalcedonemi
1142 4163 1227 4228 Con-

130 4247 163 4292 ?
209 4246 434 4308 tionis-tertiae
450 4244 641 4328 capitulare.
789 4245 861 4308 cilio
877 4243 1033 4308 directas
1143 4285 1145 4290 ·
1188 4265 1195 4276 ··
