2910 4984
204 299 278 378 830
301 352 304 360 ,
658 321 944 384 cartrutaatua

203 481 301 546 qaam
320 468 467 546 potestas.
507 459 719 528 EtDominns
738 487 798 549 per
819 459 1012 546 Prophetam
1037 469 1166 539 monet,
1196 459 1335 524 dicensi

204 545 319 606 cottae
345 546 480 624 linguam
497 557 580 604 taam
599 547 727 625 lamalo,
744 562 775 608 et
791 549 874 610 labia
891 559 944 606 tua
959 566 998 606 ne
1010 545 1189 628 loquantur
1207 543 1335 604 datam.

202 627 331 690 Diserte
351 647 471 708 quicque
499 626 518 683 la
543 627 644 702 malo,
665 642 696 690 et
709 629 769 710 sac
795 631 917 691 bonum.
957 627 1057 688 Nemo
1078 626 1172 686 ‘cn-im
1203 625 1335 686 bouum

200 707 336 784 faciens,
350 705 441 768 alteri
453 707 549 768 verbo
559 717 614 768 aut
625 710 709 772 facto
726 733 843 776 nocere
857 709 936 774 vult.
957 709 992 770 si
1008 709 1080 790 quis
1094 707 1174 767 haec
1192 728 1259 768 non
1273 708 1334 767 oh-

202 790 394 866 servaverit,
415 788 515 850 hostis
536 799 584 850 est
601 792 723 854 animae
743 816 829 858 suae.
851 789 885 853 Si
903 791 1035 873 quidem
1054 789 1172 851 Clerici
1189 789 1331 864 fuerint,

203 873 305 954 gradu
321 871 451 953 proprio
468 871 627 938 decidant.
669 876 798 938 sivero
819 872 909 936 Laici
933 873 987 936 rel
1008 870 1160 936 Monachi
1180 870 1331 948 fuerint,

203 953 340 1036 amplius
360 954 438 1036 pelli
453 953 589 1032 debent,
611 955 662 1018 vel
680 967 822 1020 extorres
839 957 926 1016 fiant.

208 1059 249 1122 Ut
270 1059 442 1141 quicunque
460 1059 575 1120 habens
602 1064 760 1143 qraerelam
773 1064 811 1122 in
831 1061 1021 1146 Episcopum
1045 1056 1100 1118 vel
1126 1059 1160 1119 in
1192 1059 1332 1119 Antores

202 1141 383 1212 Ecclesiae,
406 1160 470 1200 non
489 1143 579 1224 prius
592 1142 686 1202 adeat
700 1143 826 1205 ludices
848 1163 972 1218 eorum,
992 1161 1084 1222 qrtam
1107 1142 1191 1224 ipsos
1211 1143 1329 1222 quibus

202 1221 327 1304 aliquid
347 1223 498 1305 opponit,
512 1221 720 1303 familiariter
734 1227 911 1296 conveniat,
929 1237 963 1283 ut
983 1224 1020 1284 ab
1035 1224 1080 1282 eis
1096 1225 1263 1282 caritative
1272 1235 1331 1282 aut

286 1304 531 1366 emendationem
549 1318 609 1375 aut¹
620 1308 837 1367 rationabilem
852 1307 983 1388 recipiat
1001 1306 1244 1370 excusationem.

206 1441 209 1448 n
286 1384 345 1445 lx.
386 1386 512 1446 Placuit
534 1395 570 1444 ut
587 1387 613 1448 si
630 1409 843 1470 quaecunque
856 1408 991 1470 persona
1014 1386 1329 1467 contraEpiscopum

203 1468 256 1540 vel
270 1465 401 1528 Actores
418 1467 580 1528 Ecclesiae
595 1491 627 1530 se
644 1471 809 1551 proprium
824 1468 998 1530 crediderit
1014 1467 1131 1534 habere
1148 1469 1328 1548 negotium,

201 1550 292 1634 prius
306 1549 346 1608 ad
362 1570 435 1608 eum
458 1561 603 1612 recurrat
629 1553 765 1614 caritatis
784 1551 912 1629 studio,
935 1560 971 1610 ut
992 1547 1142 1610 familiari
1161 1551 1329 1630 colloquio

204 1631 415 1697 commonitus
429 1653 465 1692 ea
484 1654 594 1693 sanare
617 1633 730 1696 debeat
742 1655 824 1717 qaae
838 1633 872 1694 in
898 1631 1132 1716 querimoniam
1156 1633 1328 1694 deducun-

203 1723 268 1779 tur.
311 1715 415 1790 Quam
429 1735 498 1774 rem
518 1713 544 1776 si
564 1714 691 1776 differre
706 1716 863 1794 voluerit,
884 1714 1075 1777 sententiam
1102 1715 1256 1798 suscipiat
1269 1735 1330 1776 ex·

206 1795 514 1861 communicationis.
557 1797 702 1861 Vates.

289 1899 330 1960 Ut
348 1921 412 1963 non
432 1915 593 1963 accusetur
613 1903 786 1986 Episcopus
807 1902 895 1988 apud
912 1901 1054 1966 Iudicem
1074 1901 1255 1966 secularem.

284 1981 328 2044 X.
370 1985 413 2044 Ut
429 1985 540 2044 nullus
557 1983 752 2068 Episcopum
765 1987 849 2068 apud
866 1984 989 2046 ludices
1004 1985 1164 2046 seculares
1177 2005 1330 2046 accusare

203 2073 409 2150 praesumat,
443 2066 499 2126 sed
521 2067 605 2148 apud
627 2089 763 2130 summos
783 2068 946 2132 Primates.
988 2066 1073 2128 ttid.

210 2172 252 2252 Ut
272 2173 300 2233 si
320 2173 388 2254 quis
410 2192 441 2230 se
461 2172 587 2250 gravari
603 2175 780 2252 putauerit,
803 2194 907 2234 rocem
927 2171 1146 2254 appellationis
1165 2171 1328 2242 exhibeat.

202 2258 232 2328 l¹
286 2252 344 2314 Xl.
385 2253 513 2327 Placuit
526 2262 561 2312 ut
579 2266 741 2333 accusato,
763 2255 789 2316 si
807 2255 950 2315 Iudicem
963 2260 1145 2332 suspectum
1163 2251 1327 2331 habuerit,

204 2337 301 2401 liceat
316 2336 476 2422 appellare
486 2380 495 2414 ,
517 2335 594 2416 quia
611 2357 683 2412 nou¹
701 2345 827 2420 oportet
845 2336 955 2418 negari
970 2333 1165 2396 audientiam
1185 2336 1328 2417 roganti.

170 2425 173 2432 '
206 2418 282 2482 VII.
306 2419 375 2482 323.

204 2503 255 2562 De
275 2499 475 2560 retractanda
495 2497 753 2580 comprovinciali
773 2497 902 2576 Synodo
920 2519 980 2582 per
995 2497 1173 2582 Apostolici
1180 2496 1329 2575 Legatos.

286 2581 364 2642 Xll.
406 2585 447 2642 Ut
473 2581 676 2662 provincialis
712 2582 851 2663 synodus
874 2590 1064 2641 retractetur
1092 2601 1151 2662 per
1179 2580 1330 2643 Vicarios

204 2664 294 2726 urbis
311 2665 428 2724 Romae
449 2663 622 2744 Episcopi,
643 2663 670 2723 si
686 2662 753 2745 ipse
772 2662 960 2724 decreverit.
1004 2661 1038 2722 V
1034 2667 1080 2726 II.
1111 2661 1181 2743 549.

405 2770 446 2831 Ut
467 2769 569 2828 nullus
590 2769 773 2829 criminosus
795 2781 916 2828 accuset
929 2765 1128 2849 Episcopum.
1160 2815 1164 2827 .

286 2851 383 2918 XIII.
424 2854 471 2912 De
491 2850 540 2911 his
552 2850 610 2931 qui
630 2850 662 2908 in
683 2850 915 2910 accusationem
932 2847 1061 2908 maioris
1078 2857 1154 2908 natu
1168 2845 1326 2925 veniunt,

204 2935 327 3024 placuit
341 2945 377 2995 ut
392 2934 585 3016 Episcopum
603 2931 687 2991 nulli
703 2927 874 2993 criminoso
894 2931 989 3026 liceat
1011 2951 1169 2991 accusare.
1199 2929 1239 2990 V.
1260 2931 1327 3028 187.Ι

231 3043 273 3106 Ut
293 3041 469 3105 criminalia
488 3037 611 3117 negotia
632 3059 694 3099 non
711 3059 771 3122 per
790 3038 1034 3116 Procuratores,
1065 3034 1123 3095 sed
1138 3056 1198 3119 per
1218 3037 1304 3120 ipsos

314 3177 316 3185 Α
668 3144 687 3178 a
708 3134 808 3179 antur.

286 3203 377 3269 XIV.
419 3201 598 3284 siquando
624 3202 657 3262 in
677 3141 769 3262 ciausa
790 3199 916 3282 capitali
934 3198 1038 3261 rel-in
1055 3221 1150 3260 cansa
1170 3197 1327 3260 status'in-

205 3289 410 3370 terpellatum
429 3286 547 3361 fuerit,
570 3307 633 3345 non
652 3305 711 3368 per
737 3292 975 3368 procuratores,
1002 3283 1059 3344 sed
1083 3303 1142 3366 per
1171 3283 1254 3364 ipsos
1279 3292 1327 3344 est

206 3370 338 3454 agenda.
382 3366 457 3428 VII.
476 3367 545 3448 357.

475 3449 524 3508 De
545 3450 662 3509 maiore
685 3445 829 3508 luditum
849 3447 1066 3530 appellatione.
1160 3483 1162 3488 ·

286 3529 360 3594 XV.
400 3531 528 3594 Placuit
557 3542 591 3591 ut
610 3531 626 3590 ia
648 3531 894 3614 quibuscunque
912 3528 1074 3590 iudicibus
1099 3526 1326 3590 ecclesiasticis

206 3613 246 3676 ad
264 3613 342 3684 alios
359 3614 485 3674 ludices
502 3613 749 3689 ecclesiasticos,
771 3609 826 3672 ubi
848 3620 894 3671 est
906 3612 1005 3672 maior
1024 3610 1204 3688 auctoritas,
1224 3611 1327 3670 fuerit

191 3706 428 3784 ¹provocatum,
451 3695 613 3755 audientia
631 3717 696 3756 non
718 3703 862 3777 negetur.
907 3693 1070 3759 VIL121.
1100 3691 1103 3696 ’

211 3786 254 3865 lJt
273 3803 375 3864 niellus
396 3802 657 3884 Metropolitanus
676 3803 742 3860 sine
763 3811 955 3860 caeterorum
986 3800 1120 3860 omnium
1137 3801 1326 3881 prouincia·

206 3889 284 3950 lium
304 3887 532 3969 Episcopornm
549 3883 730 3964 praesentia·
755 3894 807 3942 aut
834 3881 985 3953 consilio,
1017 3883 1079 3940 uisi
1105 3894 1253 3962 qttantum
1280 3881 1329 3942 ad

208 3991 295 4032 suam
312 3969 473 4052 propriam
492 3967 628 4048 pertinet
646 3965 852 4048 parochiam,
880 3963 1045 4045 quicquam
1074 3982 1164 4043 agere
1189 3985 1326 4046 praesu-

209 4063 282 4112 mat.
323 4048 477 4108 Similiter
498 4059 528 4106 et
549 4047 661 4128 reliqui
681 4047 834 4128 Episcopi
853 4057 947 4124 agant
965 4045 1050 4105 circa
1070 4066 1146 4105 euna.
1187 4047 1246 4106 Ex
1266 4045 1327 4122 Sp

582 4127 666 4188 nodo
687 4129 826 4188 Romana
845 4128 962 4208 qttinta,
1042 4181 1045 4186 ,
1163 4191 1164 4194 ¹

289 4209 383 4276 XVI.
425 4208 550 4295 Siquis
572 4211 833 4292 metropolitanus
853 4206 1048 4296 Episcopus,
1064 4206 1152 4290 'nisi
1168 4206 1256 4291 quod
1282 4209 1326 4271 ad

1436 451 1441 582 l
