2910 4986
494 345 611 407 mana
642 343 859 406 succubus.
1037 363 1040 370 ·
1176 317 1251 394 447

117 491 283 555 inventum
296 487 401 554 fuerit
407 534 421 569 ,
437 488 566 553 factam
578 486 644 552 boc
658 488 791 552 omnino
802 485 993 552 emendetur
1005 501 1066 571 per
1076 477 1252 543 iussionem

88 595 91 605 ’
119 583 263 637 nostram.

374 679 523 765 Qualiter
538 681 692 761 iustitiae
692 679 785 764 fiunt
798 676 1001 762 pauperibus.

195 781 365 847 XXXIII.
405 787 454 847 De
471 784 576 850 causis
596 785 779 861 viduarum,
795 782 1008 866 pupillorum,
1022 778 1253 874 orphanorum,

113 865 167 932 uel
183 866 390 949 reliquorum
403 891 601 952 pauperum,
621 870 709 930 utin
727 867 831 950 primo
847 874 1013 948 conventu
1023 871 1101 924 ante
1116 862 1255 922 mediam

116 950 204 1012 diem
220 949 356 1010 illorum
370 950 455 1012 ratio
477 953 528 1015 vel
548 953 682 1034 querela
709 949 858 1012 audiatur
872 956 904 1009 et
924 945 1116 1022 definiatur,
1139 950 1255 1025 etpost

116 1032 257 1094 mediam
280 1032 370 1094 diem
389 1055 488 1096 causa
506 1034 595 1118 regia
613 1045 645 1098 et
660 1033 878 1096 Ecclesiarum
893 1030 945 1092 rel
962 1036 1132 1113 potentum
1149 1025 1255 1085 homi-

117 1135 214 1175 num:
237 1114 315 1196 quin
329 1115 392 1212 ipsi
411 1139 570 1201 pauperes
596 1140 661 1178 nou
678 1116 798 1178 babent
816 1114 1001 1175 facultatem
1018 1108 1105 1171 unde
1127 1116 1256 1203 susten·

118 1206 185 1257 tare
209 1217 244 1258 se
263 1208 387 1278 possint
401 1199 510 1262 donec
529 1200 574 1262 ad
588 1222 704 1262 eorum
722 1198 916 1282 perveniant
935 1194 1109 1271 iustitiam,
1132 1199 1165 1252 et
1181 1190 1256 1252 ideo

117 1288 225 1341 tantos
244 1279 401 1344 clamores
416 1283 545 1344 faciunt
557 1283 600 1346 ud
617 1305 710 1344 aures
729 1291 865 1344 nostras.

253 1386 302 1444 De
319 1387 388 1446 illis
407 1389 589 1449 bominibus
609 1391 665 1473 qui
682 1391 817 1448 iniustas
833 1385 980 1470 querelas
1000 1383 1123 1448 babent.
1216 1421 1219 1426 ·

203 1491 364 1554 XXXlV.
406 1494 455 1554 De
472 1493 538 1555 illis
554 1494 738 1555 homiuibus
764 1493 821 1576 qni
841 1491 960 1554 iniuste
976 1510 1075 1573 super
1096 1489 1175 1552 alios
1195 1488 1258 1552 bo-

120 1575 226 1636 mines
240 1577 389 1657 querelas
405 1576 546 1656 faciunt,
567 1577 609 1639 de
624 1578 743 1660 quibus
757 1577 923 1657 uolumus,
945 1574 971 1635 si
989 1569 1141 1635 iuventus
1158 1572 1259 1634 fuerit

119 1657 240 1738 aliquis
256 1657 314 1739 qui
337 1678 402 1735 non
429 1657 547 1721 habeat
567 1661 721 1721 iustitiam
737 1658 890 1720 causandi
916 1657 970 1718 vel
987 1654 1203 1732 reclamandi,
1227 1663 1260 1716 et

123 1741 264 1800 revictus
282 1741 402 1817 suerit,
423 1752 557 1838 propter
576 1743 666 1803 illam
688 1741 884 1803 calumniam
907 1737 1118 1822 quemfecit,
1139 1759 1259 1801 secun·

124 1822 205 1882 dum
223 1823 328 1906 legem
348 1831 382 1882 et
396 1833 590 1905 aequitatem
610 1826 763 1886 iustitiam
782 1824 906 1886 reddat.

491 1931 542 1991 De
550 1930 785 2013 fistiuitatr'bus
801 1931 887 1996 anni.

207 2034 341 2096 XXXV.
382 2036 495 2099 Festos
507 2037 577 2098 dies
591 2038 624 2096 in
643 2059 728 2096 auno
747 2036 909 2097 celebrare
923 2035 1102 2113 sanximus,
1124 2033 1187 2096 hoc
1201 2043 1259 2113 est,

122 2116 211 2179 diem
225 2117 424 2177 dominicum
440 2118 579 2180 Paschae
609 2141 683 2180 cum
703 2119 826 2181 bonore
847 2129 879 2180 et
900 2120 1071 2182 sobrietate
1089 2117 1259 2195 venerari,

119 2197 223 2262 simili
253 2199 350 2259 modo
372 2208 469 2260 totam
493 2201 726 2287 hebdomadam
748 2201 837 2262 illam
858 2201 1026 2264 observare
1049 2202 1261 2263 decrevimus.

123 2282 223 2347 Diem
241 2281 436 2344 ascensionis
457 2285 589 2344 Domini
610 2285 751 2367 pleniter
773 2284 946 2346 celebrare.
990 2286 1002 2346 l
1010 2308 1029 2345 u
1048 2286 1260 2360 Pentecoste,

125 2362 277 2425 similiter
292 2373 328 2424 ut
346 2365 379 2423 in
396 2365 527 2427 Pascha.
570 2367 607 2427 ln
633 2367 730 2427 natali
745 2367 970 2446 Apostolorum
988 2366 1078 2429 Petri
1099 2376 1131 2426 et
1147 2365 1260 2442 Pauli,

123 2445 216 2507 diem
237 2465 348 2506 unum.
389 2447 593 2510 Nativitatem
615 2448 716 2512 sancti
738 2448 893 2510 Iohannis
917 2449 1094 2529 Baptistae,
1117 2468 1262 2528 assump-

125 2528 252 2589 tionem
267 2537 396 2590 sanctae
417 2531 553 2609 Mariae,
576 2531 813 2593 dedicationem
838 2531 941 2592 sancti
962 2530 1147 2607 Michaelis,
1170 2539 1261 2589 nata·

126 2611 193 2670 lem
205 2610 314 2672 sancti
328 2610 484 2693 Remigii,
501 2614 604 2675 sancti
620 2612 768 2690 Martini,
783 2613 883 2674 sancti
897 2613 1055 2678 Andreae.
1098 2612 1136 2672 ln
1161 2608 1262 2671 natali

124 2691 259 2753 Domini
280 2692 351 2754 dies
369 2704 524 2776 quatuor,
551 2706 675 2758 octavas
696 2695 845 2773 Domini,
872 2695 1087 2776 Epiphaniam
1109 2692 1261 2769 Domini,

125 2772 386 2855 purificationem
398 2787 524 2838 sanctae
535 2779 663 2840 Mariae.
681 2779 722 2839 Et
734 2779 806 2838 illus
819 2777 1008 2839 festivitates
1018 2778 1194 2859 Martyrum
1207 2775 1262 2837 vel

123 2857 360 2917 -Consessorum
377 2858 544 2921 observare
566 2860 767 2922 decrevimus
788 2881 927 2941 quorum
947 2858 981 2919 iu
998 2877 1193 2941 unaquaque
1209 2879 1263 2943 pa-

125 2937 240 3002 rochia
261 2947 370 2999 sancta
388 2961 522 3023 corpora
539 2942 758 3026 requiescunt.

247 3044 296 3104 De
318 3047 455 3129 antiquis
476 3045 649 3121 Ecclesiis,
673 3062 707 3109 ut
729 3049 880 3109 bonorem
900 3069 989 3106 satum
1010 3048 1153 3122 babeant.

209 3148 372 3214 XXXVI.
414 3154 580 3216 Ecclesiae
609 3154 788 3236 antiquitus
821 3152 1012 3216 constitutae
1037 3175 1098 3216 nec
1130 3153 1262 3230 decimis

130 3253 190 3295 nec
207 3233 285 3294 aliis
306 3235 559 3315 possessionibus
577 3238 769 3319 priventur,
789 3236 833 3297 ita
852 3246 890 3297 ut
909 3235 1001 3299 novis
1024 3236 1182 3300 Oratoriis
1203 3238 1263 3298 tri-

126 3314 283 3378 buantur.
326 3315 462 3402 Cupitul‚
483 3323 511 3387 I,
534 3342 562 3385 u.
585 3320 655 3385 815.
675 3342 702 3385 c.
729 3341 774 3402 ¹9·

486 3437 541 3497 De
563 3435 777 3519 spernamus
788 3433 921 3520 fiuous
974 3412 979 3419 ’

212 3535 392 3604 XXXVII.
433 3540 560 3601 Deinde
577 3541 794 3624 praecipimus
809 3555 846 3605 ut
860 3541 1084 3626 unusquisque
1102 3553 1265 3628 compater

132 3619 185 3680 rel
206 3621 347 3704 proximi
360 3621 522 3704 ¹spiritales
538 3623 621 3685 filios
642 3646 717 3688 suos
735 3626 893 3689 catholice
911 3627 1083 3688 instruant.

304 3755 360 3814 De
373 3753 434 3812 boc
450 3733 484 3812 ut
496 3750 687 3814 Sacerdotes
704 3755 1000 3836 inreprehensibiles
1021 3758 1093 3822 sint.

213 3858 396 3919 XXXVlll.
419 3861 461 3918 Ut
475 3858 562 3918 iuxta
575 3857 721 3940 Apostoli
734 3883 845 3923 vocem
855 3863 1043 3924 Sacerdotes
1057 3863 1267 3946 inreprehen-

135 3941 243 4008 sibiles
260 3941 340 4020 sint,
364 3948 397 4000 et
416 3941 559 4001 moribus
576 3942 701 4020 ornati,
725 3954 757 4003 et
777 3965 981 4026 nequaquam
998 3945 1145 4026 turpibus
1166 3947 1267 4008 lucris

136 4023 335 4098 deserviant,
365 4023 454 4084 iuutd
483 4023 567 4084 illud
594 4027 683 4105 quod
712 4027 757 4086 ait
781 4027 967 4109 Scriptura:
1001 4029 1100 4087 Nemo
1128 4029 1268 4088 militans

100 4135 104 4144 ·
136 4108 209 4166 Deo
229 4106 371 4188 implicat
389 4128 420 4166 se
439 4107 570 4185 negotiis
588 4109 800 4180 secularibus,
824 4122 858 4167 ut
879 4111 909 4169 ei
951 4111 1050 4170 laceat
1072 4111 1125 4169 cui
1140 4131 1172 4170 se
1188 4132 1268 4195 pro·

136 4185 233 4246 buuit.
275 4188 318 4248 Et
331 4189 349 4246 d
362 4187 509 4270 turpibus
524 4187 623 4249 lucris
637 4200 669 4250 et
684 4180 789 4251 usuiis
806 4212 871 4250 uon
887 4131 991 4252 solium
1004 4191 1065 4272 ipsi
1079 4191 1269 4274 abstineant,

139 4289 250 4330 rerum
266 4269 362 4331 etiam
378 4271 488 4355 plebes
510 4271 570 4335 sibi
586 4271 728 4337 subditas
744 4272 904 4338 abstinere
919 4273 1098 4342 instituant.
