2948 4990
221 294 293 372 nto
656 303 943 368 cntrurnnun

212 461 322 515 autem
336 446 479 533 impietas
498 446 663 510 horribilis
682 457 729 512 est
744 451 834 528 Deo,
856 449 913 512 ille
929 451 989 533 qui
1014 449 1111 534 impie
1139 452 1219 534 agit,
1248 462 1342 516 certe

212 543 375 620 separatus
394 542 440 592 est
463 531 569 592 talisi
591 533 679 610 Deo,
701 539 733 592 et
750 533 940 594 anathemati
963 533 1045 594 iuste
1060 533 1227 598 subicitur.
1248 535 1343 596 Ana-

212 616 426 680 themaenim
442 614 524 673 nihil
549 613 829 696 aliudsignificat,
853 616 914 676 uisi
943 616 1047 676 dDeo
1076 616 1340 698 separationem,

210 701 294 763 sicut
315 700 347 759 in
367 698 618 760 veterietnovo
643 697 846 760 Testamenta
880 696 1038 760 indicium
1064 697 1103 760 de
1133 698 1340 766 anathemate

210 782 383 866 significat.

210 889 259 950 Dc
276 886 393 971 hirqui
408 907 472 947 noa
489 883 589 946 solum
603 883 643 946 de
660 887 755 948 rebus·
770 884 977 970 suisialiqnid
990 886 1150 948 Ecclesiae
1174 909 1239 950 non
1258 909 1340 950 eon-

282 969 417 1052 serum,
439 967 606 1030 sedetiam
629 970 668 1030 ab
689 971 762 1030 aliis
782 971 921 1030 conlatas
948 971 1061 1030 iniuste
1079 969 1252 1055 possident.

292 1071 568 1138 CCCCXXVIII.
611 1072 740 1135 Placuit
758 1073 866 1151 nobis,
889 1084 922 1136 et
944 1073 983 1135 ab
1006 1076 1156 1135 omnibus
1174 1078 1340 1140 observari

208 1159 378 1235 convenit,
401 1166 437 1217 ut
459 1156 535 1240 quia
553 1156 703 1217 nonnulli
721 1175 875 1218 memores
890 1155 940 1216 sui
955 1176 1014 1238 per
1036 1157 1196 1238 quaslibet
1227 1161 1336 1242 scrip-

208 1251 294 1303 turas
307 1263 365 1322 pro
389 1239 531 1300 remedio
552 1239 675 1299 animae
694 1259 767 1299 suae
800 1237 840 1299 de
865 1237 1070 1300 facultatibus
1092 1239 1157 1300 suis
1177 1242 1335 1306 Ecclesiis

208 1324 333 1405 aliquid
359 1322 532 1383 contulisse
550 1321 746 1402 probantur,
778 1321 866 1401 quod
894 1320 1068 1382 ddirersis
1094 1324 1199 1384 Deum
1224 1326 1337 1386 minus

206 1406 396 1467 timentibus
410 1403 564 1464 hactenus
590 1404 752 1464 mortifera
772 1402 945 1465 calliditate
965 1411 1115 1481 tenetur,
1137 1403 1180 1464 ita
1198 1415 1235 1467 ut
1250 1407 1333 1467 alio-

206 1511 280 1550 rum
295 1485 413 1548 oblatio
432 1485 498 1547 illis
512 1485 673 1568 pertineat
688 1484 727 1545 ad
747 1485 890 1563 ruinam,
914 1506 974 1546 neo
991 1483 1111 1546 intueri
1138 1488 1235 1550 corde
1260 1511 1333 1571 pos-

113 1611 119 1620 -
207 1579 285 1633 sunt
305 1569 390 1630 diem
408 1567 520 1629 iudicii
539 1567 670 1628 Domini
693 1566 756 1630 boc
777 1567 833 1648 qui
856 1565 1038 1650 cupiditatis
1053 1569 1256 1634 delectantur
1278 1593 1333 1632 ar-

207 1654 305 1728 dore,
327 1649 514 1732 quicunque
533 1650 698 1711 immemor
714 1649 861 1710 interitus
876 1649 925 1710 sui
950 1670 1001 1710 res
1027 1651 1201 1730 Ecclesiis,
1223 1661 1260 1714 ut
1280 1674 1334 1713 su-

205 1755 263 1817 pra
288 1732 444 1809 diximus,
477 1732 635 1815 delegatas
667 1731 783 1793 iniuste
815 1731 993 1814 possederit
1019 1736 1331 1816 praesumpseritque

204 1815 370 1893 retinere,
401 1823 433 1876 et
452 1815 584 1876 veritate
601 1824 777 1898 comperta,
800 1835 850 1874 res
865 1813 927 1874 Dei
955 1815 1055 1876 servis
1080 1814 1330 1878 dissimulaverit

204 1899 378 1959 reformare
392 1941 400 1973 ‚
424 1897 462 1954 ab
476 1897 623 1958 omnibus
641 1895 795 1958 Ecclesiis
813 1905 1017 1978 segregatus,
1038 1895 1056 1956 d
1070 1907 1176 1958 sancta
1189 1919 1331 1960 commu-

206 1980 305 2040 nione
321 1978 478 2037 habeatur
496 1988 683 2056 extranens,
705 1999 765 2039 nec
779 1977 868 2039 aliud
894 1987 1054 2038 mereatur
1079 1977 1331 2042 babere'reme-

204 2062 296 2124 dium
316 2060 377 2120 nisi
398 2081 471 2119 cum
491 2060 618 2141 culpam
640 2061 801 2143 propriam
827 2081 936 2122 rerum
957 2060 1180 2122 emendatione
1207 2083 1330 2144 purga-

203 2143 302 2206 verit:
322 2141 454 2222 indigne
478 2142 565 2202 euim
586 2143 625 2203 ad
653 2144 750 2202 altare
776 2142 907 2202 Domini
931 2161 1102 2224 properare
1129 2145 1332 2228 permittitur.

203 2225 331 2308 quires
348 2223 577 2286 ecclesiasticas
600 2233 654 2284 aut
677 2225 774 2285 audet
798 2245 910 2306 rapere
932 2233 987 2284 aut
1012 2224 1127 2286 iniuste
1151 2226 1325 2308 possidere.

203 2307 269 2386 Qui
287 2327 364 2366 vero
383 2306 417 2366 iu
440 2305 500 2367 bac
529 2306 640 2388 iniqua
664 2306 852 2368 defensione
872 2307 1065 2388 perdurant,
1096 2317 1132 2368 ut
1158 2317 1323 2370 necatores

175 2405 179 2415 “
200 2409 377 2472 pauperum
396 2409 505 2449 omues
522 2387 688 2450 iudicandi
709 2398 799 2466 sunt,
821 2389 909 2470 quod
929 2409 1040 2449 corum
1064 2389 1170 2450 taliter
1192 2389 1324 2450 alimen·

149 2513 151 2518 -
200 2481 233 2531 ta
257 2470 484 2550 subtraxerint.
533 2471 744 2534 sacerdotalis
778 2479 883 2532 tamen
903 2469 997 2532 debet
1023 2489 1090 2532 esse
1115 2472 1257 2554 provisio
1286 2481 1323 2533 ut

200 2554 374 2614 vindictam
396 2551 569 2613 admonitio
593 2553 775 2614 manisfesta
798 2554 987 2635 praecedat,
1023 2561 1054 2612 et
1080 2573 1131 2616 res
1155 2562 1320 2637 usurpatas

200 2634 319 2696 iniuste
352 2634 409 2716 qui
437 2635 584 2712 abstulit,
627 2634 767 2696 adhibita
790 2635 950 2716 aequitate
971 2634 1127 2696 restituat.
1169 2636 1266 2714 Quod
1292 2637 1320 2700 si

200 2719 397 2799 neglexerit,
420 2727 454 2777 et
481 2717 649 2779 necessitas
674 2718 884 2800 compulerit,
911 2726 1019 2800 postea
1051 2715 1247 2799 praedonem
1270 2740 1321 2780 sa·

199 2799 371 2860 cerdotalis
390 2797 545 2860 districtio
567 2809 723 2860 maturata
734 2798 897 2882 percellat.
937 2801 1050 2882 Neque
1071 2799 1239 2880 quisquam
1262 2821 1321 2882 per

197 2903 316 2963 regna,
350 2881 471 2963 absque
497 2883 620 2964 proprii
644 2881 795 2964 Episcopi
822 2881 1027 2958 auctoritate,
1057 2901 1109 2942 res
1137 2881 1320 2963 dispensare

197 2964 336 3036 nitatur;
359 2963 435 3045 quin
449 2965 512 3025 Dei
523 2963 667 3046 potentia
684 2972 873 3024 cunctorum
888 2984 1060 3045 regnorum
1081 2965 1234 3024 terminos
1257 2962 1321 3024 sin-

197 3046 303 3127 gulari
320 3045 538 3106 dominatione
556 3046 731 3108 concludit.
774 3046 839 3124 Qui
853 3067 930 3107 vero
948 3045 997 3106 his
1013 3045 1128 3108 nostris
1150 3045 1320 3106 sanctioni·

195 3127 257 3187 bus
273 3127 478 3205 contraierit,
501 3137 532 3189 et
553 3149 634 3211 quae
653 3128 819 3209 neglexit,
843 3128 966 3210 legibus
981 3129 1150 3188 emendare
1169 3128 1319 3188 tardare·

195 3209 256 3284 rit,
279 3210 333 3269 vel
348 3209 499 3292 deinceps
514 3209 548 3268 in
565 3210 728 3292 praedicta
746 3209 890 3290 nequitia
903 3209 1077 3292 perdurare
1090 3208 1240 3285 voluerit,
1256 3231 1320 3268 om·

195 3311 255 3351 nes
274 3290 413 3352 honores
434 3313 514 3372 quos
528 3291 644 3353 habere
664 3291 856 3370 videbatur,
877 3292 1005 3374 perdat,
1028 3302 1061 3352 et
1080 3291 1098 3351 d
1116 3291 1207 3352 nobis
1224 3311 1318 3352 secu-

195 3372 307 3433 lariter
327 3384 358 3434 et
372 3375 519 3456 legaliter
536 3373 671 3436 strictim
686 3373 878 3456 fortiterque
892 3374 1055 3456 puniatur,
1078 3374 1141 3434 etia
1161 3373 1319 3434 Sacerdo-

194 3453 279 3514 tibus
297 3457 426 3517 coelesti
444 3456 550 3538 gladio
571 3457 715 3518 feriatur.
755 3457 797 3516 Et
825 3456 851 3517 si
874 3478 907 3517 se
933 3477 997 3516 non
1023 3455 1219 3532 correxerit,
1251 3476 1317 3514 non

194 3538 298 3598 solnm
318 3539 631 3620 excommunicatus,
653 3538 826 3602 sedetiam
852 3538 1132 3600 anathematizatus
1154 3537 1317 3597 moriatur.

235 3643 285 3702 Dc
303 3643 393 3704 rebus
415 3641 574 3705 Ecclesiae
594 3665 672 3730 quae
695 3644 757 3728 sibi
776 3642 844 3702 iure
871 3641 1023 3706 debentur
1034 3686 1047 3716 ‚
1069 3665 1108 3704 ne
1126 3645 1160 3704 in
1188 3643 1278 3704 aliud

229 3786 232 3794 ,
633 3724 885 3804 transferantur..

274 3805 517 3870 CCCCXXIX.
559 3807 733 3870 Sciendum
759 3817 805 3868 est
829 3806 975 3869 omnibus
1004 3808 1093 3889 quod
1115 3807 1319 3888 sacrilegium

193 3891 235 3954 sit
252 3913 304 3952 res
316 3889 480 3951 Ecclesiae
499 3889 695 3972 (quocunque
710 3890 805 3950 modo
824 3887 943 3952 iniuste
963 3889 1001 3950 ab
1021 3892 1174 3952 Ecclesiis
1200 3886 1318 3971 quibus

166 3995 174 4012 ‘
192 3976 262 4036 iure
281 3973 457 4051 debentur,
478 3972 597 4034 auferri
615 3983 647 4033 et
663 3973 697 4032 in
716 3972 806 4034 aliud
821 3972 998 4034 transferri.
1039 3973 1144 4056 Supra
1160 3995 1186 4034 c.
1203 3975 1275 4054 395.

236 4078 332 4163 Quod
351 4069 525 4141 homicidae
547 4091 617 4140 ante
634 4077 736 4138 Deum
761 4077 1018 4161 deputenturqui
1045 4099 1096 4138 res
1116 4079 1276 4142 Ecclesiae

680 4171 815 4220 vastant.

272 4219 493 4309 CCCCXXX.
535 4242 693 4308 Volumus
710 4264 819 4304 omncs
840 4243 920 4306 scire
939 4243 1027 4329 quod
1042 4243 1098 4326 qui
1132 4241 1250 4304 Christi
1268 4253 1318 4304 ,ct

1462 271 1465 406 i

1459 545 1465 768 l
