2926 4986
489 306 604 364 ussn
639 308 827 368 susurrus
867 290 870 300 '
1177 293 1248 373 741

118 454 227 534 reptos
244 447 414 514 emendare
430 419 702 532 nequiverintet
728 448 767 518 ab
782 449 926 518 Ecclesia
951 451 1021 520 etl
1045 454 1250 520 communio.
1269 498 1274 506 .

119 553 163 594 ne
183 552 240 594 eos
264 529 471 614 suspendant.

96 633 170 699 ”De
191 635 313 696 devotis
330 635 531 719 peccantibus
550 653 615 695 non
636 627 917 720 recipiendic,m'si
933 657 1064 722 peccare
1085 635 1250 711 desierint.

181 731 363 818 ccxciv(
376 741 532 800 Devotam
543 748 729 820 peccantem
739 761 803 800 non
814 741 1032 824 recipiendam
1045 743 1078 803 in
1090 744 1248 826 Emissis,

118 822 182 887 nisi
195 843 329 906 peccare
349 821 490 883 desierit.
507 821 549 882 Et
565 821 592 882 si
607 821 756 904 desinens
775 823 877 906 egerit
892 835 996 908 aptum
1018 826 1259 907 poenitentiam

114 908 232 969 decem
246 903 351 981 annis,
365 903 781 986 recipiat‘communionem.
803 907 896 968 Prius
905 916 1010 968 autem
1026 928 1121 989 quum
1140 907 1173 968 in
1185 910 1251 971 Ec·

117 988 219 1052 olesiu
233 986 418 1050 admittatur
431 987 471 1046 ud
490 986 678 1063 orationem,
699 987 740 1050 ad
758 987 880 1050 nullius
900 989 1085 1051 convivium
1102 989 1250 1051 christia-

117 1092 179 1132 nus
198 1068 343 1132 mulieris
361 1068 511 1136 accedat,
522 1069 618 1146 Quod
635 1068 663 1130 si
681 1069 813 1136 admissu
830 1072 940 1148 fuerit,
955 1072 1051 1132 ctiam
1067 1071 1148 1134 haec
1164 1093 1248 1154 quse

118 1173 190 1214 eum
213 1150 383 1232 receperit,
400 1149 555 1212 habeatur
571 1149 693 1218 absens.
735 1153 963 1236 corruptorem
981 1154 1076 1216 etiam
1093 1174 1151 1235 par
1167 1175 1249 1235 poe·

117 1255 162 1296 na
177 1233 382 1314 constringet.
411 1235 501 1311 Quae
515 1243 621 1295 autem
637 1232 786 1300 meritum
797 1235 967 1318 acceperit,
978 1256 1043 1296 non
1060 1233 1245 1304 admittatur

117 1319 160 1376 ad
175 1315 418 1398 poenitentiam,
440 1314 502 1377 nisi
522 1315 629 1378 adhuc
642 1316 774 1380 vivente
792 1317 861 1401 ipso
884 1315 999 1379 marito
1025 1327 1111 1384 caste
1133 1317 1246 1382 rivere

121 1397 277 1480 eoeperit,
290 1407 347 1458 ant
359 1407 527 1482 postquam
547 1396 615 1482 ipse
635 1399 816 1467 decesserit.

137 1505 188 1566 Dc
209 1504 335 1589 hirqui
355 1505 665 1570 excommunicantur
684 1505 704 1571 d
714 1502 969 1646 §accedendum
1004 1517 1039 1570 ut
1058 1487 1162 1568 nullus
1182 1501 1228 1568 ad

190 1599 191 1606 ’
568 1606 621 1648 eos
641 1608 713 1650 acce
738 1598 780 1654 at.

202 1687 364 1755 CCXCV.
404 1689 440 1752 Si
462 1689 534 1774 qnis
553 1691 668 1754 Laicus
687 1713 748 1775 per
766 1691 1130 1754 excommunicationem
1147 1693 1244 1758 absti-

117 1782 186 1854 net,
202 1775 242 1834 nd
261 1774 389 1835 domum
406 1773 477 1835 eius
490 1773 691 1836 Clericorum
710 1774 764 1835 vel
780 1774 1003 1855 religiosorum
1024 1777 1134 1837 nullus
1157 1799 1246 1839 acce·

119 1859 185 1920 dut.
228 1854 384 1917 Similiter
399 1866 431 1917 et
446 1856 592 1917 Clericus
608 1857 634 1917 si
652 1856 834 1934 abstinent
857 1856 992 1918 clericis
1009 1857 1180 1924 devitetur.
1206 1857 1243 1922 Si

118 1939 193 2022 quis
211 1959 286 2000 cnm
298 1937 358 2000 illo
373 1938 526 2018 conloqui
544 1947 600 2000 out
617 1937 779 2000 convivari
796 1937 896 1998 inerit
908 1937 1137 2022 deprehensus,
1148 1940 1246 2002 etiam

115 2019 408 2105 ipseabstineatnr.
448 2020 513 2081 Sed
527 2019 591 2082 hoc
606 2020 767 2104 pertineat
784 2020 825 2080 ad
841 2040 894 2080 eor
923 2018 1065 2082 Clericos
1089 2022 1147 2103 qui
1173 2023 1243 2084 eius

117 2111 195 2166 sunt
213 2102 374 2186 Episcopi,
394 2112 426 2163 et
444 2103 484 2162 ad
499 2123 609 2167 omnes
624 2102 681 2184 qui
698 2101 883 2162 commoniti
909 2101 1031 2164 luerint
1058 2103 1098 2166 de
1121 2104 1241 2189 eosqui

117 2184 266 2262 abstinet,
281 2185 349 2246 sive
365 2184 462 2245 Laico
484 2183 641 2266 quolibet,
659 2183 725 2246 sive
744 2183 883 2250 Clerico.

155 2291 206 2354 De
225 2289 316 2372 vagis
336 2301 368 2352 ct
387 2287 504 2352 levidus
524 2287 748 2431 Sacepidotibus
767 2309 804 2350 ac
827 2287 977 2363 elersen,
1005 2286 1086 2372 quid
1104 2309 1201 2370 agen-

240 2378 242 2388 *
395 2369 400 2382 ’
634 2391 685 2430 nm
705 2372 756 2434 sit.

121 2507 123 2512 .
198 2449 376 2518 CCXCVI.
415 2450 484 2513 Hoc
504 2450 599 2513 etiam
623 2453 755 2535 placuit,
778 2461 815 2513 nt
836 2471 934 2532 rugus
962 2459 1058 2533 etque
1084 2446 1242 2513 instabilis

116 2535 289 2613 Clericus,
304 2535 373 2596 sive
395 2534 491 2600 etiam
513 2534 546 2593 in
568 2535 727 2598 diaconali
752 2533 929 2595 ministerio
949 2535 1002 2594 vel
1028 2533 1241 2617 presbyterali

114 2619 220 2680 officio
239 2615 443 2693 constitutus,
458 2618 483 2678 si
499 2617 649 2698 Episcopi
671 2619 771 2698 dquo
796 2616 959 2678 ordinatus
990 2625 1036 2678 est
1061 2615 1241 2698 praeceptis
1262 2619 1271 2632 ’

115 2722 182 2762 non
205 2699 375 2777 obedierit,
390 2709 425 2758 nt
445 2697 479 2759 in
496 2698 641 2786 delegata
664 2699 725 2760 sibi
749 2698 893 2760 Ecclesia
919 2697 1059 2759 officium
1080 2697 1242 2780 dependat

114 2782 289 2860 assiduum,
305 2801 474 2864 quousque
493 2779 623 2845 insitio
643 2780 866 2868 permanserit,
897 2789 930 2844 et
953 2781 1177 2842 communione
1208 2788 1241 2840 et

113 2864 239 2927 honore
253 2863 409 2952 privetur.
832 2881 834 2888 ’
856 2863 868 2888 “

215 2971 264 3032 Dc
283 2965 425 3030 tenendis
445 2962 491 3026 ad
507 2964 693 3028 solutionem
712 2963 772 3048 qui
787 2962 927 3046 deditum
944 2967 1144 3052 promittunt,

197 3071 390 3144 CCXCVII,
429 3071 464 3132 Si
482 3072 553 3153 quis
569 3093 628 3154 pro
647 3071 778 3136 alterius
799 3063 907 3132 debito
924 3092 958 3134 se
968 3071 1149 3156 pecuniam
1162 3091 1239 3154 pro-

112 3157 463 3306 pplilseepciltupedditurnm,
482 3155 523 3216 ad
534 3155 732 3217 solutionem
743 3162 877 3234 statutae
891 3153 1111 3238 promissionis
1132 3163 1178 3217 est
1190 3174 1240 3216 re·

132 3355 135 3362 '
164 3349 215 3412 De
238 3344 359 3430 hirqui
376 3339 422 3406 ad
440 3339 791 3484 vendendumdolterius
811 3361 878 3404 rem
898 3341 1098 3426 occeperint,
1118 3339 1199 3427 quid

559 3449 578 3486 o
599 3447 636 3486 en
663 3445 714 3484 um
735 3427 785 3486 sit.

195 3505 409 3574 CCXCVIII.
449 3508 484 3572 Si
500 3447 703 3590 factogpretio
716 3527 784 3568 rem
799 3505 1003 3569 vendendam
1023 3504 1140 3588 uliquis
1165 3505 1236 3566 cui·

112 3591 244 3678 cunque
266 3589 446 3654 tradiderit,
465 3600 497 3652 et
509 3589 585 3650 dum
603 3590 641 3650 ab
658 3610 696 3650 eo
712 3588 883 3651 vendenda
898 3589 1073 3672 profertur,
1096 3609 1239 3669 quacun-

112 3695 176 3756 que
193 3673 359 3736 occasione
375 3672 519 3756 pericrit‚
533 3672 563 3732 ei
576 3671 661 3754 perit
675 3673 733 3753 qui
756 3691 825 3731 eam
842 3673 974 3733 dederat
990 3668 1236 3750 distrahendum.

114 3759 286 3818 Caeterum
303 3754 329 3816 si
349 3776 417 3816 rem
432 3763 605 3836 acceptam,
628 3763 840 3834 noncopante
862 3750 1004 3824 domino,
1025 3751 1081 3812 sed
1101 3751 1237 3832 promit-

111 3846 201 3896 tente
220 3836 333 3917 coqui
354 3836 488 3932 accepit,
517 3836 594 3898 dum
619 3834 719 3896 vellet
742 3837 942 3914 venundare,
960 3832 1150 3916 perdiderit,
1174 3831 1236 3893 cibi

111 3917 161 3978 rei
183 3917 327 3999 perditae
343 3918 461 4002 ingerit
474 3918 713 3988 detrimentum.

116 4021 158 4086 Ut
177 4021 328 4086 Creditur
342 4043 408 4084 rem
427 4021 580 4084 deditoris
598 4043 660 4082 non
676 4017 796 4085 vendat
813 4019 996 4116 priusquam
1018 4037 1088 4080 eum
1116 4013 1157 4078 de
1183 4038 1235 4078 so·
1321 4102 1324 4109 Ι

400 4149 401 4153 =
492 4105 611 4167 tutione
626 4115 861 4165 terconvenrat.
1232 4111 1236 4142 ³

194 4204 368 4274 ccxcix.
410 4208 600 4276 Creditorsi
616 4205 686 4273 sine
708 4203 895 4271 conditione
916 4207 1033 4292 pignus
1054 4205 1114 4268 ribi
1135 4205 1238 4289 depo-
