2926 4984
535 310 653 370 arnan
684 313 864 378 oumrus
1053 285 1061 297 “
1186 299 1256 371 525

381 477 384 484 ⁴
429 481 432 484 ·
514 459 563 518 De
585 452 691 534 officio
712 455 873 516 laicorum.

214 561 323 626 CXII.
365 561 478 626 Laicus
494 585 560 625 non
579 565 674 626 debet
686 562 719 620 in
739 560 887 622 Ecclesia
910 561 1085 622 lectionem
1102 562 1258 640 recitare,

128 645 351 789 neclalleluya
368 644 493 724 dicere,
514 647 570 708 sed
587 646 745 731 psalmum
762 653 887 704 tantum
901 652 956 703 aut
974 645 1176 726 responsoria
1190 645 1258 708 siue

130 731 194 792 alle
212 750 283 812 uya.

431 835 480 896 De
504 834 670 904 stultorum
691 843 765 892 noto
792 829 955 896 solvendo..

215 939 340 1007 CXIII.
383 941 542 1024 Episcopo
559 941 637 1002 licet
652 950 760 1001 votum
778 939 919 1016 solvere,
942 937 968 999 si
988 938 1068 998 vult.

251 1050 301 1107 De
320 1069 383 1108 non
400 1048 566 1132 prodendo
587 1049 606 1106 ὰ
624 1043 821 1126 Presbyteris
843 1049 960 1106 crimen
978 1045 1139 1129 Episcopi.

136 1179 138 1186 ¹
215 1152 336 1216 CXIV.
377 1154 567 1236 Presbytero
586 1174 651 1214 non
668 1154 746 1216 licet
758 1164 925 1237 peccatam
938 1152 1091 1236 Episcopi
1109 1154 1259 1235 prodere,

128 1237 209 1318 quia
235 1257 422 1318 supereum
440 1247 496 1302 est.

380 1344 428 1402 De
447 1341 647 1424 parochianis
668 1341 796 1400 alterius
817 1341 1008 1417 Presbyteri.

216 1444 319 1511 CXV.
362 1453 405 1510 Ut
425 1446 535 1507 nullus
554 1446 725 1528 Presbyter
751 1448 883 1508 alterius
915 1447 1162 1529 parochianum,
1196 1447 1260 1509 nisi

131 1533 167 1591 in
183 1531 299 1592 itinere
317 1532 432 1608 fuerit,
455 1550 515 1589 neo
534 1529 688 1590 decimam
705 1529 745 1589 ud
758 1530 895 1591 alterum
910 1531 1129 1613 pertinentem
1143 1531 1261 1592 audeat

131 1615 290 1696 recipere.

275 1697 324 1755 De
347 1717 455 1754 manus
477 1695 673 1776 impositione
695 1705 724 1752 et
745 1693 933 1754 resolutione
954 1696 1113 1755 canonica.

219 1799 339 1863 CXVI.
384 1803 426 1860 Ut
447 1821 540 1859 nemo
556 1799 762 1858 sacerdotum
779 1799 892 1880 populi
914 1799 973 1860 sibi
1002 1809 1131 1883 peccata
1157 1802 1259 1864 confi-

132 1883 271 1944 tentium
289 1885 358 1944 sine
378 1882 566 1943 anctoritate
583 1881 750 1938 Canonum
767 1881 908 1942 iudicare
931 1894 1119 1963 praesumat,
1161 1885 1203 1944 Et
1225 1893 1261 1944 ut

132 1966 266 2046 quando
287 1965 464 2047 unicuique
484 1962 653 2043 quisquam
672 1963 825 2022 Sacerdos
850 1962 910 2023 sibi
934 1965 1054 2025 scelera
1084 1989 1140 2026 sua
1163 1967 1261 2026 confi-

132 2047 216 2106 tenti
232 2048 320 2106 iuxta
339 2047 537 2129 praedictum
561 2044 750 2102 canonicum
781 2045 910 2104 modum
937 2049 1167 2127 poenitentiam
1200 2049 1260 2107 tri-

133 2129 277 2204 buit„si
297 2151 417 2190 comam
434 2127 590 2188 dimiserit
609 2136 665 2184 aut
691 2125 835 2187 habitum
863 2129 1057 2206 mutaverit,
1088 2153 1200 2192 manus
1228 2129 1260 2190 ei

133 2211 315 2271 secundum
336 2212 522 2270 canonicam
550 2207 771 2268 auctoritatem
796 2211 936 2291 imponat
964 2233 1037 2270 cum
1064 2212 1260 2274 orationibus

132 2314 220 2371 quae
238 2293 270 2350 in
288 2293 537 2353 sacramentario
560 2291 599 2349 ad
624 2291 759 2350 dandam
782 2293 1015 2373 poenitentiam
1037 2296 1256 2360 continentur.

136 2375 172 2434 Si
191 2396 268 2434 vero
289 2375 413 2434 occulte
436 2386 468 2435 et
483 2381 594 2456 sponte
617 2373 781 2432 confessus
801 2374 917 2450 fuerit,
942 2375 1067 2434 occulte
1091 2377 1194 2440 faciat.
1217 2379 1259 2437 Et

134 2455 163 2516 si
180 2457 309 2537 publice
324 2479 359 2516 ac
382 2452 547 2516 manifeste
565 2454 730 2514 convictus
743 2464 796 2514 aut
812 2458 975 2516 confessus
993 2457 1109 2530 fuerit,
1130 2459 1260 2540 publice

131 2559 172 2597 ac
191 2538 357 2598 manifeste
377 2539 450 2615 fiat,
473 2549 504 2598 et
524 2537 652 2618 publice
681 2559 788 2597 coram
812 2538 955 2598 Ecclesia
978 2539 1066 2599 iuxta
1089 2541 1261 2600 canonicos

134 2619 298 2700 poeniteat
321 2622 444 2700 gradus.
485 2621 561 2680 Post
585 2629 742 2699 peractam
773 2639 849 2678 vcro
871 2621 1052 2679 secundum
1074 2621 1261 2681 canonicam

133 2701 372 2761 institutionem
389 2701 617 2784 poenitentiam
632 2703 756 2761 occulte
774 2701 822 2761 vel
845 2703 1025 2778 manifeste,
1039 2702 1193 2762 canonice
1212 2725 1262 2764 re-

134 2782 350 2860 concilietur,
374 2792 405 2844 et
421 2805 533 2843 manus
549 2782 579 2844 ei
603 2782 885 2842 cumorationibus
915 2805 996 2863 quae
1026 2785 1059 2843 in
1086 2805 1263 2846 sacramen·

133 2864 218 2924 tario
234 2864 272 2922 ad
287 2866 563 2926 reconciliandum
577 2869 795 2948 poenitentem
820 2865 1038 2943 continentur,
1063 2866 1274 2948 imponatur,

138 2957 175 3006 ut
189 2945 307 3005 divinis
324 2949 472 3027 precibus
494 2958 524 3007 et
538 2947 793 3008 miserationibus
814 2947 976 3006 absolutus
995 2947 1091 3008 asnis
1105 2949 1260 3011 facinori-

134 3028 195 3086 bus
220 3047 286 3086 esse
311 3039 484 3088 mereatur:
512 3029 664 3110 quoniam
693 3028 761 3088 sine
794 3050 905 3087 manus
935 3028 1138 3109 impositione
1166 3052 1261 3094 nemo

134 3108 311 3168 absolvitur
330 3110 454 3190 ligatus.
495 3113 536 3170 Et
552 3111 625 3170 ideo
639 3109 795 3170 Dominus
814 3119 845 3170 et
861 3109 1010 3192 Magister
1033 3121 1141 3171 noster
1168 3113 1263 3176 disci-

136 3191 223 3272 pulis
243 3190 308 3250 suis
332 3195 367 3252 ac
386 3193 617 3254 successoribus
643 3213 754 3251 eorum
776 3191 896 3273 ligandi
931 3213 965 3250 ac
991 3193 1139 3254 solvendi
1173 3196 1262 3258 dedit

133 3280 341 3352 potestatem,
365 3285 400 3333 ut
418 3286 599 3354 peccatores
615 3273 737 3355 ligandi
754 3273 891 3333 habeant
909 3283 1114 3356 potestatem,
1138 3285 1169 3336 et
1188 3301 1263 3358 poe·

139 3352 306 3412 nite-otiam
326 3351 483 3436 condigne
502 3366 628 3436 agentes
648 3355 792 3432 absolvi,
814 3365 908 3436 atque
934 3367 1063 3434 peccata
1085 3379 1158 3417 cum
1182 3361 1262 3422 divi-

133 3455 175 3492 na
190 3434 394 3497 invoca-tione
416 3438 531 3498 dimitti
547 3446 675 3518 queant.
716 3437 919 3498 Necmirum
937 3439 1009 3504 boc.
1051 3439 1135 3518 Quia
1154 3441 1179 3501 si
1206 3443 1263 3506 ho·

133 3517 236 3576 mines
251 3516 315 3576 suis
330 3520 431 3580 servis
446 3521 521 3580 dant
541 3528 725 3599 potestatem
740 3519 778 3578 de
797 3521 932 3581 subditis
948 3521 1067 3602 ligandi
1090 3533 1122 3580 et
1134 3525 1263 3585 solven-

132 3598 186 3673 di,
208 3598 259 3656 vel
274 3602 416 3662 nocendi
436 3611 467 3661 et
486 3601 655 3662 adiuvandi
674 3600 761 3678 apud
775 3623 825 3677 se,
848 3613 969 3684 quanto
996 3605 1092 3683 magis
1113 3604 1262 3666 dominus

134 3679 278 3738 omnium
291 3679 455 3742 bominum
469 3683 550 3743 banc
568 3683 756 3764 potestative
772 3694 957 3762 potestatem
967 3685 1158 3765 Praepositis
1173 3711 1261 3747 sanc-

134 3765 184 3820 tae
204 3762 366 3822 Ecclesiae
387 3765 492 3842 dedit,
517 3766 643 3826 dicens:
663 3765 803 3834 Accipite
821 3767 978 3850 Spiritum
993 3779 1142 3826 sarnetum.
1175 3769 1258 3850 Qico·

132 3863 203 3900 rum
229 3845 411 3904 remiseritis
430 3859 583 3928 peceato,
605 3849 808 3906 remittuntur
828 3851 891 3918 eis;
912 3863 943 3909 et
967 3867 1099 3928 quorum
1121 3853 1261 3910 retinue-

133 3924 204 3982 ritis
213 3967 226 3994 ,
245 3937 368 3984 retenta
383 3942 482 3987 erunt.
525 3930 566 3988 Et
584 3927 718 4009 reliqua.

305 4034 354 4092 De
365 4037 542 4116 poenitente
564 4037 649 4094 cuins
666 4035 782 4093 crimen
798 4035 1012 4116 pervulgatum
1028 4049 1084 4101 est.
1123 4105 1125 4116 1

217 4135 355 4214 CXVII.
397 4141 434 4198 ln
453 4141 600 4202 Concilio
622 4135 866 4220 Carthaginensi
890 4141 928 4200 de
951 4143 1062 4204 eadem
1086 4163 1120 4201 rc
1140 4143 1261 4224 praeci·

134 4218 239 4300 pitur,
263 4229 299 4280 ut
316 4219 341 4282 si
354 4221 544 4305 cuiusquam
559 4222 757 4309 poenitentis
771 4221 938 4304 publicum
960 4234 992 4284 et
1010 4223 1263 4306 vulgatissimum
