2948 4990
214 343 289 418 634
638 363 926 438 cantanensium

213 495 514 600 lentirr'antequam
530 509 606 569 illae
627 510 747 594 eligere
771 514 873 576 sciant
891 503 971 598 quid
993 516 1112 590 velint,
1134 510 1218 573 salva
1243 531 1341 572 eano-

214 605 287 647 nica
312 589 510 657 auctoritate.
551 591 762 678 lbid.c.109.

307 696 366 755 .De
386 696 515 769 Laicis,
552 711 587 758 ut
613 721 676 760 non
700 703 762 764 sint
783 704 965 787 Praepositi
989 703 1230 765 Monacborum.

294 797 456 864 CCLXV.
498 806 542 865 Ut
556 805 630 867 laici
650 830 715 869 non
734 809 801 872 siut
819 808 990 892 praepositi
1007 807 1240 869 Monachorum
1257 806 1341 867 infra

212 885 458 963 monasterium,
481 907 542 949 nec
562 887 790 953 Archidiaconi
807 894 873 954 sint
887 892 972 954 laici.
1006 890 1091 954 Ibid.
1107 912 1133 955 c.
1153 909 1220 950 110.

454 987 495 1054 Ut
516 995 686 1056 incestuosi
709 1000 855 1060 canonice
878 999 1106 1058 examinentur.

294 1095 471 1160 CCLXVI.
516 1101 564 1160 De
592 1101 802 1182 incestuosis,
841 1113 877 1163 nt
915 1103 1069 1164 canonice
1100 1102 1342 1179 examinentur,

211 1201 272 1240 nec
289 1190 419 1262 propter
440 1179 578 1244 alicuius
606 1183 778 1247 amicitiam
813 1185 944 1269 quidam
972 1186 1179 1264 relaxentur,
1210 1186 1343 1268 quidam

222 1263 494 1345 constringantur.
536 1266 620 1331 Jbid.
634 1289 660 1328 c.
678 1290 743 1336 ιιι,

356 1369 404 1428 De
426 1370 474 1428 bis
497 1371 552 1452 qui
575 1392 635 1456 per
664 1373 797 1455 aliquod
826 1374 926 1436 scelus
948 1373 1079 1436 rebelles
1093 1371 1193 1456 fiunt.

295 1473 491 1538 CCLXVll.
535 1481 577 1538 Ut
596 1479 666 1562 paci
696 1481 989 1550 omnesstutleant3
1014 1491 1045 1540 et
1066 1479 1122 1562 qui
1143 1502 1201 1564 pro
1230 1482 1345 1567 aliquo

212 1559 336 1620 scelere
354 1558 415 1643 sihi
434 1559 572 1622 rebelles
588 1572 679 1640 sunt,
702 1563 972 1645 constringantur.
1013 1563 1078 1628 ΙΙΙ.
1104 1583 1127 1628 1.

251 1675 299 1734 De
316 1677 444 1735 iustitiis
462 1675 675 1739 Ecclesiarum
694 1681 769 1820 Dpp,
787 1680 1010 1763 orphanorum,
1030 1679 1238 1762 pupillorum,
1265 1704 1302 1744 ac

690 1784 723 1821 vt
751 1782 875 1826 aarum.

294 1861 510 1932 CCLXVlll.
554 1867 696 1928 Iustitiae
718 1865 937 1928 Ecclesiamm
959 1865 1040 1942 Dei,
1068 1864 1260 1945 viduarum,
1293 1888 1344 1928 or-

211 1947 408 2030 phanorum,
432 1957 465 2007 et
479 1949 696 2031 pupillorum,
718 1959 749 2010 et
765 1949 797 2007 in
812 1949 950 2031 puhlicis
968 1947 1095 2010 iudiciis
1120 1970 1185 2009 uon
1206 1948 1346 2032 despici-

152 2055 155 2068 *
213 2040 309 2089 antur
325 2030 517 2109 clamantes,
540 2033 596 2093 sed
610 2033 784 2115 diligenter
801 2031 983 2097 audiantur.
1024 2035 1138 2093 III-a.

585 2139 634 2197 De
656 2139 786 2198 iustitiis
806 2137 972 2215 regalibus.

212 2327 274 2386 HI
295 2239 475 2386 (32CIXlX.
516 2246 559 2303 Ut
582 2242 722 2306 iustitiae
738 2244 862 2325 regales
888 2242 1032 2326 pleniter
1056 2242 1228 2326 inquisitae
1254 2245 1341 2306 fiant.

436 2433 484 2490 De
505 2431 596 2513 same
612 2431 666 2492 vel
683 2434 814 2493 caeteris
840 2433 1101 2496 tribulationibus.

296 2535 457 2600 CCLXX.
501 2537 534 2598 Si
552 2537 678 2598 venerit
690 2539 808 2616 fames,
830 2539 957 2617 clades,
979 2549 1033 2599 aut
1053 2537 1266 2620 inaequalitas
1283 2561 1338 2602 ae-

208 2621 269 2696 ris,
292 2621 344 2682 rel
366 2620 598 2700 qualiscunque
617 2621 799 2692 tribulatio,
824 2643 888 2681 non
906 2631 1095 2704 expectetur
1116 2622 1257 2682 edietum
1279 2623 1338 2682 do-

210 2703 386 2777 minicum,
410 2703 466 2763 sed
479 2703 584 2764 statim
601 2704 792 2784 deprecetur
807 2703 870 2764 Dei
889 2703 1117 2767 misericordia.
1139 2705 1180 2763 Et
1201 2704 1234 2762 in
1250 2725 1341 2784 prae-

209 2786 293 2844 senti
317 2807 401 2845 anno
417 2785 456 2845 de
475 2785 565 2846 famis
583 2786 709 2866 inopia,
732 2796 769 2847 ut
788 2786 1010 2868 unusquisque
1028 2786 1158 2846 adiuret
1170 2795 1267 2868 prout
1285 2807 1341 2868 po-

208 2876 289 2944 test,
312 2877 348 2926 ut
366 2890 459 2927 nemo
474 2891 561 2929 snam
576 2890 737 2928 annonam
759 2869 852 2929 nimis
869 2890 942 2930 care
960 2867 1086 2928 vendat.
1128 2868 1171 2927 Et
1193 2889 1235 2927 ne
1256 2867 1337 2928 foris

212 2949 382 3034 imperinm
398 2961 540 3012 nostrum
556 2953 718 3012 vendatur
732 2950 864 3034 aliquod
889 2950 1087 3010 alimonium.
1133 2948 1171 3013 V.
1187 2949 1257 3026 246.

426 3065 467 3127 Ut
499 3089 587 3126 arma
614 3063 701 3146 infra
724 3067 862 3148 patriam
884 3087 948 3126 non
961 3075 1138 3150 portentur.

292 3170 458 3230 CCLXXI.
499 3173 547 3231 De
569 3170 663 3232 armis
681 3170 766 3229 infra
779 3170 912 3252 patriam
930 3189 995 3229 non
1010 3169 1196 3250 portandis,
1218 3169 1251 3230 id
1268 3179 1335 3247 est,

208 3252 326 3329 scutis,
349 3263 381 3313 et
399 3254 538 3328 lanceis,
562 3253 615 3315 vel
628 3252 748 3317 loricis.
792 3253 825 3314 Si
845 3253 986 3313 faidosus
1001 3251 1074 3334 quis
1099 3252 1155 3330 sit,
1179 3249 1335 3311 discutia-

206 3343 261 3396 tur
275 3344 352 3395 tunc
369 3335 440 3416 quis
457 3358 473 3397 e
492 3337 616 3396 duobus
635 3335 814 3396 contrarius
832 3335 888 3406 sit3
913 3343 995 3396 etat
1017 3334 1120 3414 pacati
1147 3333 1228 3410 sint,
1251 3355 1333 3393 eon-

177 3452 178 3456 *
207 3417 405 3499 stringantur
422 3419 462 3478 ad
480 3440 609 3500 pacem,
632 3418 754 3478 etiamsi
773 3417 949 3477 noluerint.
990 3417 1031 3476 Et
1055 3416 1081 3476 si
1107 3416 1201 3475 aliter
1219 3415 1335 3498 pacifi-

208 3500 274 3559 cari
303 3501 439 3576 nolunt,
461 3501 662 3560 adducantur
679 3501 713 3559 in
731 3509 871 3560 nostram
898 3496 1117 3580 praesentiam.
1159 3500 1202 3558 Et
1222 3498 1249 3558 si
1272 3499 1332 3557 ali-

206 3582 279 3662 quis
293 3593 364 3663 post
382 3582 638 3663 pacificationem
657 3583 793 3641 alterum
813 3580 984 3656 occiderit,
1017 3590 1187 3661 componat
1216 3578 1333 3660 illum,

206 3673 238 3724 et
258 3687 386 3724 manum
402 3687 497 3746 quam
516 3665 731 3745 periuraverit
745 3665 862 3745 absque
882 3663 949 3723 ulla
965 3662 1187 3744 redemptione
1206 3662 1332 3742 perdat,

206 3755 239 3805 et
262 3747 393 3828 insuper
424 3749 565 3808 bannum
593 3747 789 3807 dominicum
819 3749 927 3806 solvat.
956 3745 1011 3805 'Et
1036 3754 1072 3803 ut
1096 3743 1182 3804 servi
1203 3745 1333 3804 lanceas

205 3850 271 3888 non
286 3838 426 3912 portent.
468 3828 532 3905 Qui
548 3829 698 3888 inventus
725 3828 824 3888 suerit
845 3837 916 3912 post
943 3825 1104 3901 bannum,
1132 3826 1220 3886 hasta
1241 3826 1333 3884 fran-

206 3921 298 3993 gatur
320 3914 352 3973 in
370 3915 464 3973 dorso
480 3911 562 3972 eins.
611 3910 648 3970 V.
675 3911 744 3991 247.

291 4029 333 4090 Ut
356 4029 456 4090 omnis
478 4029 569 4087 bomo
592 4025 631 4084 de
650 4025 818 4086 detodecim
836 4025 952 4084 mansis
969 4023 1114 4084 bruniam
1130 4020 1251 4080 babeat.

286 4134 470 4198 CCLXXII.
511 4135 560 4194 De
577 4114 732 4192 armatura
749 4131 782 4189 in
800 4130 965 4205 exercitu,
988 4128 1070 4189 sient
1091 4135 1184 4186 antea
1209 4125 1242 4184 in
1265 4125 1332 4186 alio

203 4217 381 4300 Capitnlari
403 4215 641 4290 mandavimus,
664 4214 707 4274 ita
722 4221 878 4276 servetur.
918 4212 961 4273 Et
984 4211 1117 4292 insuper
1141 4207 1245 4270 omnis
1270 4207 1331 4269 ho-

204 4321 257 4361 mo
277 4301 316 4362 de
334 4299 503 4362 duodecim
517 4298 633 4360 mansis
651 4296 800 4358 bruniam
819 4294 942 4356 habeat.
986 4292 1051 4372 Qui
1074 4313 1152 4355 vero
1180 4291 1331 4352 bruniam
1440 4347 1443 4355 .
