2926 4986
530 287 646 376 usna
672 255 875 345 'suranus
1135 261 1138 268 “
1183 263 1261 374 Ι,693

423 426 476 492 De
514 428 726 514 satisfactione
758 427 976 511 paenitentiae.

222 526 306 595 XX..
338 527 516 595 satisfactio
531 535 749 618 poeniteutiae
765 555 831 595 uon
852 541 901 596 est
922 540 987 594 tam
1009 530 1163 616 temporis
1186 532 1260 592 lou·

137 608 313 698 gltudlue,
333 631 430 694 quam
448 617 553 678 cordis
569 617 837 698 compunctione,
855 613 1028 698 pensanda.

471 721 520 780 De
544 742 689 782 mensura
702 721 925 804 poenitentiae.

221 819 316 888 XXI.
355 822 512 906 Tempora
531 825 753 910 poenitudinis
763 870 773 903 ,
794 824 903 886 habita
919 823 1149 905 moderatione,
1164 824 1260 908 Epis·

136 906 211 987 eopi
236 904 366 967 arbitrio
387 918 462 968 sunt
482 909 728 984 constituenda,
766 917 862 989 prout
892 909 1112 989 inspectorum
1137 908 1259 968 animos

134 987 256 1050 viderit
275 1008 346 1048 esse
362 987 512 1062 devotos;
534 990 656 1073 pariter
680 989 775 1050 etiam
789 989 941 1050 habentes
957 989 1067 1050 aetatis
1080 989 1190 1050 senilis
1206 988 1259 1046 iu-

133 1070 268 1146 tuitum,
291 1078 324 1129 et
341 1071 560 1151 periculorum
580 1091 782 1154 quorumque
800 1082 853 1132 aut
868 1070 1104 1155 aegritudinum
1122 1070 1258 1154 respici*

132 1161 225 1216 entes
242 1152 455 1221 necessitates.
500 1154 539 1216 V.
561 1156 626 1220 155.

358 1243 434 1320 'De
461 1259 615 1320 malorum
644 1257 844 1321 ordinatione
864 1251 1008 1342 uitanda,

213 1359 326 1426 XXII.
364 1363 429 1442 Qui
453 1365 533 1426 tales
554 1364 682 1426 ordinat
699 1363 887 1426 Sacerdotes
912 1363 1022 1443 quales
1041 1383 1108 1426 esse
1128 1362 1257 1424 nonde-

132 1442 231 1524 nent,
257 1466 322 1506 non
342 1446 463 1507 esthoc
479 1448 647 1508 consulere
663 1447 808 1529 populis,
835 1444 892 1506 sed
908 1443 1043 1520 nocere,
1071 1463 1132 1506 uec
1159 1455 1254 1528 prae-

130 1535 217 1590 stare
233 1527 399 1610 regimen,
420 1529 477 1590 sed
495 1551 611 1612 augere
631 1528 813 1591 discrimen.

351 1633 401 1693 De
420 1632 587 1718 Episcopis
610 1635 667 1716 qui
678 1635 804 1706 inutiles
819 1630 1044 1693 ordinaverinn

214 1735 343 1799 XXIII.
385 1739 450 1815 Qui
469 1738 503 1798 iu
525 1739 711 1799 ordinandis
733 1737 955 1798 Sacerdotibus
982 1744 1162 1798 sanctorum
1190 1736 1252 1796 Pa·

127 1825 216 1879 trum
226 1829 340 1881 statuta
354 1821 586 1902 neglexerunt,
596 1831 628 1882 et
644 1840 723 1901 quos
739 1822 877 1881 refutare
897 1818 1089 1895 debuerunt,
1101 1819 1116 1846 *
1133 1825 1248 1877 couse—

133 1910 275 1966 manunt.
316 1901 408 1962 Unde
429 1903 454 1964 si
477 1904 533 1984 qui
553 1903 703 1984 Episcopi
724 1903 820 1962 talem
848 1900 1069 1961 ordinaverint
1094 1899 1250 1960 Sacerdo-

134 1989 200 2042 tem
218 1983 345 2062 qualem
358 2004 423 2058 esse
440 2007 503 2044 non
529 1984 643 2061 liceat,
679 1984 801 2044 etiamsi
834 1982 944 2062 aliquo
974 1982 1067 2042 modo
1099 1981 1251 2040 damnum

129 2065 253 2206 proprii
267 2064 400 2125 honoris
415 2067 591 2142 evaserint,
613 2065 822 2126 ordinationis
837 2073 940 2123 tamen
956 2063 1019 2124 vim
1035 2061 1171 2122 ulterius
1185 2065 1253 2120 nou'

155 2144 311 2222 ahesani,
336 2168 395 2208 nce
418 2148 447 2208 ei
474 2157 670 2208 sacramento
703 2167 845 2230 unquam
874 2144 1059 2206 intererunt
1080 2142 1167 2225 quod
1196 2162 1251 2204 ne·

129 2226 236 2310 gleeto
253 2227 373 2290 iudicio
390 2231 626 2312 praestiterunt.

362 2335 411 2394 De
430 2336 578 2396 cauendis
597 2334 724 2396 inlicitis
743 2330 1003 2395 ordinationibus.

210 2435 336 2503 XXIV.
376 2439 426 2500 Ab
443 2440 575 2502 inlicitis
597 2437 852 2514 ordinationibus
873 2446 921 2498 est
935 2434 1168 2498 abstinendum.
1206 2435 1249 2498 Et

124 2519 153 2581 si
167 2542 247 2602 quae
262 2523 363 2583 factae
384 2532 459 2582 sunt
473 2523 689 2583 ordina-tiones
708 2520 870 2595 inlicitae,
892 2527 1132 2579 removeantur.
1180 2518 1245 2580 Nee

124 2611 249 2662 tantum
265 2614 412 2684 putemus
432 2606 602 2686 petitiones
621 2599 728 2665 'valere
746 2603 957 2682 populorum,
979 2609 1014 2658 ut
1030 2620 1102 2658 cum
1120 2598 1169 2658 his
1188 2620 1244 2679 pa-

123 2704 196 2746 rere
213 2686 377 2768 cupimus,
400 2696 509 2747 contra
522 2689 717 2748 voluntatem
733 2683 863 2746 Domini
878 2682 939 2744 Dei
954 2681 1065 2759 nostri,
1087 2697 1168 2763 quae
1188 2701 1244 2740 uos

122 2787 256 2850 peccare
275 2768 444 2851 prohibet,
466 2768 590 2850 aliquid
605 2789 740 2849 agamus.

400 2874 449 2933 De
467 2874 670 2956 rebaptizatis
690 2891 752 2932 non
768 2867 966 2931 ordinandis.

205 2974 312 3038 XXV.
354 2975 423 3039 Nou
444 2987 491 3039 est
505 2976 758 3060 permittendum
782 2983 818 3034 ut
839 2971 1025 3058 rebaptizati
1047 2972 1087 3031 ad
1114 2971 1244 3032 clerica·

123 3067 174 3118 tus
193 3059 324 3140 gradum
338 3069 592 3141 promoveantur.
637 3058 676 3122 V.
697 3060 762 3122 131.

106 3159 110 3167 ⁸
127 3160 173 3224 Ut·
184 3167 238 3246 qui
252 3165 534 3225 excommunicatus
546 3162 612 3223 sine
625 3163 753 3222 licentia
765 3162 1052 3232 eonimnnieauerit,
1069 3161 1242 3226 damnetur.

97 3289 98 3292 ’
204 3268 329 3333 XXVI.
372 3267 405 3329 si
422 3270 491 3350 quis
508 3267 798 3330 excommunicatus
816 3266 918 3326 fuerit
930 3289 988 3348 pro
1004 3288 1061 3326 suo
1079 3270 1239 3349 neglectu,

121 3359 154 3412 et
171 3359 313 3432 tempore
332 3351 669 3412 excommunicationis
690 3360 761 3411 autc
789 3350 982 3409 audientiam
1004 3352 1255 3410 communicare·

118 3435 379 3576 praesumpsppitg
401 3434 468 3516 ipse
488 3432 523 3492 in
540 3453 573 3495 se
592 3431 802 3494 damnationis
815 3431 976 3492 iudicetur
988 3431 1157 3513 protulisse
1171 3451 1241 3492 sen-

118 3524 261 3576 teutiam.
335 3559 342 3575 .
380 3537 408 3576 o.

357 3623 406 3681 De
423 3642 486 3684 non
509 3619 683 3682 vendendis
708 3621 798 3682 rebus
819 3617 1006 3684 Ecclesiae.¹

200 3723 341 3792 XXVII.
382 3725 507 3788 Placuit
528 3734 562 3786 ut
580 3724 761 3810 Preinyteri
783 3747 847 3786 non
865 3725 1007 3785 vendant
1032 3747 1100 3786 rem
1122 3725 1237 3786 Eccle-

117 3806 182 3868 siae
199 3806 253 3866 ubi
270 3817 344 3870 sunt
356 3808 543 3886 constituti,
566 3807 782 3868 nescientibus
798 3807 963 3890 Episcopis
981 3809 1054 3868 suis.
1087 3807 1126 3870 V.
1146 3809 1194 3866 δι.

152 3903 202 3973 ’ΠΖ
218 3917 330 3998 absque
350 3914 632 3998 licentanEpiscopi
649 3914 694 3974 ad
710 3915 848 4054 pp'rgines
863 3916 917 3974 uel
937 3911 1050 3975 viduas
1075 3912 1192 3973 Clerici

565 4017 627 4056 non
640 4009 710 4056 acce
737 4009 799 4060 ant.

141 4171 144 4178 ¹
195 4100 358 4164 XXVIII.
400 4100 519 4164 Clerici
535 4087 587 4162 vel
611 4103 812 4162 continentes
827 4100 866 4162 ad
885 4100 994 4162 viduas
1010 4101 1062 4162 vel
1080 4099 1234 4178 virgines,

113 4184 231 4248 nisiex
249 4185 337 4249 iussu
358 4186 589 4271 Episcoporum
603 4184 657 4248 vel
677 4184 941 4270 Presbyterorum
952 4229 960 4262 ,
984 4205 1049 4246 non
1072 4183 1244 4254 accedant„
