2948 4990
549 339 562 362 .·
584 309 697 371 uses
716 304 869 376 sextus.
895 263 896 274 Ν
1199 285 1270 360 669

142 464 178 516 ta
199 452 260 526 sits
279 461 314 518 et
335 454 471 533 iterum,
490 445 520 534 si
539 451 712 516 necessitas
726 459 818 533 cogat
836 458 868 510 et
887 445 1042 530 Princeps
1055 441 1173 539 iubeat,
1194 467 1270 529 pre-

144 537 268 600 carium
290 546 485 614 renovetur,
509 544 542 598 et
558 535 753 598 rescribatur
775 554 902 596 novum.
925 531 993 590 Hoc
1011 543 1141 590 omnmo
1161 528 1272 590 obser·

143 628 261 695 vetur,
285 627 321 678 ut
344 618 508 680 Ecclesiae
527 616 580 679 vel
597 615 787 678 monasteria
803 611 971 696 penuriam
999 620 1031 672 et
1052 621 1271 692 paupertatem

143 723 211 762 non
230 700 407 784 patiantur,
430 722 568 782 quorum
586 699 724 784 pecunia
741 698 774 757 in
794 694 937 778 precario
951 701 1109 778 praestata
1136 693 1192 769 sit,
1215 695 1272 756 secl

142 784 169 846 si
189 791 356 865 paupertas
374 792 482 863 cogat,
503 783 667 846 Ecclesiae
686 793 724 844 ut
748 779 857 841 domui
879 777 941 840 Dei
967 775 1121 838 reddatur
1147 775 1273 860 integra

142 865 309 950 possessio.
354 864 393 931 V.
412 867 466 926 bs
602 883 605 890 “
666 885 670 892 ·
858 883 861 890 ·

171 971 214 1033 Ut
238 969 454 1032 Ecclesiarum
478 971 657 1056 privilegia,
682 967 943 1050 uelsacultatem,
965 965 1192 1049 siuequicquid
1210 964 1255 1025 ad

318 1051 442 1112 casdem
456 1054 594 1137 pertinet
611 1053 715 1113 nullus
732 1049 883 1111 inuadere
903 1061 1093 1133 praesumat.

228 1158 455 1222 ccccxxvi
496 1158 714 1241 Praecipimus
738 1155 884 1218 omnihus
909 1154 1023 1216 ditioni
1050 1164 1175 1216 nostrae
1197 1155 1273 1216 sub-

143 1241 397 1305 iectisutnullus
410 1239 804 1323 privilegiaEcclesiarum
813 1239 864 1300 vel
874 1237 1139 1299 monasteriorum
1151 1239 1272 1297 infran-

145 1345 238 1408 gere,
260 1343 377 1403 resque
397 1321 615 1382 Ecclesiarum
635 1323 804 1398 invadere,
825 1321 880 1382 vel
893 1331 1031 1397 vastare,
1054 1321 1273 1396 autalienarc,

144 1408 199 1470 vel
224 1406 391 1465 facultates
413 1425 524 1465 earum
553 1406 692 1488 diripere
718 1413 914 1486 praesumat,
939 1423 999 1464 nec
1028 1403 1097 1464 sine
1130 1403 1274 1484 precaria

142 1489 309 1573 possidere
334 1495 514 1568 pertentet;
544 1488 637 1570 quia,
665 1486 784 1548 staura
810 1485 1102 1548 sauctis'Patribus
1125 1483 1274 1545 instructi

147 1591 275 1644 sumus,
299 1568 519 1652 gravissimum
536 1579 702 1652 peecatum
726 1569 788 1630 hoc
813 1590 879 1630 esse
903 1567 1102 1645 dinoscitur,
1136 1576 1273 1628 testante

144 1675 234 1714 sacra
252 1651 436 1732 Scriptura,
458 1673 542 1734 quae
559 1654 620 1713 ait:
646 1654 709 1734 Qui
727 1651 892 1720 abstulerit
910 1649 1034 1733 aliquid
1046 1652 1133 1732 patri
1151 1651 1199 1710 uel
1212 1672 1275 1709 ma-

97 1775 101 1778 -
144 1737 209 1808 tri,
232 1746 262 1794 et
280 1731 431 1792 clicitboc
462 1754 525 1794 aon
548 1756 612 1794 esse
638 1748 818 1817 peccatum,
850 1731 1014 1794 bonricidii
1036 1734 1194 1816 particeps
1219 1743 1275 1792 cst.

145 1819 243 1878 Pater
260 1824 367 1876 noster
390 1817 458 1876 sine
478 1815 575 1876 dubio
589 1819 676 1878 Deus
693 1826 758 1894 est,
780 1815 838 1897 qui
853 1837 909 1876 nos
922 1815 1059 1876 creavit:
1081 1825 1182 1875 mater
1197 1835 1274 1874 nos-

145 1909 196 1958 tra
220 1897 381 1973 Ecclesia,
414 1919 496 1976 quae
529 1917 585 1959 nos
611 1898 643 1957 in
670 1899 823 1980 baptismo
846 1893 1031 1979 spiritaliter
1061 1896 1274 1979 regeneravit.

144 1982 231 2062 Ergo
249 1981 304 2062 qui
323 1977 442 2040 Christi
462 1979 615 2061 pecunias
637 1981 800 2041 Ecclesiae
818 1981 960 2056 fraudat,
996 1980 1050 2042 vel
1075 1982 1176 2061 rapit,
1208 1979 1273 2038 sire

147 2072 265 2140 uastat,
288 2062 339 2122 vel
361 2062 496 2139 alienat,
526 2061 686 2135 homicida
716 2073 788 2122 ante
822 2072 1027 2144 conspectum
1053 2062 1127 2122 iusti
1155 2062 1273 2122 Iudicis

146 2166 216 2206 esse
235 2143 447 2226 deputabitur.
489 2145 536 2206 De
562 2167 626 2226 quo
650 2145 779 2226 quidam
795 2145 986 2226 sapientium
1007 2143 1102 2208 dicit:
1134 2147 1196 2228 Qui
1219 2165 1273 2202 ra-

142 2229 194 2309 pit
205 2228 367 2308 pecuniam
380 2229 525 2310 proximi
532 2230 582 2286 sui
580 2273 592 2299 ,
604 2229 799 2310 iniquitatem
802 2228 896 2308 sacit.
920 2228 983 2309 Qui
996 2239 1096 2286 autem
1107 2229 1273 2307 pecuniam

146 2307 307 2368 Ecclesiae
331 2309 514 2386 abstulerit,
536 2311 731 2388 sacrilegiam
739 2309 833 2390 sacit.
867 2309 1002 2391 Capitul.
1019 2309 1161 2372 l.a.805.
1173 2310 1238 2371 αὖ.

153 2413 196 2476 Ut
216 2435 312 2495 aeque
334 2414 405 2474 Rex
422 2435 519 2495 neque
535 2416 719 2475 secularium
733 2417 896 2498 quisquam
909 2416 1041 2498 pervim
1055 2412 1272 2496 praedia'Ec-

189 2498 354 2558 clcsz'arum
375 2498 491 2580 rapiat,
514 2517 591 2578 quae
617 2495 780 2580 Episcopi,
803 2497 950 2570 Allatas,
980 2497 1035 2557 uel
1049 2495 1231 2556 Abbatissae

560 2599 664 2658 regere
698 2579 858 2640 uideatur.

230 2681 490 2746 CCCCXXVll.
533 2683 712 2760 Omnibus,
736 2705 792 2746 nos
816 2683 899 2766 ipsos
929 2683 1143 2766 corrigentes,
1172 2693 1275 2764 poste-

145 2767 255 2845 risque
273 2767 388 2826 nostris
408 2767 590 2849 exemplum
609 2765 739 2842 dantes,
772 2766 967 2848 generaliter
990 2766 1211 2826 interdicimus
1240 2775 1275 2826 ut

146 2849 258 2908 nullus
273 2847 372 2909 laicus
388 2849 501 2923 homo,
523 2849 573 2908 vel
589 2849 763 2929 imperator
773 2893 782 2925 ,
805 2849 856 2909 vel
870 2850 956 2926 Rex,
979 2859 1034 2908 aut
1052 2849 1274 2931 aliquisPrac-

147 2933 306 2990 lectorum
329 2932 379 2991 vel
410 2931 588 3007 Comitum,
618 2930 754 2990 seculari
791 2939 945 3013 potestate
973 2932 1092 3008 fultus,
1125 2930 1185 2993 sihi
1214 2953 1274 3014 per

146 3011 334 3072 violentiam
353 3015 473 3094 rapiat,
496 3023 549 3072 aaut
568 3015 584 3072 t
604 3013 694 3072 nobis
720 3023 901 3095 competere
917 3013 968 3074 rel
987 3035 1183 3095 quocunque
1203 3036 1273 3072 mc-

148 3095 189 3156 do
205 3094 355 3156 invadere
374 3095 553 3176 praesumat
572 3095 797 3155 monasterium
812 3104 866 3153 aut
886 3095 1024 3177 praedia,
1046 3097 1097 3155 vel
1112 3119 1275 3177 quascun-

146 3197 211 3257 que
235 3197 306 3252 res‚
330 3177 369 3238 de
389 3185 544 3258 potestate
564 3177 716 3258 Episcopi
734 3179 788 3238 vel
808 3177 937 3238 Abbatis
952 3177 1220 3255 autAbhatissae,
1243 3187 1276 3238 ct

148 3257 283 3340 incipiat
301 3260 367 3340 ipse
386 3259 454 3319 vice
469 3260 597 3319 Abbatis
615 3281 727 3340 regere
754 3268 784 3318 et
799 3258 917 3320 babere
935 3260 992 3320 suh
1018 3282 1051 3322 se
1081 3261 1273 3337 MonacboS,

149 3350 181 3402 et
201 3343 370 3421 pecuniam
383 3342 545 3424 possidere
565 3363 645 3422 quae
669 3341 733 3400 suit
754 3341 872 3402 Christi
908 3342 1062 3424 sanguine
1088 3354 1275 3426 comparata.

147 3423 260 3486 Talem
282 3423 446 3485 hominem
465 3425 590 3506 antiqui
609 3426 717 3484 Patres
733 3423 938 3484 nominabant
958 3434 1116 3506 raptorem
1135 3436 1168 3486 et
1181 3426 1276 3488 sacri-

147 3504 277 3598 legum,
299 3505 492 3568 homicidam
512 3527 689 3590 pauperum
703 3513 736 3566 et
754 3507 865 3586 lupum
892 3507 1010 3568 diaboli
1038 3507 1211 3568 intrantem
1239 3509 1273 3566 in

147 3586 232 3646 ovile
253 3587 387 3662 Christi,
412 3595 445 3648 et
463 3589 599 3650 maxime
615 3587 823 3650 anathematis
842 3588 975 3650 vinculo
993 3589 1206 3652 damnandum
1222 3611 1276 3649 an·

147 3675 178 3727 te
196 3667 337 3729 tribunal
357 3669 488 3736 Christi.
509 3673 557 3731 De
576 3669 692 3731 talibus
708 3693 863 3733 memores
882 3682 979 3733 estote
996 3673 1170 3752 scripturae
1188 3693 1275 3734 sanc·

147 3748 173 3815 li
190 3751 283 3811 Pauli
307 3753 449 3834 Apostoli
472 3754 512 3814 acl
533 3753 738 3814 Timotheum
760 3752 913 3816 dicentis:
936 3755 1091 3814 Divitibus
1116 3756 1205 3812 buius
1230 3777 1275 3814 se·¹

148 3829 212 3889 culi
227 3834 372 3918 praecipe
389 3857 450 3894 non
474 3835 603 3898 sublime
625 3858 734 3918 sapere
743 3882 754 3908 ,
777 3857 873 3918 neque
892 3856 1018 3918 sperare
1037 3838 1069 3894 in
1086 3838 1206 3895 incerto
1226 3836 1287 3914 di·x

150 3911 313 3986 citiarum,
337 3917 396 3975 sed
416 3920 448 3976 ia
465 3919 555 3988 Dec,
578 3920 634 4001 qrci
642 3931 784 4002 praestat
801 3919 914 3982 onznia.
937 3919 1047 3994 Tales,
1070 3917 1094 3976 si
1111 3917 1273 3978 Ecclesiae

150 3995 381 4056 correctionem
400 4021 463 4059 non
484 4000 661 4081 rccipiunt,
685 3999 821 4067 ethnicis
841 4008 872 4060 et
886 3997 1064 4084 publicanis
1087 4009 1161 4058 sunt
1179 4000 1275 4080 ¹sirni-

148 4076 214 4151 les,
237 4078 353 4158 quibus
372 4102 432 4140 nec
453 4083 535 4144 vivis
549 4104 610 4143 nec
637 4082 770 4144 mortuis
798 4083 1012 4142 communicat
1036 4079 1182 4141 Ecclesia
1203 4083 1273 4145 Dei.

148 4157 299 4240 Talibus,
321 4163 381 4242 quiv
399 4175 431 4226 et
443 4163 497 4226 hic
520 4174 553 4224 et
569 4164 612 4224 ihi
627 4165 855 4248 reperiuntur,
876 4185 948 4224 cum
969 4163 1043 4223 tuba
1064 4162 1125 4223 Dei
1143 4164 1273 4250 clanga-

149 4261 239 4320 mus,
262 4263 302 4306 ne
325 4253 469 4320 tacentes
490 4247 693 4327 damnemur,
716 4257 747 4308 et
764 4248 859 4310 simul
874 4269 948 4308 eum
965 4246 1010 4308 cis
1025 4265 1204 4330 pereamus·
1239 4251 1274 4314 Si
