2926 4984
439 242 504 285 ,ῤ’

538 313 654 375 uum
689 315 870 414 colurus.
1192 293 1265 368 sto

226 455 277 515 De
288 453 338 515 Itis
348 455 405 537 qui
422 455 441 516 b
460 453 585 534 synodo·
598 455 653 518 uel
668 456 687 517 a
704 425 760 518 suo
776 455 931 539 Episcopo
947 455 1088 516 damnati
1103 467 1186 524 sunt.

228 560 353 626 LXIII.
394 563 479 622 Haec
497 584 575 624 vero
591 584 651 644 per
669 563 795 645 singula
815 563 952 644 capitula
966 562 999 621 in
1014 560 1137 624 statutis
1152 560 1267 624 Nicae-

146 643 182 706 υἱ
199 643 339 704 Concilii
367 645 473 726 legere
490 645 637 728 potestis,
660 666 717 706 scu
733 646 767 704 in
787 645 857 706 aliis
877 655 1059 704 sanctorum
1073 645 1203 704 Petrum
1218 661 1268 724 sy-

146 726 318 788 nodalibus
339 727 475 802 edictis,
503 736 535 786 ct
558 727 591 786 in
614 726 817 788 Antiocheno
842 727 1007 804 Concilio,
1039 726 1126 806 quod
1151 725 1186 784 hi
1208 725 1266 805 qui

145 809 285 870 damnati
302 810 406 870 suntal
423 809 552 892 Synodo
565 810 616 870 vel
633 809 649 869 al
664 831 720 870 suo
733 810 904 892 Episcopo,
918 819 951 870 ct
965 817 1072 892 postea
1087 807 1269 868 ministrare

142 900 370 975 praesumunt,
391 891 588 973 praecipitur
601 901 636 951 ut
649 892 758 951 nullus
775 892 889 952 audeat
905 890 950 952 eis
968 889 1212 952 communicare.
1231 887 1265 949 Si

143 971 218 1052 quis
239 993 317 1032 vero
332 973 375 1034 eis
388 974 619 1054 communicat,
640 974 736 1036 simili
753 973 930 1035 sententiae
948 974 1109 1036 subiaceat
1130 971 1213 1033 sicut
1234 977 1266 1035 et

143 1053 322 1120 damnatus.
365 1055 470 1138 Supra
487 1057 556 1117 Lib.
576 1057 604 1118 I.
621 1078 648 1117 c.
668 1079 696 1140 7.

355 1161 403 1220 De
423 1157 588 1244 Episcopis
611 1162 666 1221 uel
685 1161 872 1245 quibuslibet
892 1183 933 1223 esc
958 1160 1058 1226 Clero.

225 1265 339 1326 LXIV.
382 1267 461 1326 Item
475 1267 507 1324 in
527 1267 640 1328 ecdem
652 1268 810 1343 Concilio,
824 1277 858 1327 ut
871 1268 1044 1350 Episcopus
1058 1266 1111 1328 vel
1128 1263 1266 1348 quilibet

143 1367 186 1408 cx
206 1346 301 1406 Clcro
324 1346 392 1408 sinc
411 1347 546 1410 consilio
572 1351 623 1410 vel
647 1349 762 1410 litteris
780 1351 1011 1432 Episcoporum
1032 1349 1082 1408 vel
1100 1349 1266 1429 Metropo-

141 1427 239 1488 litani
259 1449 323 1487 non
340 1430 478 1490 audeant
497 1431 637 1511 regalem
657 1432 844 1514 dignitatem
858 1454 916 1513 pro
936 1433 1000 1492 suis
1020 1430 1121 1492 causis
1147 1429 1266 1490 clama-

141 1531 192 1585 re,
213 1509 269 1570 sed
290 1511 323 1570 in
350 1513 512 1572 communi
528 1514 761 1604 Episcoporum
780 1515 918 1576 concilio
946 1533 1169 1582 causaeorum
1187 1533 1264 1574 exa·

141 1591 294 1653 minetur.
335 1593 418 1654 Ibid'.
442 1615 467 1654 c.
493 1617 538 1656 ro.

321 1699 370 1757 De
390 1699 441 1759 die
469 1699 626 1762 dominica
634 1745 646 1775 ,
670 1702 809 1785 qucb'teu
821 1701 1017 1762 obseruanda
1037 1713 1091 1766 esu

220 1803 319 1868 LXV.
363 1806 442 1866 Item
465 1805 498 1864 in
525 1807 638 1868 eodem
661 1793 809 1868 Concilio
828 1806 1023 1889 praecipitur
1038 1805 1107 1864 utd
1130 1824 1263 1889 vespera

141 1905 245 1968 usque
270 1885 310 1946 ad
325 1908 489 1970 vesperam
508 1888 576 1950 dies
596 1887 755 1949 dominica
771 1897 926 1950 servetur.
968 1887 1051 1950 Ibid.
1072 1909 1098 1952 e.
1123 1887 1170 1952 15.

404 2019 452 2076 De
474 2020 588 2098 ignotis
608 2016 798 2096 Angelorum
820 2019 1003 2081 nominibus.

224 2123 337 2187 LXVI.
379 2123 459 2184 Item
480 2123 513 2181 in
530 2123 642 2184 eodem
657 2121 804 2182 Concilio
818 2122 1014 2204 praecipitur
1031 2133 1068 2184 ut
1080 2124 1188 2206 ignota
1199 2123 1271 2184 An·.

144 2206 290 2288 gelorum
307 2205 437 2264 nomina
461 2225 521 2264 nec
540 2205 699 2286 linguntur
714 2227 773 2266 nec
797 2205 1022 2281 nominentur,
1046 2207 1106 2266 nisi
1132 2208 1263 2267 illorum

144 2309 226 2368 quos
240 2287 393 2347 habemus
409 2288 443 2346 in
465 2287 662 2348 auctoritate.
702 2287 743 2346 Hi
763 2297 848 2366 sunt,
866 2286 1015 2364 Michael,
1037 2287 1179 2367 Gabriel,
1199 2287 1264 2354 Ra·
1363 2319 1366 2328 ⁴

67 2385 70 2388 '
146 2369 253 2454 phael.
297 2369 378 2429 lbid.
394 2391 420 2428 o.
440 2368 483 2434 16.

350 2477 398 2534 De
425 2477 628 2548 mulieribus,
650 2498 688 2537 ne
718 2476 877 2538 ud'altare
901 2474 1064 2544 accedunt.¹

227 2581 356 2642 LXVII.
400 2579 480 2640 Item
499 2581 533 2640 in
552 2582 663 2644 eodem
676 2581 835 2658 Concilio,
853 2580 941 2662 quod
957 2603 1021 2642 non
1039 2587 1185 2664 oporteat
1198 2601 1266 2644 mu·

145 2661 242 2722 lieres
262 2662 418 2722 ad⁴altare
437 2662 571 2744 ingredi
612 2663 802 2744 Ibid.c.17¹
1076 2671 1080 2681 '
1329 2681 1333 2689 ’

256 2768 304 2826 De
325 2767 490 2852 Episcopis
508 2768 694 2830 ordinandis
715 2770 769 2829 vel
786 2770 973 2851 quibuslibet
992 2791 1034 2830 eac
1055 2769 1160 2836 clero..

226 2874 375 2935 LXVIII.
417 2876 499 2935 Item
517 2875 550 2934 in
572 2875 718 2938 Concilio
742 2874 1009 2951 Chalcedonensi,
1032 2875 1119 2957 quod
1141 2897 1206 2936 non
1229 2898 1266 2937 o·

145 2964 273 3038 posteat
286 2955 478 3036 Episcopum
498 2968 552 3018 aut
564 2959 741 3039 quemlihet
756 2979 794 3017 es
823 2957 910 3018 clero
929 2980 987 3037 per
1007 2958 1159 3037 pecunius
1178 2958 1265 3020 ordi-

145 3058 243 3097 nare:
274 3038 348 3116 quia
372 3040 500 3119 utrique
526 3039 709 3122 deponendi
738 3049 831 3114 suut,
854 3041 957 3119 etqui
983 3041 1131 3116 ordinat,
1159 3038 1269 3121 etqui

146 3119 326 3194 ordinatur,
350 3141 474 3180 necnon
491 3130 521 3180 et
540 3121 594 3204 qui
613 3123 770 3182 mediator
789 3130 835 3180 est
849 3121 934 3180 inter
953 3143 1014 3186 eos.
1056 3125 1134 3183 Item
1155 3123 1194 3183 de
1215 3143 1267 3182 ea-

146 3201 219 3260 dem
240 3222 275 3260 re
307 3201 339 3259 in
367 3203 551 3264 Canonibus
572 3204 804 3286 Apostolorum.
864 3203 995 3285 Siquis
1021 3205 1195 3288 Episcopus
1215 3215 1269 3264 aut

144 3283 328 3358 Presbyter,
351 3296 405 3342 aut
429 3285 599 3356 Discursus,
620 3286 835 3368 perpecunius
849 3286 927 3344 bunc
942 3287 1113 3346 obtinuerit
1136 3285 1270 3364 dignita

147 3376 221 3434 tem,
245 3363 399 3422 deiciatur
417 3367 482 3448 ipse
499 3379 529 3426 et
550 3367 714 3428 ordinator
729 3369 813 3438 eius,
837 3379 867 3425 et
888 3369 907 3426 c's
931 3370 1144 3429 communione
1166 3367 1270 3428 absci-

115 3450 119 3460 ‘
149 3444 276 3506 duntur.
305 3445 387 3506 Ibid.
409 3467 435 3506 c.
452 3469 497 3529 ¹9·

423 3553 475 3611 De
488 3551 640 3636 maleficis
660 3553 714 3614 uel
738 3555 992 3622 incantatoribus,

230 3657 344 3718 LXIX.
386 3655 469 3717 Item
486 3658 520 3716 in
543 3658 663 3726 eodem.
677 3659 842 3735 Concilio,
864 3669 900 3718 ut
921 3659 1088 3737 coclearii,
1110 3661 1271 3743 malefici,

149 3739 373 3816 incantatores,
391 3739 664 3801 ettineantatriees
678 3741 746 3800 fieri
764 3763 828 3813 pon
846 3742 1003 3812 sinantur,
1018 3763 1098 3824 quos
1117 3742 1151 3802 in
1167 3741 1271 3805 Simo-

150 3842 191 3882 ne
215 3843 306 3904 mago
326 3821 481 3882 Dominus
501 3821 688 3882 terribiliter
706 3823 877 3911 damnavit.
926 3823 1010 3884 Ibid.
1027 3844 1053 3884 cs
1074 3844 1122 3884 21.

416 3953 471 4012 De
495 3951 619 4030 negotio
645 3949 836 4019 clericorum
858 3951 941 4010 inter
959 3972 1001 4011 se.

231 4055 329 4117 LXX.
370 4055 454 4120 Item
476 4055 508 4114 in
525 4055 636 4116 eodem
655 4055 814 4129 Concilio,
836 4064 871 4114 ut
884 4055 910 4116 si
931 4055 1050 4117 Clerici
1072 4027 1203 4122 interse
1220 4083 1276 4122 uc·

150 4137 272 4220 gotium
297 4139 428 4219 aliquod
446 4137 636 4212 habuerint,
659 4137 676 4197 b
699 4160 755 4200 suo
776 4137 935 4224 Episcopo
958 4137 1190 4220 &induentem
1208 4164 1278 4207 uon

151 4223 167 4280 'a
185 4219 399 4282 secularibus.
441 4219 523 4286 Ibid.
541 4241 567 4280 c.
581 4219 628 4284 28·
779 4223 781 4230 ’
