2926 4986
37 221 39 250 Ι

36 259 42 330 l

220 332 293 409 758
615 349 900 407 castrametata

218 493 356 560 licitatur.
397 489 525 571 Quibus
548 491 644 553 etiam
659 489 771 554 diebus
793 489 992 575 Presbyteris
1014 489 1065 554 vel
1090 510 1202 552 eornm
1231 494 1346 554 Minis-

216 577 276 638 tris
297 575 452 637 canonice
468 575 718 656 dispensandum
739 583 798 652 est,
818 574 875 635 sed
894 595 959 634 non
978 573 1050 633 aliis
1071 573 1264 634 tradendum
1283 577 1345 637 nisi
1423 579 1428 584 '

215 658 418 724 solummodo
432 657 630 740 Presbyteris
649 659 702 717 vel
720 657 928 733 Diaconibus,
941 666 996 715 aut
1020 655 1277 718 subdiaconibus
1293 659 1349 718 be·

215 763 258 803 ne
281 741 440 806 fidelibus.
464 739 639 822 indignum
665 740 753 800 enim
766 749 813 802 est
829 748 867 800 ut
879 740 933 800 alii
957 738 1041 798 illud
1063 738 1262 821 suscipiant,
1283 742 1346 802 nisi

215 824 266 885 illi
283 824 338 905 qui
350 823 413 883 hoc
430 823 462 880 in
480 824 634 884 tradendo
651 823 738 884 usuri
752 830 838 885 sunt.
880 809 1040 882 Similiter
1058 830 1090 881 et
1113 821 1176 882 hoc
1191 831 1346 884 statutum

216 916 276 978 est,
301 914 337 966 ut
360 907 377 966 al
397 904 655 986 chorepiscopis,
677 904 746 988 qui,
778 905 867 966 iuxta
896 905 1089 966 Sanctorum
1113 904 1263 983 decreta,
1293 906 1345 966 lo-

215 1011 289 1050 cum
314 987 514 1083 septuaginta
527 989 791 1084 Discipulorum,
799 987 833 1050 id
848 998 906 1064 est,
927 987 1202 1071 Presbyterorum,
1219 997 1346 1066 tenent,

213 1072 269 1134 vel
291 1070 329 1131 ab
349 1091 425 1152 ipsis
448 1070 658 1154 Presbyteris,
679 1071 923 1152 nec‚v1rginnm
943 1070 1153 1146 consecratio,
1177 1091 1239 1130 nec
1255 1093 1358 1132 sanc.

213 1155 239 1215 ti
262 1153 400 1235 Spiritus
424 1153 570 1230 traditio,
594 1175 655 1214 nec
676 1154 895 1216 Ecclesiarnm
916 1154 968 1215 rel
997 1151 1146 1212 altarium
1172 1174 1345 1214 cousecra-

212 1237 280 1312 tio,
304 1236 356 1296 rel
382 1235 440 1295 illa
462 1256 544 1316 quae
574 1237 650 1297 solis
671 1236 838 1319 Episcopis
860 1235 1038 1313 debentur,
1069 1234 1132 1295 fiat.
1174 1237 1255 1296 Nam
1277 1236 1345 1296 sia

154 1347 157 1355 ·
213 1318 338 1380 duobus
366 1317 533 1400 Episcopis
555 1319 731 1400 Episcopus
754 1341 819 1381 uon
839 1327 942 1400 potest
957 1317 1161 1394 consecrari,
1180 1319 1343 1398 quomodo

211 1400 270 1461 ille
291 1400 469 1482 Episcopus
488 1402 560 1478 erit,
586 1409 641 1460 aut
661 1400 785 1483 aliquid
807 1402 847 1462 de
865 1400 1039 1482 episcopali
1058 1399 1255 1477 ministerio,
1279 1401 1344 1462 uisi

211 1492 368 1564 quantum
387 1483 570 1567 Presbyter,
591 1483 683 1545 cuius
702 1485 810 1544 locum
833 1483 865 1542 in
886 1483 1033 1544 Ecclesia
1051 1491 1150 1559 tenet,
1173 1503 1267 1566 agere
1287 1505 1345 1564 po-

211 1566 312 1626 terit?
353 1559 471 1626 Omn'ia
489 1588 565 1649 ergo
592 1587 673 1648 quae
692 1567 743 1628 isti
763 1564 1004 1650 praesumptiosi
1024 1564 1067 1644 ¹de
1087 1563 1261 1652 episcopali
1279 1566 1343 1626 mi-

211 1645 345 1709 nisterio
367 1657 518 1729 egerunt,
548 1648 637 1709 irrita
659 1671 726 1711 esse
752 1648 1001 1727 comprobantur
1023 1657 1056 1708 et
1082 1645 1200 1707 ellectu
1218 1669 1341 1726 carere,

210 1739 305 1811 atque
326 1750 385 1811 per
412 1730 536 1808 omnia,
559 1741 624 1792 tam
649 1731 687 1792 ub
716 1731 890 1814 apostolica
914 1730 998 1793 Sede
1022 1751 1120 1812 quam
1144 1738 1177 1790 et
1198 1730 1341 1791 omnium

208 1812 443 1894 Episcoporum
466 1813 606 1892 decreto,
636 1813 727 1875 irrita
747 1835 826 1891 esse,
848 1821 881 1874 et
899 1812 1005 1896 potius
1028 1822 1223 1872 nocumenta
1244 1833 1340 1894 qaam

209 1894 319 1976 aliqua
342 1891 525 1955 adiumenta
547 1905 623 1957 sunt
645 1895 795 1973 iudicata,
818 1917 854 1958 ac
878 1896 1003 1977 saepius
1022 1893 1204 1960 interdicta.
1247 1895 1341 1955 ldeo-

208 1997 274 2056 que
299 1995 339 2035 ne
358 1977 436 2034 fiant
458 1977 517 2036 sub
535 1978 742 2040 anathematis
763 1979 897 2040 vinculo
917 1977 1149 2053 interdicimus,
1171 1986 1265 2058 atque
1281 1977 1339 2057 qui

209 2059 249 2118 ab
268 2057 315 2118 eis
333 2066 409 2117 sunt
432 2059 549 2139 polluti
572 2061 795 2142 potiusquam
816 2060 1016 2137 sanctificati,
1038 2059 1072 2118 in
1094 2059 1262 2120 meliorem
1279 2069 1341 2119 sta·

208 2148 280 2199 tum
305 2139 472 2217 canonice,
498 2141 609 2218 idest,
637 2145 654 2203 a
679 2144 782 2204 tribus
807 2142 961 2205 ordinatis
984 2142 1163 2224 Episcopis,
1185 2151 1221 2201 ut
1239 2143 1340 2226 refor-

207 2232 339 2282 mentur
354 2222 519 2296 iubemns;
548 2224 624 2306 quia
641 2226 825 2287 reformatio
852 2247 916 2285 non
938 2233 985 2286 est
1007 2225 1144 2301 iteratio,
1167 2225 1223 2285 sed
1236 2225 1341 2287 eccle-

207 2304 334 2367 siastica
363 2314 397 2366 et
421 2307 576 2368 canonica
599 2309 766 2390 perfectio.
819 2307 953 2391 Capitol.
974 2331 1003 2373 a.
1020 2327 1089 2390 799.
1113 2329 1139 2372 c.
1155 2308 1184 2368 ὅ.
1204 2307 1234 2382 4.

248 2410 363 2470 Deliis
386 2413 442 2495 qai
462 2414 590 2498 rapiunt
607 2412 762 2494 feminas,
785 2426 819 2474 ut
847 2434 899 2474 eas
926 2433 990 2475 non
1011 2413 1145 2474 habeant
1169 2434 1297 2480 uxores.

291 2514 472 2582 CCCXCV.
517 2520 645 2582 Placuit
665 2529 700 2579 ut
716 2519 752 2578 hi
768 2520 824 2602 qui
841 2521 973 2600 rapiunt
993 2518 1138 2596 feminas,
1159 2520 1212 2580 vel
1230 2521 1339 2580 furan-

207 2607 271 2676 tur,
294 2608 348 2658 aut
363 2602 535 2678 seducunt,
558 2612 594 2662 ut
615 2625 666 2664 eas
683 2603 868 2663 nullatenus
887 2602 1027 2662 habeant
1043 2623 1169 2677 uxores,
1192 2604 1338 2683 quamvis

209 2683 254 2742 eis
274 2683 475 2762 postmodum
494 2686 677 2761 conveniat,
703 2694 756 2744 ant
777 2705 828 2745 eas
855 2685 1048 2762 dotaverint,
1070 2685 1121 2743 rel
1150 2685 1339 2778 npptialiter

210 2785 286 2824 cum
309 2784 466 2828 consensu
497 2778 665 2850 parentum
686 2787 818 2828 suorum
837 2766 1031 2846 acceperint.
1073 2766 1107 2826 si
1130 2787 1202 2846 quis
1227 2777 1337 2828 autem
1445 2767 1446 2773 ¹

208 2861 343 2905 uxorem
366 2847 485 2909 habere
509 2850 658 2925 voluerit,
681 2849 837 2910 canonice
862 2860 894 2911 et
920 2849 1068 2932 legaliter
1093 2869 1162 2908 eam
1188 2849 1335 2931 accipiat,

209 2938 242 2988 et
269 2950 333 2988 non
355 2931 464 3012 rapiat.
493 2932 577 3008 ,Qui
601 2951 678 2992 rero
705 2954 775 2993 earm
795 2932 955 3014 rapuerit,
989 2932 1040 2992 rel
1069 2932 1194 2990 furatus
1219 2932 1335 3010 fuerit,

207 3020 263 3070 aut
284 3011 458 3088 seduxerit,
481 3035 648 3095 nunqnam
667 3037 736 3073 eam
758 3035 892 3075 uxorem
917 3014 1044 3084 habeat;
1066 3013 1123 3075 sed
1143 3014 1335 3094 propinquis

206 3092 271 3154 suis
298 3115 366 3153 earn
393 3094 548 3175 legalibus
572 3096 701 3170 reddat,
723 3106 755 3157 et
777 3095 810 3154 in
832 3096 930 3178 triplo
953 3098 1085 3178 plenum
1109 3095 1251 3154 bannum
1275 3098 1334 3158 do·-

205 3174 361 3234 minicum
385 3189 564 3258 componat,
587 3187 619 3238 et
644 3179 776 3260 insuper
797 3179 952 3240 canonice
979 3179 1140 3260 publicam
1160 3178 1334 3258 poeniten-

203 3257 282 3318 tiam
299 3268 395 3339 gerat.
437 3255 487 3320 Ad
505 3262 591 3341 quod
611 3283 799 3346 omnesaue
815 3283 892 3322 voce
915 3260 1146 3334 clamaverunt,
1170 3259 1332 3321 dicentes:

206 3339 294 3397 alsta
315 3361 424 3401 omnes
438 3342 572 3404 firmiter
596 3352 707 3404 tenere
726 3345 884 3422 volumus,
907 3342 985 3406 etin
1002 3351 1194 3426 perpetuum
1208 3342 1247 3403 ab
1263 3365 1334 3403 om-

205 3419 300 3482 nihus
321 3426 503 3485 conservari
519 3436 690 3508 optamus«

163 3583 165 3591 ,
227 3525 324 3607 Quod
342 3528 375 3586 in
399 3531 540 3590 omnibns
566 3533 645 3590 locis
674 3532 760 3590 Deus
782 3530 921 3592 orandas
945 3533 1005 3602 sit,
1034 3543 1064 3591 et
1094 3552 1157 3591 non
1180 3534 1216 3592 ιή
1241 3521 1329 3592 ιιῐιίἐι

222 3627 315 3691 quam
333 3612 366 3668 in
387 3613 455 3671 Deo
475 3612 588 3674 dicatis
607 3614 644 3675 ab
662 3613 828 3696 Episcopis
843 3615 921 3674 locis
938 3615 1045 3674 Missa.
1058 3616 1100 3673 sit
1114 3615 1311 3679 celebranda.

284 3711 495 3777 CCCXCVI.
539 3715 713 3778 Sciendum
728 3729 774 3778 est
791 3720 938 3780 omnibus
958 3720 1046 3800 quod
1067 3730 1098 3781 et
1118 3720 1150 3779 in
1166 3721 1237 3782 aliis
1249 3745 1332 3783 com·

201 3797 384 3878 petentibus
409 3799 509 3876 locis,
540 3801 566 3862 si
590 3803 679 3860 locus
704 3801 855 3862 basilicae
877 3804 992 3884 procul
1016 3803 1134 3879 suerit,
1164 3806 1267 3866 oratio
1292 3807 1332 3868 ad

202 3882 307 3940 Deum
328 3891 360 3940 et
380 3883 540 3942 confessio
563 3895 766 3965 pcccatorum
784 3884 852 3944 fieri
879 3885 994 3946 debeat
1019 3894 1051 3944 et
1077 3885 1189 3965 possit;
1216 3889 1331 3948 Missa-

174 4011 177 4022 .
202 3982 274 4021 rum
296 3984 373 4022 vero
393 3964 565 4026 celebratio
588 3966 715 4026 nonnisi
743 3966 776 4026 in
800 3957 879 4028 locis
900 3969 939 4028 ab
966 3967 1134 4049 Episcopis
1157 3970 1226 4029 Deo
1247 3971 1331 4032 dica-

201 4043 252 4118 tis,
273 4055 407 4128 excepto
429 4055 572 4129 tempore
597 4047 800 4126 hostilitatis,
822 4059 853 4110 et
875 4049 936 4110 hoc
960 4050 1091 4110 nonnisi
1114 4049 1147 4110 in
1175 4051 1330 4115 altaribus

202 4134 234 4184 et
261 4123 474 4218 tabernaculis
503 4130 541 4190 ab
564 4131 730 4215 Episcopis
756 4135 826 4195 Deo
848 4133 958 4196 dicatis
983 4133 1145 4195 ullatenus
1168 4133 1235 4197 ritu
1258 4136 1329 4199 fieri

200 4217 300 4291 possit
322 4219 375 4272 aut
396 4212 518 4273 debeat.
1322 4245 1325 4250 ‘
