2926 4984
696 282 984 343 CAPITULARIUM

323 421 364 476 Ex
379 436 433 490 que
447 416 617 488 persequitur
633 417 738 471 soboles
754 420 904 473 veneranda
920 437 968 493 per
984 419 1077 478 orbern

359 490 461 560 Ipsius,
481 488 577 554 insigni
594 490 701 540 nomine
717 490 796 555 digna
809 491 901 560 patris.

277 601 281 612 a
321 557 508 614 Hludouvicus
529 559 599 610 enirn
615 557 688 609 fluvii
708 560 744 610 cis
761 560 853 611 littora
870 557 954 612 Rheni

356 632 489 698 Imperat,
511 637 538 679 et
556 638 647 694 gentes
662 629 810 698 comprimit
834 645 897 680 eece
917 632 995 688 ieras.

323 699 438 752 Necnon
457 697 612 748 Hlothurius
626 700 701 768 parili
716 699 817 750 ditione
832 700 951 768 potitus,

356 770 519 820 Francorum
536 768 632 820 Caesar
647 778 750 837 sceptra
767 769 906 820 tremenda
926 769 1011 824 vehit.

321 839 392 891 Tum
411 837 524 888 Karolus
539 855 646 904 regnum
664 839 826 890 Francorum
841 848 910 890 sorte
928 847 1061 904 retentat,

355 909 458 960 Nomen
479 909 520 958 avi
537 909 651 960 rel'erens
675 909 824 959 auxiliante
844 910 909 958 Deo.

320 975 378 1031 Nos
391 976 490 1048 quihus
505 977 552 1028 illu
566 987 660 1029 tenent
674 979 743 1029 terni
761 996 830 1048 quae
843 978 901 1027 iura
918 978 1027 1043 libelli,

313 1108 315 1114 Ι
355 1046 509 1099 Obtulimus
527 1049 639 1116 scripta,
659 1065 761 1116 semper
775 1047 901 1097 habenda
919 1049 977 1100 sibi.

319 1118 440 1189 Quorum
452 1133 544 1167 norma
560 1117 640 1168 docet
655 1118 752 1183 iugiter
768 1135 815 1167 nos
830 1117 919 1170 vivere
936 1127 1025 1184 recte,

352 1189 386 1238 Et
404 1185 499 1238 studiis
517 1188 631 1237 Domino
650 1188 699 1238 rite
717 1187 822 1256 placere
840 1187 897 1254 piis.

316 1257 391 1322 llaec
407 1273 446 1306 res
458 1266 528 1308 'cant
545 1274 636 1326 pravos
652 1274 739 1326 aequo
759 1256 937 1307 moderamine
953 1273 1054 1320 mores,

354 1326 470 1378 Vivendi
486 1344 602 1378 normam
622 1326 818 1378 contribuendo
831 1326 889 1395 piis.

323 1397 447 1465 Namque
462 1405 569 1466 patrant
584 1396 663 1446 multi
682 1396 800 1447 funestas
811 1411 897 1463 saepe
913 1394 1032 1465 rapinas,

350 1465 481 1519 Nonnulli
497 1466 601 1516 violant
618 1475 670 1517 tem
690 1466 717 1515 la
736 1465 826 1516 dicata
845 1465 921 1529 Deo;

315 1533 388 1587 Sunt
402 1535 459 1585 aliis
478 1536 608 1587 scelerum
622 1485 722 1586 foedati
736 1535 797 1585 labe
818 1551 940 1594 suorum,

352 1604 457 1656 Fistula
472 1622 539 1674 quos
553 1621 643 1656 omnes
658 1619 863 1656 commemorare
879 1602 984 1672 nequit.

317 1673 372 1726 Sed
388 1674 497 1726 cohibet
513 1675 580 1726 tales
600 1675 688 1740 legum
706 1690 818 1725 censura
829 1689 978 1736 sacrarum,

346 1744 523 1814 Decretisque
540 1753 614 1796 vetat
632 1746 680 1795 ists
699 1753 801 1814 patrare
820 1743 878 1812 piis.

312 1813 380 1880 Ergo
399 1814 481 1866 duces
499 1814 609 1865 laudare
627 1814 706 1865 decet
725 1831 771 1881 per
788 1811 905 1864 carmina
922 1810 1015 1878 fortes,

350 1884 462 1935 Munere
480 1885 610 1935 virtutum
629 1885 676 1953 qui
695 1885 812 1936 micuere
831 1898 924 1946 sacro;

312 1952 426 2004 Francia
443 1953 492 2004 suh
511 1971 625 2023 quorum
643 1955 753 2022 sceptris
772 1953 902 2004 tutissima
919 1951 1031 2018 mansit;

347 2022 483 2075 Libertate
501 2023 610 2089 vigens,
631 2024 701 2074 colla
718 2022 832 2094 superba
851 2031 955 2081 terens,

311 2090 402 2162 Quam
419 2094 506 2145 variae
524 2102 614 2158 gentes
632 2093 765 2144 dominam
783 2093 897 2144 timuere
915 2106 1055 2157 severam,
1132 2122 1135 2132 =

345 2162 447 2230 Utpote
465 2181 531 2232 quas
550 2163 626 2213 armis
647 2165 719 2232 cepit
738 2163 843 2214 ovando
861 2161 924 2217 suis.

309 2231 388 2282 Unde
406 2233 456 2282 sibi
473 2250 572 2284 nomen
589 2233 703 2295 meruit,
724 2233 807 2284 decus
826 2240 853 2282 at
875 2249 909 2282 ue
927 2245 1062 2299 perenne,

343 2301 383 2352 De
402 2301 479 2354 victis
498 2301 604 2372 populis
619 2302 690 2354 celsa
708 2301 837 2372 trophaea
855 2250 952 2352 ierens.

309 2368 439 2422 Coelestis
457 2373 557 2440 patriae
576 2371 667 2423 donati
687 2390 796 2423 munere
815 2373 896 2435 Reges

340 2439 472 2491 Exultunt
489 2441 600 2507 iugiter,
627 2453 655 2493 et
672 2443 729 2494 sine
749 2442 802 2493 fine
821 2447 942 2505 canunt;

305 2507 368 2560 Alta
387 2511 441 2578 poli
460 2512 535 2562 euius
553 2510 695 2563 subierunt
713 2512 830 2563 eulmina
849 2509 936 2571 coeli,

344 2579 417 2646 Quos
437 2581 534 2632 devota
553 2581 645 2648 elrelys
665 2583 715 2632 iarn
737 2581 869 2632 resonavit
886 2596 980 2632 ovans.

309 2647 414 2700 Felices
434 2650 544 2703 nimium
562 2669 629 2732 quos
648 2652 709 2701 astla
729 2650 808 2702 beata
827 2658 985 2717 receptans,

341 2719 485 2771 Coelicolis
504 2721 593 2771 iunxit
611 2721 714 2772 civibus
733 2721 790 2790 ipsa
808 2720 902 2770 libens.

305 2788 367 2840 Non
384 2789 422 2838 ihi
440 2790 492 2839 iam
510 2800 635 2842 metuunt
660 2790 747 2841 furvas
766 2804 919 2870 nocuasque
938 2787 1078 2841 tenebras:

340 2859 414 2926 Quin
432 2861 521 2928 potius
540 2877 616 2912 verae
634 2860 702 2911 lucis
728 2877 838 2911 amoena
857 2858 959 2914 vident.

306 2927 351 2980 sic
369 2931 516 2994 evangelici
535 2939 648 2981 testatur
665 2930 759 2998 pagina
776 2929 865 2992 bibli,

337 2998 418 3067 Quod
438 2999 529 3050 intrudi
548 2999 641 3050 lumen
658 3000 692 3050 sit
710 3001 781 3051 Deus
799 2999 953 3052 altitonans.

302 3065 362 3121 Hoc
379 3067 457 3118 iubar
470 3068 602 3120 exhilarat
618 3085 772 3138 superorum
792 3068 871 3119 eorda
889 3067 1021 3129 virorum,

336 3138 530 3207 lnrudiansque
549 3139 643 3208 procul
661 3138 756 3189 nubila
774 3148 844 3190 tetra
859 3138 944 3203 lugat.

302 3205 361 3262 Hoc
376 3207 455 3260 etlam
471 3218 563 3260 vatum
583 3209 682 3260 oecinit
708 3207 886 3276 pulcherrime
912 3203 1040 3274 quidam,

336 3276 407 3328 Olim
425 3275 499 3347 quod
517 3279 647 3330 Dominus
665 3278 731 3329 lusit
749 3278 862 3328 ansando
881 3276 963 3326 Deus.

303 3343 356 3398 cui
373 3343 458 3397 dectus
479 3355 509 3400 et
527 3347 620 3408 virtus,
636 3341 695 3399 ls'us
716 3355 744 3399 et
760 3345 896 3400 veneratio
909 3359 1029 3412 semper,

335 3415 536 3485 Imperiumque
557 3427 660 3478 manet,
680 3426 778 3468 cuncta
792 3434 840 3484 per
855 3431 919 3467 aeva
936 3427 1058 3476 sucrum,

298 3483 360 3554 lpse
378 3484 427 3536 tibi
445 3485 546 3538 tribuat
565 3486 684 3555 prolixae
706 3495 824 3554 tempora
842 3485 932 3555 pacis,

332 3552 440 3606 Credita
463 3557 510 3626 qui
526 3556 601 3626 plebi
616 3556 723 3628 fersque
741 3555 844 3608 talenta
865 3555 925 3608 tibi.

271 3699 407 3764 lnnsx'
440 3705 765 3766 Carrrnsosun
809 3724 957 3778 onrnrr
998 3720 1169 3766 niuster.

225 3824 250 3870 r.
271 3807 415 3890 Epistola
440 3807 610 3868 Zachariae
639 3811 699 3870 Pa·
847 3810 1039 3872 Francorum
1051 3808 1281 3892 Episcopissnb

259 3911 319 3974 pac
337 3891 468 3950 Francis
479 3903 508 3949 et
524 3890 625 3950 Gallis
644 3892 696 3951 di·
847 3893 1060 3954 Karlomanno
1077 3893 1162 3949 Duce
1176 3891 1282 3952 hahita

262 3985 356 4037 recta.
847 3971 1281 4036 aano'incuraationisdorni-

222 4073 249 4118 2.
272 4054 420 4130 Synodus
466 4076 534 4114 crim
577 4056 694 4118 actibus
847 4057 1083 4120 airaenccrnn.

261 4137 343 4211 suis,
367 4137 502 4198 iussione
522 4138 694 4218 apostolica
783 4139 812 4204 ὅ.
835 4143 915 4200 Item
946 4140 1046 4200 altera
1078 4135 1225 4215 Synodus
1259 4139 1279 4194 ἂ

262 4214 283 4277 ά
322 4230 428 4280 sarecto
463 4217 627 4302 Bonifacio
664 4232 694 4282 et
846 4220 1034 4306 supradictis
1054 4220 1219 4306 Episcopis
1242 4239 1278 4279 aa
