2926 4986
208 304 282 382 750
623 305 915 372 csuwmiuuu
942 311 947 331 ²

209 461 306 552 Quod
323 458 422 542 magis
448 451 636 536 delinquant
652 454 708 536 qui
718 451 827 536 fidem
847 466 1067 538 perceperunt,
1089 471 1185 539 qnam
1216 453 1295 534 atta}
1313 455 1343 513 si

491 550 594 598 tamen
616 535 749 596 inbono
772 557 866 622 opere
882 539 1062 622 persistant.

293 639 582 714 CCCLXXXVII.
625 639 803 702 Sciendum
824 651 870 724 est
885 642 1047 719 omnibns,
1070 650 1103 703 et
1121 637 1191 702 sine
1208 639 1348 703 oblivio·

210 760 253 804 ne
280 729 505 803 retinendum,
527 723 616 806 quod
650 723 779 808 gravius
806 724 985 804 puniantur
1014 725 1072 807 qui
1097 723 1195 785 fidem
1223 721 1348 785 Christi

210 820 439 908 perceperunt,
463 807 546 870 etin
571 805 663 867 malis
684 805 782 866 vitam
803 805 980 880 linierunt,
1003 829 1100 889 quam
1121 807 1173 866 illi
1191 806 1248 888 qui
1275 805 1349 866 sine

211 905 275 974 sade
295 908 332 974 o)
352 891 471 955 mortui
497 899 594 966 suut,
616 897 648 949 et
671 896 775 948 tamen
801 889 887 950 bona
911 899 1050 972 egerunt
1079 911 1192 973 opera;
1225 887 1358 970 quoni··

214 1009 267 1061 earu¹
285 979 400 1044 melius
422 983 469 1036 est
490 973 585 1032 fidem
607 991 673 1030 nou
694 970 882 1056 percipere,
904 993 999 1055 quam
1025 982 1099 1058 post
1121 993 1191 1034 ems
1215 991 1354 1056 percep,

213 1068 337 1132 tionem
362 1067 540 1122 retrorsum
561 1053 659 1114 abire.
1179 1047 1187 1068 ν

273 1234 276 1241 ,
413 1165 463 1224 De
485 1159 643 1240 coniugio,
664 1155 753 1240 quod
776 1156 795 1216 la
816 1156 884 1218 Deo
903 1157 945 1217 sit
966 1157 1152 1220 institutam.

298 1265 606 1340 cchxxxvut.
648 1263 766 1324 Notum
781 1262 823 1324 sit
839 1261 988 1324 omnibus
1009 1263 1098 1345 qnod
1120 1263 1310 1346 coniugium
1334 1267 1355 1326 a

216 1367 287 1429 Deo
306 1361 347 1421 sit
370 1352 599 1423 constitutum,
630 1355 663 1408 et
687 1345 812 1407 nonsit
833 1345 1050 1426 appetendum
1075 1368 1169 1409 causa
1189 1346 1356 1425 luxuriae,

218 1447 276 1509 scd
298 1435 522 1526 procreatione
544 1430 695 1506 liliorum,
717 1437 749 1490 et
760 1428 848 1512 quod
867 1427 1028 1489 bonorum
1036 1430 1283 1514 coniugatorum
1301 1432 1357 1492 vi·

208 1537 254 1592 'ta
273 1545 333 1614 per
356 1521 414 1583 lob
436 1517 478 1580 sit
494 1513 670 1596 designata,

340 1630 389 1690 Dc
412 1624 555 1688 castitate
582 1639 690 1680 eorum
711 1617 767 1702 qui
790 1615 937 1696 coniugio
957 1629 1030 1678 sunt
1049 1618 1230 1705 copulandi.

303 1723 575 1798 ccctxxxlx.
617 1723 794 1785 Sciendum
815 1730 863 1782 cst
889 1722 1039 1784 omuibus
1064 1734 1098 1785 et
1115 1725 1251 1788 tirmiter
1273 1727 1356 1789 reti·
1448 1743 1449 1758 ¹

223 1820 367 1885 nendum
397 1811 487 1894 quod
517 1807 553 1868 bi
580 1806 638 1888 qui
661 1827 780 1866 uxores
809 1804 928 1866 ducere
965 1807 1153 1885 voluerint,
1186 1809 1271 1870 sicut
1301 1830 1359 1871 eas
1448 1797 1449 1824 ¹

224 1912 325 1968 castus
352 1899 555 1974 incorruptae
577 1889 715 1970 cupiunt
736 1885 902 1962 iuvenire,
927 1886 975 1948 sic
1002 1889 1042 1948 ad
1069 1910 1121 1950 eas
1143 1892 1221 1952 casti
1247 1900 1282 1952 ct
1302 1891 1359 1950 iu-

225 1980 370 2064 corrupti
389 1977 509 2038 debent
529 1971 695 2041 accedere,
717 1989 834 2050 easque
860 1990 935 2029 cum
950 1971 1180 2034 benedictione
1203 1973 1361 2036 Sacerdo-
1448 1961 1449 1970 ἦ

223 2070 278 2146 tis,
300 2066 383 2129 sicut
407 2059 441 2118 in
465 2051 719 2138 sacramentario
744 2050 948 2130 contiuetur,
978 2054 1136 2137 accipere.
1177 2057 1246 2118 Sed
1265 2055 1361 2142 prius

227 2141 280 2213 cas
302 2144 400 2209 dotali
423 2137 520 2200 titulo
537 2134 657 2198 debent
676 2133 854 2216 conligare.

233 2255 276 2318 Ut
292 2247 431 2317 omnesla
452 2245 573 2305 minore
591 2237 747 2326 usquead
763 2240 914 2300 maiorem
936 2240 1000 2300 suis
1019 2239 1256 2316 Sacerdotibus,
1277 2245 1363 2305 sicut

250 2339 313 2424 ipsi
339 2330 496 2403 Domino,
529 2323 711 2386 obedientes
742 2323 894 2394 existant,
922 2323 1008 2384 euius
1031 2326 1093 2384 vice
1118 2327 1274 2404 legatione
1303 2327 1341 2386 in

215 2413 216 2420 ἵ
269 2416 415 2485 Ecclesia
428 2408 617 2494 funguntur.
658 2404 709 2465 Ex
731 2403 890 2484 Capitulis
920 2404 1040 2466 Domni
1059 2406 1191 2487 Karoli,
1213 2409 1319 2470 Theo.

628 2487 712 2548 tonis
733 2485 813 2546 villa
835 2485 975 2548 firmatis.

316 2597 467 2668 CCCXC.
509 2593 667 2661 Volumus
688 2601 785 2674 atque
804 2593 1018 2675 praecipimus
1039 2603 1076 2654 ut
1098 2616 1210 2658 omnes
1228 2595 1293 2658 suis
1310 2597 1368 2658 Sa.

160 2729 163 2734 ·
233 2688 430 2762 cerdatibus,
451 2692 517 2743 tam
547 2674 677 2740 maioris
698 2673 822 2736 ordinis
842 2696 940 2755 quam
967 2685 999 2737 ct
1022 2675 1205 2756 inferioris,
1227 2679 1245 2738 al
1265 2678 1369 2739 mini.

232 2796 286 2839 mo
312 2789 414 2851 usque
439 2764 479 2824 ad
493 2759 678 2835 maximum,
698 2765 736 2817 ut
752 2778 874 2817 summo
897 2759 979 2836 Deo,
999 2758 1091 2822 cuius
1105 2759 1175 2821 rice
1191 2761 1226 2819 iu
1248 2761 1370 2822 Eccle.

233 2859 281 2924 sia
306 2847 470 2934 legatione
495 2846 689 2924 funguutur,
711 2838 899 2900 obedientes
919 2840 1067 2902 existunt.
1087 2841 1168 2916 llam
1186 2843 1279 2904 uullo
1294 2865 1370 2927 pac·

235 2951 270 3002 to
294 2951 474 3018 agnoscere
498 2945 667 3009 possumus
691 2919 832 3002 qualiter
863 2921 958 2982 nobis
985 2922 1097 2985 fideles
1129 2923 1265 2986 existere
1290 2947 1369 3008 pos.

236 3027 325 3096 sunt,
370 3013 404 3075 ui
425 3013 495 3072 Deo
508 3006 655 3068 infideles
678 3012 709 3064 et
726 3003 792 3064 suis
816 3005 1041 3066 Sacerdotibus
1067 3004 1291 3074 inobedientes
1307 3029 1369 3090 ap.

260 3105 426 3168 amerinis
443 3100 497 3153 aut
510 3087 650 3172 qualiter
659 3084 751 3147 nobis
762 3084 948 3147 obedientes
959 3086 1139 3168 nostrisque
1157 3088 1311 3150 ministris
1331 3111 1370 3149 ae

236 3127 353 3266 legatis
378 3178 634 3255 obtemperantes
650 3177 757 3245 eruut,
778 3167 832 3247 qui
857 3167 923 3228 illis
943 3168 976 3228 in
994 3168 1056 3231 Dei
1075 3170 1177 3231 causis
1204 3179 1236 3232 et
1250 3171 1369 3232 Eccle-

239 3268 359 3332 siarum
376 3255 568 3320 utilitatibus
593 3273 658 3313 uon
680 3249 911 3332 obtemperant.
952 3251 1066 3313 Potius
1091 3273 1250 3336 namque,
1277 3253 1371 3313 iuxta

239 3343 396 3415 Veritatis
413 3359 537 3415 rocem,
551 3335 617 3396 tlte
634 3332 825 3411 metuendus
842 3340 891 3392 est
908 3332 966 3413 qui
977 3342 1081 3416 potest
1098 3335 1237 3395 animam
1251 3343 1285 3394 ct
1302 3356 1373 3396 cor.

240 3451 302 3517 pus
335 3424 469 3509 perdere
498 3416 743 3500 ingebenam,
776 3435 873 3496 vam
900 3414 957 3477 ille
987 3415 1042 3496 qui
1070 3439 1187 3500 corpus
1218 3426 1372 3499 torquere

178 3539 183 3547 ·
243 3522 277 3576 et
297 3509 437 3590 bonores
461 3499 655 3584 temporales
672 3504 778 3579 potest
799 3497 937 3562 auferre.
977 3499 1026 3558 De
1052 3498 1117 3560 illis
1150 3498 1371 3560 dictumest:

246 3594 310 3736 qui
334 3610 386 3652 vos
406 3583 509 3655 audit,
533 3603 581 3643 me
598 3578 697 3641 audit.
737 3577 781 3639 Et
798 3579 855 3660 qui
874 3598 926 3640 vos
945 3581 1077 3662 spernit,
1099 3602 1147 3641 mc
1168 3581 1299 3662 spernit.
1330 3585 1375 3642 Et

245 3673 338 3740 uibi:
363 3671 426 3756 Qui
445 3665 503 3728 vos
526 3665 636 3742 tangit,
658 3662 757 3740 tangit
780 3659 934 3743 pupillam
958 3661 1043 3721 oculi
1065 3663 1135 3722 mei.
1176 3663 1218 3724 Et
1239 3683 1373 3724 rursus:

248 3759 312 3843 Qui
332 3747 595 3816 scandalizaverit
618 3763 712 3804 unum
735 3737 775 3802 de
797 3741 924 3826 pusillis
949 3743 1037 3820 istis,
1068 3743 1178 3803 melius
1200 3755 1246 3803 est
1268 3746 1319 3805 illi
1342 3758 1376 3806 us

246 3835 458 3924 suspendatur
474 3830 558 3889 mola
584 3824 724 3886 asinaria
741 3825 775 3882 in
795 3821 877 3884 collo
903 3824 968 3882 eius
984 3835 1016 3883 et
1036 3823 1234 3905 demergatur
1251 3826 1284 3886 in
1295 3849 1376 3911 pro.

238 3920 347 4009 sunda
373 3915 479 3976 maris.
528 3911 570 3971 Et
594 3909 729 3967 iterum:
764 3906 827 3989 Qui
850 3925 909 3966 vos
936 3907 1067 3988 recipit,
1093 3927 1140 3966 me
1168 3907 1291 3989 recipit.
1334 3911 1378 3970 Et

247 4005 303 4088 qui
328 4021 376 4063 me
398 3995 523 4078 recipit,
547 3991 661 4072 recipit
679 4009 750 4048 eum
771 3988 826 4070 qui
846 4007 895 4048 me
920 3988 1014 4053 misit.
1056 3989 1098 4048 Et
1116 3989 1218 4050 multa
1238 3990 1303 4050 alia
1320 3992 1379 4053 ha-

247 4098 386 4168 rumque
407 4074 535 4141 similia.
575 4073 633 4136 His
657 4089 737 4156 ergo
759 4067 836 4132 tutti
863 4069 1004 4133 oraculis
1030 4065 1178 4134 iubemus
1198 4079 1235 4134 nt
1264 4067 1379 4136 omues
1446 4117 1447 4140 ,

249 4195 513 4224 Μ

284 4257 331 4328 ὀ)
346 4254 462 4312 stlte·
473 4237 589 4323 tiuuds.
