<?xml version="1.0" encoding="UTF-8"?>
<!DOCTYPE html PUBLIC "-//W3C//DTD XHTML 1.0 Transitional//EN"
    "http://www.w3.org/TR/xhtml1/DTD/xhtml1-transitional.dtd">
<html xmlns="http://www.w3.org/1999/xhtml" xml:lang="en" lang="en">
 <head>
  <title>
</title>
<meta http-equiv="Content-Type" content="text/html;charset=utf-8" />
  <meta name='ocr-system' content='tesseract 3.04.00' />
  <meta name='ocr-capabilities' content='ocr_page ocr_carea ocr_par ocr_line ocrx_word'/>
</head>
<body>
  <div class='ocr_page' id='page_1' title='image "./corpusiurisgerm04visigoog_0367.png"; bbox 0 0 2926 4986; ppageno 0'>
   <div class='ocr_carea' id='block_1_1' title="bbox 210 277 922 356">
    <p class='ocr_par' dir='ltr' id='par_1_1' title="bbox 210 277 922 356">
     <span class='ocr_line' id='line_1_1' title="bbox 210 277 922 356; baseline -0.003 -2"><span class='ocrx_word' id='word_1_1' title='bbox 210 277 285 356; x_wconf 82' lang='grc'><strong>768</strong></span> <span class='ocrx_word' id='word_1_2' title='bbox 635 287 922 354; x_wconf 72' lang='lat' dir='ltr'><strong>contruncarunt</strong></span> 
     </span>
    </p>
   </div>
   <div class='ocr_carea' id='block_1_2' title="bbox 207 433 1345 2077">
    <p class='ocr_par' dir='ltr' id='par_1_2' title="bbox 207 433 1345 1241">
     <span class='ocr_line' id='line_1_2' title="bbox 207 433 1342 518; baseline -0.002 -20"><span class='ocrx_word' id='word_1_3' title='bbox 207 433 392 518; x_wconf 85' lang='lat' dir='ltr'>Presbyteri</span> <span class='ocrx_word' id='word_1_4' title='bbox 412 433 445 494; x_wconf 90' lang='lat' dir='ltr'><strong>in</strong></span> <span class='ocrx_word' id='word_1_5' title='bbox 465 453 604 517; x_wconf 88' lang='lat' dir='ltr'><strong>quornm</strong></span> <span class='ocrx_word' id='word_1_6' title='bbox 629 433 771 498; x_wconf 88' lang='lat' dir='ltr'><strong>dioecesi</strong></span> <span class='ocrx_word' id='word_1_7' title='bbox 803 435 854 497; x_wconf 87' lang='lat' dir='ltr'><strong>vel</strong></span> <span class='ocrx_word' id='word_1_8' title='bbox 878 456 960 518; x_wconf 84' lang='lat' dir='ltr'><strong>pago</strong></span> <span class='ocrx_word' id='word_1_9' title='bbox 988 444 1107 498; x_wconf 85' lang='lat' dir='ltr'><strong>actum·</strong></span> <span class='ocrx_word' id='word_1_10' title='bbox 1122 434 1240 514; x_wconf 89' lang='lat' dir='ltr'><strong>fuerit,</strong></span> <span class='ocrx_word' id='word_1_11' title='bbox 1261 435 1342 518; x_wconf 76' lang='lat' dir='ltr'><strong>Regi</strong></span> 
     </span>
     <span class='ocr_line' id='line_1_3' title="bbox 209 515 1341 600; baseline -0.003 -18"><span class='ocrx_word' id='word_1_12' title='bbox 209 521 263 583; x_wconf 78' lang='lat' dir='ltr'><strong>vel</strong></span> <span class='ocrx_word' id='word_1_13' title='bbox 294 518 458 580; x_wconf 84' lang='lat' dir='ltr'><strong>lodicibus</strong></span> <span class='ocrx_word' id='word_1_14' title='bbox 490 515 595 576; x_wconf 90' lang='lat' dir='ltr'><strong>scelus</strong></span> <span class='ocrx_word' id='word_1_15' title='bbox 618 525 837 600; x_wconf 87' lang='lat' dir='ltr'><strong>perpetratum</strong></span> <span class='ocrx_word' id='word_1_16' title='bbox 867 517 1078 591; x_wconf 87' lang='lat' dir='ltr'><strong>adnuntient;</strong></span> <span class='ocrx_word' id='word_1_17' title='bbox 1106 527 1234 582; x_wconf 74' lang='lat' dir='ltr'><strong>uacum</strong></span> <span class='ocrx_word' id='word_1_18' title='bbox 1264 519 1341 600; x_wconf 88' lang='lat' dir='ltr'><strong>ipsis</strong></span> 
     </span>
     <span class='ocr_line' id='line_1_4' title="bbox 209 599 1342 675; baseline -0.004 -10"><span class='ocrx_word' id='word_1_19' title='bbox 209 600 437 665; x_wconf 86' lang='lat' dir='ltr'><strong>denuntiatum</strong></span> <span class='ocrx_word' id='word_1_20' title='bbox 453 599 568 675; x_wconf 83' lang='lat' dir='ltr'><strong>fuerit,</strong></span> <span class='ocrx_word' id='word_1_21' title='bbox 590 620 623 659; x_wconf 89' lang='lat' dir='ltr'><strong>se</strong></span> <span class='ocrx_word' id='word_1_22' title='bbox 643 599 681 658; x_wconf 93' lang='lat' dir='ltr'><strong>ab</strong></span> <span class='ocrx_word' id='word_1_23' title='bbox 700 620 811 658; x_wconf 87' lang='lat' dir='ltr'><strong>eorum</strong></span> <span class='ocrx_word' id='word_1_24' title='bbox 822 601 1049 662; x_wconf 88' lang='lat' dir='ltr'><strong>communione</strong></span> <span class='ocrx_word' id='word_1_25' title='bbox 1065 611 1120 661; x_wconf 89' lang='lat' dir='ltr'><strong>aut</strong></span> <span class='ocrx_word' id='word_1_26' title='bbox 1135 599 1342 660; x_wconf 87' lang='lat' dir='ltr'><strong>cohabitatio-</strong></span> 
     </span>
     <span class='ocr_line' id='line_1_5' title="bbox 208 681 1341 765; baseline -0.003 -19"><span class='ocrx_word' id='word_1_27' title='bbox 208 707 251 746; x_wconf 93' lang='lat' dir='ltr'><strong>ne</strong></span> <span class='ocrx_word' id='word_1_28' title='bbox 271 689 482 765; x_wconf 85' lang='lat' dir='ltr'><strong>sequestrent.</strong></span> <span class='ocrx_word' id='word_1_29' title='bbox 523 681 585 740; x_wconf 91' lang='lat' dir='ltr'><strong>Rcs</strong></span> <span class='ocrx_word' id='word_1_30' title='bbox 607 691 714 741; x_wconf 90' lang='lat' dir='ltr'><strong>autem</strong></span> <span class='ocrx_word' id='word_1_31' title='bbox 729 703 840 742; x_wconf 90' lang='lat' dir='ltr'><strong>eorum</strong></span> <span class='ocrx_word' id='word_1_32' title='bbox 859 681 899 742; x_wconf 87' lang='lat' dir='ltr'><strong>ad</strong></span> <span class='ocrx_word' id='word_1_33' title='bbox 920 682 1041 764; x_wconf 86' lang='lat' dir='ltr'><strong>primos</strong></span> <span class='ocrx_word' id='word_1_34' title='bbox 1063 691 1212 764; x_wconf 89' lang='lat' dir='ltr'><strong>parentes</strong></span> <span class='ocrx_word' id='word_1_35' title='bbox 1237 704 1341 763; x_wconf 89' lang='lat' dir='ltr'><strong>usque</strong></span> 
     </span>
     <span class='ocr_line' id='line_1_6' title="bbox 209 763 1341 848; baseline -0.004 -20"><span class='ocrx_word' id='word_1_36' title='bbox 209 768 250 827; x_wconf 90' lang='lat' dir='ltr'><strong>ad</strong></span> <span class='ocrx_word' id='word_1_37' title='bbox 262 763 550 848; x_wconf 87' lang='lat' dir='ltr'><strong>sequestrationem</strong></span> <span class='ocrx_word' id='word_1_38' title='bbox 571 763 781 845; x_wconf 83' lang='lat' dir='ltr'><strong>perveniant,</strong></span> <span class='ocrx_word' id='word_1_39' title='bbox 805 765 863 824; x_wconf 88' lang='lat' dir='ltr'><strong>sub</strong></span> <span class='ocrx_word' id='word_1_40' title='bbox 885 786 922 824; x_wconf 88' lang='lat' dir='ltr'><strong>ea</strong></span> <span class='ocrx_word' id='word_1_41' title='bbox 946 765 1150 840; x_wconf 85' lang='lat' dir='ltr'><strong>conditione,</strong></span> <span class='ocrx_word' id='word_1_42' title='bbox 1182 774 1341 824; x_wconf 81' lang='grc'>0101110-</span> 
     </span>
     <span class='ocr_line' id='line_1_7' title="bbox 208 845 1342 931; baseline -0.002 -23"><span class='ocrx_word' id='word_1_43' title='bbox 208 871 307 931; x_wconf 87' lang='lat' dir='ltr'><strong>quam</strong></span> <span class='ocrx_word' id='word_1_44' title='bbox 327 854 521 929; x_wconf 81' lang='lat' dir='ltr'><strong>segegentur</strong></span> <span class='ocrx_word' id='word_1_45' title='bbox 544 865 603 925; x_wconf 92' lang='lat' dir='ltr'><strong>per</strong></span> <span class='ocrx_word' id='word_1_46' title='bbox 626 845 753 904; x_wconf 90' lang='lat' dir='ltr'><strong>nullum</strong></span> <span class='ocrx_word' id='word_1_47' title='bbox 777 846 964 928; x_wconf 80' lang='lat' dir='ltr'>ingenium,</span> <span class='ocrx_word' id='word_1_48' title='bbox 982 867 1089 930; x_wconf 86' lang='lat' dir='ltr'><strong>neque</strong></span> <span class='ocrx_word' id='word_1_49' title='bbox 1107 867 1167 929; x_wconf 90' lang='lat' dir='ltr'><strong>per</strong></span> <span class='ocrx_word' id='word_1_50' title='bbox 1181 857 1342 928; x_wconf 88' lang='lat' dir='ltr'><strong>parentes,</strong></span> 
     </span>
     <span class='ocr_line' id='line_1_8' title="bbox 209 927 1344 1014; baseline -0.004 -22"><span class='ocrx_word' id='word_1_51' title='bbox 209 952 318 1014; x_wconf 91' lang='lat' dir='ltr'><strong>neque</strong></span> <span class='ocrx_word' id='word_1_52' title='bbox 331 951 390 1010; x_wconf 91' lang='lat' dir='ltr'><strong>per</strong></span> <span class='ocrx_word' id='word_1_53' title='bbox 411 927 618 1010; x_wconf 84' lang='lat' dir='ltr'>emptionem,</span> <span class='ocrx_word' id='word_1_54' title='bbox 641 948 747 1010; x_wconf 89' lang='lat' dir='ltr'><strong>neque</strong></span> <span class='ocrx_word' id='word_1_55' title='bbox 762 949 820 1009; x_wconf 91' lang='lat' dir='ltr'><strong>per</strong></span> <span class='ocrx_word' id='word_1_56' title='bbox 833 928 1056 990; x_wconf 86' lang='lat' dir='ltr'><strong>auctoritatem</strong></span> <span class='ocrx_word' id='word_1_57' title='bbox 1067 929 1188 1012; x_wconf 82' lang='lat' dir='ltr'><strong>regiam</strong></span> <span class='ocrx_word' id='word_1_58' title='bbox 1206 929 1247 988; x_wconf 92' lang='lat' dir='ltr'><strong>ad</strong></span> <span class='ocrx_word' id='word_1_59' title='bbox 1265 951 1344 1011; x_wconf 54' lang='lat' dir='ltr'><strong>pro*</strong></span> 
     </span>
     <span class='ocr_line' id='line_1_9' title="bbox 207 1010 1345 1097; baseline -0.001 -24"><span class='ocrx_word' id='word_1_60' title='bbox 207 1013 295 1097; x_wconf 88' lang='lat' dir='ltr'><strong>prias</strong></span> <span class='ocrx_word' id='word_1_61' title='bbox 312 1011 505 1094; x_wconf 84' lang='lat' dir='ltr'><strong>perveniant</strong></span> <span class='ocrx_word' id='word_1_62' title='bbox 521 1010 699 1085; x_wconf 78' lang='lat' dir='ltr'><strong>facultates,</strong></span> <span class='ocrx_word' id='word_1_63' title='bbox 717 1010 778 1071; x_wconf 87' lang='lat' dir='ltr'><strong>nisi</strong></span> <span class='ocrx_word' id='word_1_64' title='bbox 796 1011 975 1092; x_wconf 88' lang='lat' dir='ltr'><strong>praefatum</strong></span> <span class='ocrx_word' id='word_1_65' title='bbox 992 1012 1098 1072; x_wconf 89' lang='lat' dir='ltr'><strong>scelus</strong></span> <span class='ocrx_word' id='word_1_66' title='bbox 1119 1011 1345 1092; x_wconf 84' lang='lat' dir='ltr'><strong>sequestratio-</strong></span> 
     </span>
     <span class='ocr_line' id='line_1_10' title="bbox 210 1091 1139 1176; baseline 0 -20"><span class='ocrx_word' id='word_1_67' title='bbox 210 1096 260 1157; x_wconf 88' lang='lat' dir='ltr'><strong>nis</strong></span> <span class='ocrx_word' id='word_1_68' title='bbox 285 1091 485 1176; x_wconf 80' lang='lat' dir='ltr'><strong>separatione</strong></span> <span class='ocrx_word' id='word_1_69' title='bbox 500 1101 533 1152; x_wconf 87' lang='lat' dir='ltr'><strong>et</strong></span> <span class='ocrx_word' id='word_1_70' title='bbox 554 1091 755 1173; x_wconf 87' lang='lat' dir='ltr'><strong>poenitentia</strong></span> <span class='ocrx_word' id='word_1_71' title='bbox 774 1092 946 1153; x_wconf 80' lang='lat' dir='ltr'><strong>fateantur.</strong></span> <span class='ocrx_word' id='word_1_72' title='bbox 992 1093 1050 1158; x_wconf 85' lang='lat' dir='ltr'><strong>VI.</strong></span> <span class='ocrx_word' id='word_1_73' title='bbox 1065 1095 1139 1176; x_wconf 71' lang='grc'>409.</span> 
     </span>
     <span class='ocr_line' id='line_1_11' title="bbox 474 1173 1084 1241; baseline 0.003 -9"><span class='ocrx_word' id='word_1_74' title='bbox 474 1174 522 1232; x_wconf 90' lang='lat' dir='ltr'><strong>De</strong></span> <span class='ocrx_word' id='word_1_75' title='bbox 539 1175 707 1233; x_wconf 80' lang='lat' dir='ltr'><strong>canonicae</strong></span> <span class='ocrx_word' id='word_1_76' title='bbox 730 1176 940 1236; x_wconf 84' lang='lat' dir='ltr'><strong>accusationis</strong></span> <span class='ocrx_word' id='word_1_77' title='bbox 961 1173 1084 1241; x_wconf 86' lang='lat' dir='ltr'><strong>ordine.</strong></span> 
     </span>
    </p>

    <p class='ocr_par' dir='ltr' id='par_1_3' title="bbox 207 1254 1344 2077">
     <span class='ocr_line' id='line_1_12' title="bbox 294 1254 1344 1320; baseline -0.002 0"><span class='ocrx_word' id='word_1_78' title='bbox 294 1254 571 1320; x_wconf 74' lang='lat' dir='ltr'><strong>ccccxxxvi.</strong></span> <span class='ocrx_word' id='word_1_79' title='bbox 613 1255 833 1316; x_wconf 76' lang='lat' dir='ltr'><strong>Accusationis</strong></span> <span class='ocrx_word' id='word_1_80' title='bbox 858 1257 1005 1318; x_wconf 87' lang='lat' dir='ltr'><strong>ordinem</strong></span> <span class='ocrx_word' id='word_1_81' title='bbox 1026 1256 1191 1318; x_wconf 89' lang='lat' dir='ltr'><strong>canonicis</strong></span> <span class='ocrx_word' id='word_1_82' title='bbox 1217 1255 1344 1318; x_wconf 91' lang='lat' dir='ltr'><strong>dudum</strong></span> 
     </span>
     <span class='ocr_line' id='line_1_13' title="bbox 207 1337 1343 1425; baseline -0.004 -21"><span class='ocrx_word' id='word_1_83' title='bbox 207 1341 330 1425; x_wconf 83' lang='lat' dir='ltr'><strong>regulis</strong></span> <span class='ocrx_word' id='word_1_84' title='bbox 347 1338 530 1399; x_wconf 88' lang='lat' dir='ltr'><strong>institutum</strong></span> <span class='ocrx_word' id='word_1_85' title='bbox 546 1357 673 1398; x_wconf 84' lang='lat' dir='ltr'><strong>servare</strong></span> <span class='ocrx_word' id='word_1_86' title='bbox 690 1338 848 1416; x_wconf 88' lang='lat' dir='ltr'><strong>iubemus,</strong></span> <span class='ocrx_word' id='word_1_87' title='bbox 869 1347 905 1398; x_wconf 91' lang='lat' dir='ltr'><strong>ut</strong></span> <span class='ocrx_word' id='word_1_88' title='bbox 922 1337 948 1400; x_wconf 90' lang='lat' dir='ltr'><strong>si</strong></span> <span class='ocrx_word' id='word_1_89' title='bbox 965 1339 1041 1422; x_wconf 77' lang='lat' dir='ltr'><strong>quis</strong></span> <span class='ocrx_word' id='word_1_90' title='bbox 1061 1341 1209 1400; x_wconf 83' lang='lat' dir='ltr'><strong>Clericus</strong></span> <span class='ocrx_word' id='word_1_91' title='bbox 1223 1339 1257 1400; x_wconf 90' lang='lat' dir='ltr'><strong>in</strong></span> <span class='ocrx_word' id='word_1_92' title='bbox 1275 1342 1343 1401; x_wconf 89' lang='lat' dir='ltr'><strong>cri-</strong></span> 
     </span>
     <span class='ocr_line' id='line_1_14' title="bbox 208 1419 1344 1506; baseline -0.004 -19"><span class='ocrx_word' id='word_1_93' title='bbox 208 1425 322 1487; x_wconf 88' lang='lat' dir='ltr'><strong>minali</strong></span> <span class='ocrx_word' id='word_1_94' title='bbox 343 1422 395 1485; x_wconf 86' lang='lat' dir='ltr'><strong>vel</strong></span> <span class='ocrx_word' id='word_1_95' title='bbox 418 1421 452 1479; x_wconf 91' lang='lat' dir='ltr'><strong>in</strong></span> <span class='ocrx_word' id='word_1_96' title='bbox 470 1419 585 1481; x_wconf 83' lang='lat' dir='ltr'><strong>leviori</strong></span> <span class='ocrx_word' id='word_1_97' title='bbox 603 1439 696 1479; x_wconf 88' lang='lat' dir='ltr'><strong>causa</strong></span> <span class='ocrx_word' id='word_1_98' title='bbox 717 1421 885 1502; x_wconf 86' lang='lat' dir='ltr'><strong>pulsatur,</strong></span> <span class='ocrx_word' id='word_1_99' title='bbox 909 1420 960 1482; x_wconf 87' lang='lat' dir='ltr'><strong>vel</strong></span> <span class='ocrx_word' id='word_1_100' title='bbox 981 1423 1016 1482; x_wconf 92' lang='lat' dir='ltr'><strong>in</strong></span> <span class='ocrx_word' id='word_1_101' title='bbox 1041 1421 1228 1483; x_wconf 82' lang='lat' dir='ltr'><strong>discrimine</strong></span> <span class='ocrx_word' id='word_1_102' title='bbox 1251 1424 1344 1506; x_wconf 89' lang='lat' dir='ltr'><strong>capi-</strong></span> 
     </span>
     <span class='ocr_line' id='line_1_15' title="bbox 208 1501 1340 1585; baseline -0.004 -16"><span class='ocrx_word' id='word_1_103' title='bbox 208 1509 250 1569; x_wconf 89' lang='lat' dir='ltr'><strong>tis</strong></span> <span class='ocrx_word' id='word_1_104' title='bbox 265 1505 447 1580; x_wconf 87' lang='lat' dir='ltr'><strong>arcessitur,</strong></span> <span class='ocrx_word' id='word_1_105' title='bbox 470 1521 534 1562; x_wconf 88' lang='lat' dir='ltr'><strong>non</strong></span> <span class='ocrx_word' id='word_1_106' title='bbox 556 1501 661 1563; x_wconf 89' lang='lat' dir='ltr'><strong>statim</strong></span> <span class='ocrx_word' id='word_1_107' title='bbox 676 1522 751 1562; x_wconf 87' lang='lat' dir='ltr'><strong>reus</strong></span> <span class='ocrx_word' id='word_1_108' title='bbox 769 1503 954 1564; x_wconf 85' lang='lat' dir='ltr'><strong>aestimetur</strong></span> <span class='ocrx_word' id='word_1_109' title='bbox 970 1503 1046 1585; x_wconf 91' lang='lat' dir='ltr'><strong>quia</strong></span> <span class='ocrx_word' id='word_1_110' title='bbox 1066 1505 1208 1566; x_wconf 87' lang='lat' dir='ltr'><strong>accusari</strong></span> <span class='ocrx_word' id='word_1_111' title='bbox 1220 1506 1340 1585; x_wconf 86' lang='lat' dir='ltr'><strong>potuit,</strong></span> 
     </span>
     <span class='ocr_line' id='line_1_16' title="bbox 209 1583 1344 1670; baseline -0.004 -20"><span class='ocrx_word' id='word_1_112' title='bbox 209 1611 252 1650; x_wconf 88' lang='lat' dir='ltr'><strong>ne</strong></span> <span class='ocrx_word' id='word_1_113' title='bbox 271 1587 446 1649; x_wconf 89' lang='lat' dir='ltr'><strong>subiectam</strong></span> <span class='ocrx_word' id='word_1_114' title='bbox 459 1583 678 1644; x_wconf 88' lang='lat' dir='ltr'><strong>innocentiam</strong></span> <span class='ocrx_word' id='word_1_115' title='bbox 691 1583 861 1656; x_wconf 78' lang='lat' dir='ltr'><strong>faciamus3</strong></span> <span class='ocrx_word' id='word_1_116' title='bbox 882 1585 940 1646; x_wconf 89' lang='lat' dir='ltr'><strong>sed</strong></span> <span class='ocrx_word' id='word_1_117' title='bbox 959 1585 1107 1667; x_wconf 87' lang='lat' dir='ltr'><strong>quisquis</strong></span> <span class='ocrx_word' id='word_1_118' title='bbox 1131 1587 1188 1648; x_wconf 94' lang='lat' dir='ltr'><strong>ille</strong></span> <span class='ocrx_word' id='word_1_119' title='bbox 1213 1595 1261 1648; x_wconf 86' lang='lat' dir='ltr'><strong>est</strong></span> <span class='ocrx_word' id='word_1_120' title='bbox 1283 1586 1344 1670; x_wconf 89' lang='lat' dir='ltr'><strong>qui</strong></span> 
     </span>
     <span class='ocr_line' id='line_1_17' title="bbox 209 1665 1344 1763; baseline -0.005 -29"><span class='ocrx_word' id='word_1_121' title='bbox 209 1672 332 1734; x_wconf 88' lang='lat' dir='ltr'><strong>crimen</strong></span> <span class='ocrx_word' id='word_1_122' title='bbox 352 1667 510 1742; x_wconf 88' lang='lat' dir='ltr'><strong>intendit,</strong></span> <span class='ocrx_word' id='word_1_123' title='bbox 532 1666 566 1726; x_wconf 90' lang='lat' dir='ltr'><strong>in</strong></span> <span class='ocrx_word' id='word_1_124' title='bbox 591 1665 747 1727; x_wconf 87' lang='lat' dir='ltr'><strong>indiciam</strong></span> <span class='ocrx_word' id='word_1_125' title='bbox 776 1666 958 1763; x_wconf 80' lang='lat' dir='ltr'><strong>episcopale</strong></span> <span class='ocrx_word' id='word_1_126' title='bbox 988 1668 1117 1746; x_wconf 80' lang='lat' dir='ltr'><strong>veniat,</strong></span> <span class='ocrx_word' id='word_1_127' title='bbox 1149 1689 1266 1728; x_wconf 91' lang='lat' dir='ltr'><strong>nomen</strong></span> <span class='ocrx_word' id='word_1_128' title='bbox 1292 1669 1344 1730; x_wconf 86' lang='lat' dir='ltr'><strong>rei</strong></span> 
     </span>
     <span class='ocr_line' id='line_1_18' title="bbox 210 1747 1344 1832; baseline -0.005 -18"><span class='ocrx_word' id='word_1_129' title='bbox 210 1753 352 1827; x_wconf 88' lang='lat' dir='ltr'><strong>indicet,</strong></span> <span class='ocrx_word' id='word_1_130' title='bbox 373 1749 540 1810; x_wconf 83' lang='lat' dir='ltr'><strong>vinculum</strong></span> <span class='ocrx_word' id='word_1_131' title='bbox 553 1747 782 1829; x_wconf 62' lang='lat' dir='ltr'><strong>,inscriptionis</strong></span> <span class='ocrx_word' id='word_1_132' title='bbox 798 1749 949 1832; x_wconf 73' lang='lat' dir='ltr'><strong>arripiat,</strong></span> <span class='ocrx_word' id='word_1_133' title='bbox 972 1750 1131 1811; x_wconf 85' lang='lat' dir='ltr'><strong>custodiat</strong></span> <span class='ocrx_word' id='word_1_134' title='bbox 1153 1747 1344 1811; x_wconf 86' lang='lat' dir='ltr'><strong>similitudi-</strong></span> 
     </span>
     <span class='ocr_line' id='line_1_19' title="bbox 209 1829 1344 1913; baseline -0.003 -18"><span class='ocrx_word' id='word_1_135' title='bbox 209 1855 305 1910; x_wconf 87' lang='lat' dir='ltr'><strong>nem,</strong></span> <span class='ocrx_word' id='word_1_136' title='bbox 326 1830 434 1890; x_wconf 90' lang='lat' dir='ltr'><strong>habita</strong></span> <span class='ocrx_word' id='word_1_137' title='bbox 448 1840 554 1890; x_wconf 89' lang='lat' dir='ltr'><strong>tamen</strong></span> <span class='ocrx_word' id='word_1_138' title='bbox 576 1829 741 1912; x_wconf 83' lang='lat' dir='ltr'><strong>dignitatis</strong></span> <span class='ocrx_word' id='word_1_139' title='bbox 759 1830 976 1892; x_wconf 88' lang='lat' dir='ltr'><strong>aestimatione</strong></span> <span class='ocrx_word' id='word_1_140' title='bbox 1002 1832 1150 1913; x_wconf 86' lang='lat' dir='ltr'><strong>patiatur.</strong></span> <span class='ocrx_word' id='word_1_141' title='bbox 1190 1833 1257 1895; x_wconf 87' lang='lat' dir='ltr'><strong>Nec</strong></span> <span class='ocrx_word' id='word_1_142' title='bbox 1281 1831 1344 1894; x_wconf 88' lang='lat' dir='ltr'><strong>sibi</strong></span> 
     </span>
     <span class='ocr_line' id='line_1_20' title="bbox 208 1911 1344 1984; baseline -0.003 -7"><span class='ocrx_word' id='word_1_143' title='bbox 208 1917 281 1977; x_wconf 84' lang='lat' dir='ltr'><strong>fore</strong></span> <span class='ocrx_word' id='word_1_144' title='bbox 297 1913 423 1975; x_wconf 86' lang='lat' dir='ltr'><strong>noverit</strong></span> <span class='ocrx_word' id='word_1_145' title='bbox 439 1911 602 1972; x_wconf 90' lang='lat' dir='ltr'><strong>licentiam</strong></span> <span class='ocrx_word' id='word_1_146' title='bbox 620 1911 824 1984; x_wconf 88' lang='lat' dir='ltr'><strong>mentiendi,</strong></span> <span class='ocrx_word' id='word_1_147' title='bbox 847 1935 922 1974; x_wconf 90' lang='lat' dir='ltr'><strong>cum</strong></span> <span class='ocrx_word' id='word_1_148' title='bbox 952 1914 1185 1976; x_wconf 85' lang='lat' dir='ltr'><strong>calumniantes</strong></span> <span class='ocrx_word' id='word_1_149' title='bbox 1207 1915 1248 1976; x_wconf 89' lang='lat' dir='ltr'><strong>ad</strong></span> <span class='ocrx_word' id='word_1_150' title='bbox 1271 1914 1344 1977; x_wconf 77' lang='lat' dir='ltr'><strong>vin·</strong></span> 
     </span>
     <span class='ocr_line' id='line_1_21' title="bbox 210 1991 1108 2077; baseline -0.01 -18"><span class='ocrx_word' id='word_1_151' title='bbox 210 1997 328 2059; x_wconf 87' lang='lat' dir='ltr'><strong>dictam</strong></span> <span class='ocrx_word' id='word_1_152' title='bbox 343 2002 452 2077; x_wconf 91' lang='lat' dir='ltr'><strong>poscat</strong></span> <span class='ocrx_word' id='word_1_153' title='bbox 467 1991 644 2053; x_wconf 89' lang='lat' dir='ltr'><strong>similitudo</strong></span> <span class='ocrx_word' id='word_1_154' title='bbox 667 1993 828 2075; x_wconf 90' lang='lat' dir='ltr'><strong>supplicii.</strong></span> <span class='ocrx_word' id='word_1_155' title='bbox 1105 1997 1108 2002; x_wconf 84' lang='grc'><strong>“</strong></span> 
     </span>
    </p>
   </div>
   <div class='ocr_carea' id='block_1_3' title="bbox 204 2097 1342 4241">
    <p class='ocr_par' dir='ltr' id='par_1_4' title="bbox 204 2097 1342 4241">
     <span class='ocr_line' id='line_1_22' title="bbox 208 2097 1341 2184; baseline 0.003 -24"><span class='ocrx_word' id='word_1_156' title='bbox 208 2103 258 2164; x_wconf 90' lang='lat' dir='ltr'><strong>De</strong></span> <span class='ocrx_word' id='word_1_157' title='bbox 275 2100 372 2160; x_wconf 81' lang='lat' dir='ltr'><strong>servis</strong></span> <span class='ocrx_word' id='word_1_158' title='bbox 390 2110 420 2157; x_wconf 88' lang='lat' dir='ltr'><strong>et</strong></span> <span class='ocrx_word' id='word_1_159' title='bbox 436 2097 577 2168; x_wconf 73' lang='lat' dir='ltr'><strong>libertis,</strong></span> <span class='ocrx_word' id='word_1_160' title='bbox 602 2099 650 2158; x_wconf 78' lang='lat' dir='ltr'><strong>vel</strong></span> <span class='ocrx_word' id='word_1_161' title='bbox 670 2097 838 2178; x_wconf 82' lang='lat' dir='ltr'><strong>infamibus</strong></span> <span class='ocrx_word' id='word_1_162' title='bbox 863 2101 1025 2184; x_wconf 86' lang='lat' dir='ltr'><strong>personis,</strong></span> <span class='ocrx_word' id='word_1_163' title='bbox 1055 2122 1119 2162; x_wconf 90' lang='lat' dir='ltr'><strong>non</strong></span> <span class='ocrx_word' id='word_1_164' title='bbox 1139 2102 1341 2182; x_wconf 80' lang='lat' dir='ltr'><strong>recipiendis,</strong></span> 
     </span>
     <span class='ocr_line' id='line_1_23' title="bbox 294 2178 1342 2266; baseline 0.001 -23"><span class='ocrx_word' id='word_1_165' title='bbox 294 2178 589 2243; x_wconf 73' lang='lat' dir='ltr'><strong>ccccxxxvlt.</strong></span> <span class='ocrx_word' id='word_1_166' title='bbox 630 2181 752 2240; x_wconf 90' lang='lat' dir='ltr'><strong>Omnes</strong></span> <span class='ocrx_word' id='word_1_167' title='bbox 772 2182 857 2242; x_wconf 87' lang='lat' dir='ltr'><strong>servi</strong></span> <span class='ocrx_word' id='word_1_168' title='bbox 882 2185 935 2244; x_wconf 84' lang='lat' dir='ltr'><strong>vel</strong></span> <span class='ocrx_word' id='word_1_169' title='bbox 964 2183 1072 2244; x_wconf 89' lang='lat' dir='ltr'><strong>liberti</strong></span> <span class='ocrx_word' id='word_1_170' title='bbox 1094 2205 1269 2266; x_wconf 89' lang='lat' dir='ltr'><strong>omnesque</strong></span> <span class='ocrx_word' id='word_1_171' title='bbox 1291 2186 1342 2244; x_wconf 90' lang='lat' dir='ltr'><strong>in-</strong></span> 
     </span>
     <span class='ocr_line' id='line_1_24' title="bbox 208 2262 1339 2346; baseline 0.002 -20"><span class='ocrx_word' id='word_1_172' title='bbox 208 2269 307 2330; x_wconf 87' lang='lat' dir='ltr'><strong>fames</strong></span> <span class='ocrx_word' id='word_1_173' title='bbox 328 2282 482 2346; x_wconf 89' lang='lat' dir='ltr'><strong>personae</strong></span> <span class='ocrx_word' id='word_1_174' title='bbox 499 2282 563 2320; x_wconf 93' lang='lat' dir='ltr'><strong>non</strong></span> <span class='ocrx_word' id='word_1_175' title='bbox 583 2262 807 2343; x_wconf 90' lang='lat' dir='ltr'><strong>permittantur</strong></span> <span class='ocrx_word' id='word_1_176' title='bbox 827 2264 962 2326; x_wconf 89' lang='lat' dir='ltr'><strong>maiores</strong></span> <span class='ocrx_word' id='word_1_177' title='bbox 996 2275 1073 2326; x_wconf 91' lang='lat' dir='ltr'><strong>natu</strong></span> <span class='ocrx_word' id='word_1_178' title='bbox 1095 2287 1260 2342; x_wconf 89' lang='lat' dir='ltr'><strong>accusare,</strong></span> <span class='ocrx_word' id='word_1_179' title='bbox 1284 2269 1339 2328; x_wconf 88' lang='lat' dir='ltr'><strong>vel</strong></span> 
     </span>
     <span class='ocr_line' id='line_1_25' title="bbox 210 2343 1338 2430; baseline 0 -20"><span class='ocrx_word' id='word_1_180' title='bbox 210 2369 321 2412; x_wconf 88' lang='lat' dir='ltr'><strong>omnes</strong></span> <span class='ocrx_word' id='word_1_181' title='bbox 336 2366 417 2426; x_wconf 88' lang='lat' dir='ltr'><strong>quos</strong></span> <span class='ocrx_word' id='word_1_182' title='bbox 434 2343 473 2404; x_wconf 87' lang='lat' dir='ltr'><strong>ad</strong></span> <span class='ocrx_word' id='word_1_183' title='bbox 489 2343 809 2424; x_wconf 79' lang='lat' dir='ltr'><strong>accusanda&#39;publica</strong></span> <span class='ocrx_word' id='word_1_184' title='bbox 828 2345 963 2406; x_wconf 90' lang='lat' dir='ltr'><strong>crimina</strong></span> <span class='ocrx_word' id='word_1_185' title='bbox 986 2347 1073 2428; x_wconf 81' lang='lat' dir='ltr'><strong>leges</strong></span> <span class='ocrx_word' id='word_1_186' title='bbox 1096 2347 1244 2430; x_wconf 88' lang='lat' dir='ltr'><strong>publicae</strong></span> <span class='ocrx_word' id='word_1_187' title='bbox 1269 2370 1338 2410; x_wconf 87' lang='lat' dir='ltr'><strong>nou</strong></span> 
     </span>
     <span class='ocr_line' id='line_1_26' title="bbox 208 2425 1339 2508; baseline -0.001 -16"><span class='ocrx_word' id='word_1_188' title='bbox 208 2431 390 2492; x_wconf 89' lang='lat' dir='ltr'><strong>admittunt.</strong></span> <span class='ocrx_word' id='word_1_189' title='bbox 433 2425 570 2485; x_wconf 89' lang='lat' dir='ltr'><strong>Infames</strong></span> <span class='ocrx_word' id='word_1_190' title='bbox 589 2435 664 2504; x_wconf 81' lang='lat' dir='ltr'><strong>sunt</strong></span> <span class='ocrx_word' id='word_1_191' title='bbox 684 2427 793 2486; x_wconf 91' lang='lat' dir='ltr'><strong>cuncti</strong></span> <span class='ocrx_word' id='word_1_192' title='bbox 810 2449 890 2508; x_wconf 91' lang='lat' dir='ltr'><strong>quos</strong></span> <span class='ocrx_word' id='word_1_193' title='bbox 906 2428 1033 2488; x_wconf 89' lang='lat' dir='ltr'><strong>decreta</strong></span> <span class='ocrx_word' id='word_1_194' title='bbox 1050 2432 1206 2490; x_wconf 90' lang='lat' dir='ltr'><strong>canonica</strong></span> <span class='ocrx_word' id='word_1_195' title='bbox 1225 2439 1255 2490; x_wconf 88' lang='lat' dir='ltr'><strong>et</strong></span> <span class='ocrx_word' id='word_1_196' title='bbox 1281 2451 1339 2491; x_wconf 91' lang='lat' dir='ltr'><strong>ec-</strong></span> 
     </span>
     <span class='ocr_line' id='line_1_27' title="bbox 208 2507 1337 2654; baseline -0.001 -79"><span class='ocrx_word' id='word_1_197' title='bbox 208 2510 414 2654; x_wconf 80' lang='lat' dir='ltr'><strong>clesiastica,6</strong></span> <span class='ocrx_word' id='word_1_198' title='bbox 433 2515 528 2590; x_wconf 87' lang='lat' dir='ltr'><strong>atque</strong></span> <span class='ocrx_word' id='word_1_199' title='bbox 560 2507 647 2590; x_wconf 84' lang='lat' dir='ltr'><strong>leges</strong></span> <span class='ocrx_word' id='word_1_200' title='bbox 679 2509 865 2570; x_wconf 82' lang='lat' dir='ltr'><strong>saeculares</strong></span> <span class='ocrx_word' id='word_1_201' title='bbox 892 2510 1078 2572; x_wconf 89' lang='lat' dir='ltr'><strong>adscribunt</strong></span> <span class='ocrx_word' id='word_1_202' title='bbox 1105 2511 1238 2573; x_wconf 87' lang='lat' dir='ltr'><strong>infames</strong></span> <span class='ocrx_word' id='word_1_203' title='bbox 1255 2533 1337 2576; x_wconf 90' lang='lat' dir='ltr'><strong>esse.</strong></span> 
     </span>
     <span class='ocr_line' id='line_1_28' title="bbox 210 2597 1139 2656; baseline -0.006 0"><span class='ocrx_word' id='word_1_204' title='bbox 210 2597 252 2656; x_wconf 90' lang='lat' dir='ltr'><strong>Su</strong></span> <span class='ocrx_word' id='word_1_205' title='bbox 276 2614 353 2654; x_wconf 84' lang='lat' dir='ltr'><strong>roc.</strong></span> <span class='ocrx_word' id='word_1_206' title='bbox 416 2634 423 2649; x_wconf 91' lang='lat'><strong>.</strong></span> <span class='ocrx_word' id='word_1_207' title='bbox 904 2597 908 2602; x_wconf 86' lang='lat'>&#39;</span> <span class='ocrx_word' id='word_1_208' title='bbox 1135 2598 1139 2605; x_wconf 86' lang='lat'>&#39;</span> 
     </span>
     <span class='ocr_line' id='line_1_29' title="bbox 206 2612 1337 2760; baseline -0.002 -24"><span class='ocrx_word' id='word_1_209' title='bbox 206 2612 444 2760; x_wconf 63' lang='lat' dir='ltr'><strong>DepEpiscipis</strong></span> <span class='ocrx_word' id='word_1_210' title='bbox 466 2683 496 2732; x_wconf 87' lang='lat' dir='ltr'><strong>et</strong></span> <span class='ocrx_word' id='word_1_211' title='bbox 517 2671 647 2754; x_wconf 87' lang='lat' dir='ltr'><strong>reliquis</strong></span> <span class='ocrx_word' id='word_1_212' title='bbox 667 2669 904 2745; x_wconf 82' lang='lat' dir='ltr'><strong>Sacerdotibus,</strong></span> <span class='ocrx_word' id='word_1_213' title='bbox 925 2672 973 2732; x_wconf 85' lang='lat' dir='ltr'><strong>vel</strong></span> <span class='ocrx_word' id='word_1_214' title='bbox 999 2673 1130 2735; x_wconf 85' lang='lat' dir='ltr'><strong>Clericis</strong></span> <span class='ocrx_word' id='word_1_215' title='bbox 1150 2673 1195 2736; x_wconf 88' lang='lat' dir='ltr'><strong>ad</strong></span> <span class='ocrx_word' id='word_1_216' title='bbox 1213 2673 1337 2735; x_wconf 87' lang='lat' dir='ltr'><strong>secula-</strong></span> 
     </span>
     <span class='ocr_line' id='line_1_30' title="bbox 492 2751 1049 2821; baseline 0.004 -9"><span class='ocrx_word' id='word_1_217' title='bbox 492 2773 542 2812; x_wconf 86' lang='lat' dir='ltr'><strong>res</strong></span> <span class='ocrx_word' id='word_1_218' title='bbox 556 2751 683 2813; x_wconf 86' lang='lat' dir='ltr'><strong>Iudices</strong></span> <span class='ocrx_word' id='word_1_219' title='bbox 706 2755 831 2814; x_wconf 85' lang='lat' dir='ltr'><strong>minime</strong></span> <span class='ocrx_word' id='word_1_220' title='bbox 855 2755 1049 2821; x_wconf 84' lang='lat' dir='ltr'><strong>accusandis.</strong></span> 
     </span>
     <span class='ocr_line' id='line_1_31' title="bbox 248 2833 1342 2919; baseline 0 -19"><span class='ocrx_word' id='word_1_221' title='bbox 248 2833 560 2906; x_wconf 77' lang='lat' dir='ltr'><strong>CCCCXXXVIH.</strong></span> <span class='ocrx_word' id='word_1_222' title='bbox 583 2833 615 2894; x_wconf 84' lang='lat' dir='ltr'><strong>si</strong></span> <span class='ocrx_word' id='word_1_223' title='bbox 628 2834 895 2919; x_wconf 86' lang='lat' dir='ltr'><strong>qnisEpiscopus,</strong></span> <span class='ocrx_word' id='word_1_224' title='bbox 906 2836 1088 2919; x_wconf 86' lang='lat' dir='ltr'><strong>Presbyter,</strong></span> <span class='ocrx_word' id='word_1_225' title='bbox 1100 2838 1342 2915; x_wconf 88' lang='lat' dir='ltr'><strong>autDiaconus,</strong></span> 
     </span>
     <span class='ocr_line' id='line_1_32' title="bbox 205 2916 1339 3004; baseline -0.006 -20"><span class='ocrx_word' id='word_1_226' title='bbox 205 2921 260 2984; x_wconf 77' lang='lat' dir='ltr'><strong>vel</strong></span> <span class='ocrx_word' id='word_1_227' title='bbox 269 2916 534 3004; x_wconf 88' lang='lat' dir='ltr'><strong>quilibetClerici</strong></span> <span class='ocrx_word' id='word_1_228' title='bbox 546 2916 823 3000; x_wconf 89' lang='lat' dir='ltr'><strong>apudEpiscopos,</strong></span> <span class='ocrx_word' id='word_1_229' title='bbox 835 2919 911 3000; x_wconf 89' lang='lat' dir='ltr'><strong>quia</strong></span> <span class='ocrx_word' id='word_1_230' title='bbox 922 2919 999 2978; x_wconf 88' lang='lat' dir='ltr'><strong>alibi</strong></span> <span class='ocrx_word' id='word_1_231' title='bbox 1012 2941 1075 2979; x_wconf 92' lang='lat' dir='ltr'><strong>non</strong></span> <span class='ocrx_word' id='word_1_232' title='bbox 1088 2919 1223 3002; x_wconf 85' lang='lat' dir='ltr'><strong>oportet,</strong></span> <span class='ocrx_word' id='word_1_233' title='bbox 1235 2921 1250 2980; x_wconf 83' lang='lat' dir='ltr'><strong>b</strong></span> <span class='ocrx_word' id='word_1_234' title='bbox 1260 2941 1339 3000; x_wconf 92' lang='lat' dir='ltr'><strong>qua-</strong></span> 
     </span>
     <span class='ocr_line' id='line_1_33' title="bbox 206 2999 1338 3084; baseline -0.004 -19"><span class='ocrx_word' id='word_1_235' title='bbox 206 3003 287 3065; x_wconf 91' lang='lat' dir='ltr'><strong>libet</strong></span> <span class='ocrx_word' id='word_1_236' title='bbox 299 3008 434 3084; x_wconf 82' lang='lat' dir='ltr'><strong>person&#39;a</strong></span> <span class='ocrx_word' id='word_1_237' title='bbox 443 2999 564 3060; x_wconf 88' lang='lat' dir='ltr'><strong>fuerint</strong></span> <span class='ocrx_word' id='word_1_238' title='bbox 573 2999 720 3074; x_wconf 90' lang='lat' dir='ltr'><strong>accusati,</strong></span> <span class='ocrx_word' id='word_1_239' title='bbox 733 2999 920 3081; x_wconf 90' lang='lat' dir='ltr'><strong>quicunque</strong></span> <span class='ocrx_word' id='word_1_240' title='bbox 930 3001 1029 3061; x_wconf 89' lang='lat' dir='ltr'><strong>faerit</strong></span> <span class='ocrx_word' id='word_1_241' title='bbox 1042 3001 1109 3062; x_wconf 78' lang='lat' dir='ltr'><strong>sive</strong></span> <span class='ocrx_word' id='word_1_242' title='bbox 1121 3002 1176 3062; x_wconf 91' lang='lat' dir='ltr'><strong>ille</strong></span> <span class='ocrx_word' id='word_1_243' title='bbox 1191 3002 1338 3063; x_wconf 87' lang='lat' dir='ltr'><strong>sublimis</strong></span> 
     </span>
     <span class='ocr_line' id='line_1_34' title="bbox 207 3080 1338 3165; baseline -0.001 -21"><span class='ocrx_word' id='word_1_244' title='bbox 207 3080 410 3159; x_wconf 79' lang='lat' dir='ltr'><strong>virhoiaoris,</strong></span> <span class='ocrx_word' id='word_1_245' title='bbox 421 3081 489 3143; x_wconf 82' lang='lat' dir='ltr'><strong>sive</strong></span> <span class='ocrx_word' id='word_1_246' title='bbox 500 3081 599 3140; x_wconf 91' lang='lat' dir='ltr'><strong>ullius</strong></span> <span class='ocrx_word' id='word_1_247' title='bbox 613 3080 743 3141; x_wconf 90' lang='lat' dir='ltr'><strong>alterius</strong></span> <span class='ocrx_word' id='word_1_248' title='bbox 755 3081 927 3162; x_wconf 80' lang='lat' dir='ltr'><strong>dignitatis,</strong></span> <span class='ocrx_word' id='word_1_249' title='bbox 938 3083 994 3165; x_wconf 91' lang='lat' dir='ltr'><strong>qui</strong></span> <span class='ocrx_word' id='word_1_250' title='bbox 1007 3082 1069 3143; x_wconf 92' lang='lat' dir='ltr'><strong>boc</strong></span> <span class='ocrx_word' id='word_1_251' title='bbox 1079 3105 1181 3165; x_wconf 79' lang='lat' dir='ltr'><strong>genus</strong></span> <span class='ocrx_word' id='word_1_252' title='bbox 1191 3084 1338 3145; x_wconf 89' lang='lat' dir='ltr'><strong>inlauda-</strong></span> 
     </span>
     <span class='ocr_line' id='line_1_35' title="bbox 204 3162 1339 3246; baseline -0.003 -17"><span class='ocrx_word' id='word_1_253' title='bbox 204 3168 282 3229; x_wconf 86' lang='lat' dir='ltr'><strong>bilis</strong></span> <span class='ocrx_word' id='word_1_254' title='bbox 296 3163 488 3225; x_wconf 90' lang='lat' dir='ltr'><strong>intentionis</strong></span> <span class='ocrx_word' id='word_1_255' title='bbox 505 3162 650 3244; x_wconf 89' lang='lat' dir='ltr'><strong>arripuit,</strong></span> <span class='ocrx_word' id='word_1_256' title='bbox 666 3162 947 3225; x_wconf 88' lang='lat' dir='ltr'><strong>noveritdocenda</strong></span> <span class='ocrx_word' id='word_1_257' title='bbox 963 3164 1214 3246; x_wconf 87' lang='lat' dir='ltr'><strong>probationibus,</strong></span> <span class='ocrx_word' id='word_1_258' title='bbox 1231 3188 1339 3226; x_wconf 91' lang='lat' dir='ltr'><strong>mons-</strong></span> 
     </span>
     <span class='ocr_line' id='line_1_36' title="bbox 205 3244 1339 3329; baseline -0.005 -17"><span class='ocrx_word' id='word_1_259' title='bbox 205 3248 319 3312; x_wconf 88' lang='lat' dir='ltr'><strong>tranda</strong></span> <span class='ocrx_word' id='word_1_260' title='bbox 335 3245 533 3308; x_wconf 84' lang='lat' dir='ltr'><strong>documentis</strong></span> <span class='ocrx_word' id='word_1_261' title='bbox 545 3265 577 3304; x_wconf 90' lang='lat' dir='ltr'><strong>se</strong></span> <span class='ocrx_word' id='word_1_262' title='bbox 589 3244 706 3304; x_wconf 89' lang='lat' dir='ltr'><strong>debere</strong></span> <span class='ocrx_word' id='word_1_263' title='bbox 720 3244 849 3306; x_wconf 85' lang='lat' dir='ltr'><strong>inferre.</strong></span> <span class='ocrx_word' id='word_1_264' title='bbox 861 3245 975 3328; x_wconf 90' lang='lat' dir='ltr'><strong>Siquis</strong></span> <span class='ocrx_word' id='word_1_265' title='bbox 987 3268 1064 3329; x_wconf 81' lang='lat' dir='ltr'><strong>ergo</strong></span> <span class='ocrx_word' id='word_1_266' title='bbox 1078 3248 1163 3308; x_wconf 91' lang='lat' dir='ltr'><strong>circa</strong></span> <span class='ocrx_word' id='word_1_267' title='bbox 1172 3247 1339 3308; x_wconf 88' lang='lat' dir='ltr'><strong>huiusmo-</strong></span> 
     </span>
     <span class='ocr_line' id='line_1_37' title="bbox 206 3326 1338 3415; baseline -0.003 -21"><span class='ocrx_word' id='word_1_268' title='bbox 206 3333 240 3395; x_wconf 94' lang='lat' dir='ltr'><strong>di</strong></span> <span class='ocrx_word' id='word_1_269' title='bbox 250 3337 480 3415; x_wconf 72' lang='lat' dir='ltr'><strong>personas‘non</strong></span> <span class='ocrx_word' id='word_1_270' title='bbox 492 3327 656 3408; x_wconf 89' lang='lat' dir='ltr'><strong>probanda</strong></span> <span class='ocrx_word' id='word_1_271' title='bbox 668 3326 831 3404; x_wconf 86' lang='lat' dir='ltr'><strong>detulerit,</strong></span> <span class='ocrx_word' id='word_1_272' title='bbox 841 3327 1029 3389; x_wconf 87' lang='lat' dir='ltr'><strong>auctoritate</strong></span> <span class='ocrx_word' id='word_1_273' title='bbox 1047 3329 1144 3390; x_wconf 88' lang='lat' dir='ltr'><strong>huius</strong></span> <span class='ocrx_word' id='word_1_274' title='bbox 1160 3330 1338 3391; x_wconf 85' lang='lat' dir='ltr'><strong>sanctionis</strong></span> 
     </span>
     <span class='ocr_line' id='line_1_38' title="bbox 206 3408 1340 3493; baseline -0.004 -17"><span class='ocrx_word' id='word_1_275' title='bbox 206 3413 369 3493; x_wconf 79' lang='lat' dir='ltr'><strong>intelligat</strong></span> <span class='ocrx_word' id='word_1_276' title='bbox 387 3432 420 3471; x_wconf 92' lang='lat' dir='ltr'><strong>se</strong></span> <span class='ocrx_word' id='word_1_277' title='bbox 441 3409 595 3468; x_wconf 88' lang='lat' dir='ltr'><strong>iacturam</strong></span> <span class='ocrx_word' id='word_1_278' title='bbox 611 3411 712 3468; x_wconf 89' lang='lat' dir='ltr'><strong>famae</strong></span> <span class='ocrx_word' id='word_1_279' title='bbox 725 3408 873 3490; x_wconf 89' lang='lat' dir='ltr'><strong>propriae</strong></span> <span class='ocrx_word' id='word_1_280' title='bbox 888 3411 1045 3470; x_wconf 89' lang='lat' dir='ltr'><strong>sustinere</strong></span> <span class='ocrx_word' id='word_1_281' title='bbox 1054 3435 1062 3482; x_wconf 89' lang='lat'>;</span> <span class='ocrx_word' id='word_1_282' title='bbox 1084 3411 1258 3472; x_wconf 34' lang='lat' dir='ltr'><strong>¹ntidamno</strong></span> <span class='ocrx_word' id='word_1_283' title='bbox 1270 3433 1340 3492; x_wconf 56' lang='lat' dir='ltr'><strong>pu*</strong></span> 
     </span>
     <span class='ocr_line' id='line_1_39' title="bbox 207 3489 1338 3572; baseline -0.007 -12"><span class='ocrx_word' id='word_1_284' title='bbox 207 3495 311 3572; x_wconf 89' lang='lat' dir='ltr'><strong>doris,</strong></span> <span class='ocrx_word' id='word_1_285' title='bbox 333 3491 576 3554; x_wconf 78' lang='lat' dir='ltr'><strong>existimationis</strong></span> <span class='ocrx_word' id='word_1_286' title='bbox 603 3489 789 3572; x_wconf 88' lang='lat' dir='ltr'><strong>dispendio,</strong></span> <span class='ocrx_word' id='word_1_287' title='bbox 813 3491 913 3552; x_wconf 88' lang='lat' dir='ltr'><strong>discat</strong></span> <span class='ocrx_word' id='word_1_288' title='bbox 937 3492 998 3553; x_wconf 90' lang='lat' dir='ltr'><strong>sibi</strong></span> <span class='ocrx_word' id='word_1_289' title='bbox 1024 3493 1148 3553; x_wconf 90' lang='lat' dir='ltr'><strong>alienae</strong></span> <span class='ocrx_word' id='word_1_290' title='bbox 1175 3515 1338 3556; x_wconf 81' lang='lat' dir='ltr'><strong>verecun-</strong></span> 
     </span>
     <span class='ocr_line' id='line_1_40' title="bbox 207 3572 1338 3658; baseline -0.006 -18"><span class='ocrx_word' id='word_1_291' title='bbox 207 3580 279 3641; x_wconf 91' lang='lat' dir='ltr'><strong>diae</strong></span> <span class='ocrx_word' id='word_1_292' title='bbox 302 3578 433 3658; x_wconf 90' lang='lat' dir='ltr'><strong>impune</strong></span> <span class='ocrx_word' id='word_1_293' title='bbox 457 3572 601 3633; x_wconf 88' lang='lat' dir='ltr'><strong>insidiari</strong></span> <span class='ocrx_word' id='word_1_294' title='bbox 617 3575 728 3632; x_wconf 89' lang='lat' dir='ltr'><strong>saltem</strong></span> <span class='ocrx_word' id='word_1_295' title='bbox 750 3572 936 3634; x_wconf 88' lang='lat' dir='ltr'><strong>decaetero</strong></span> <span class='ocrx_word' id='word_1_296' title='bbox 954 3596 1020 3634; x_wconf 89' lang='lat' dir='ltr'><strong>non</strong></span> <span class='ocrx_word' id='word_1_297' title='bbox 1045 3574 1154 3635; x_wconf 88' lang='lat' dir='ltr'><strong>licere.</strong></span> <span class='ocrx_word' id='word_1_298' title='bbox 1194 3577 1276 3636; x_wconf 88' lang='lat' dir='ltr'><strong>Nam</strong></span> <span class='ocrx_word' id='word_1_299' title='bbox 1295 3575 1338 3634; x_wconf 90' lang='lat' dir='ltr'><strong>si-</strong></span> 
     </span>
     <span class='ocr_line' id='line_1_41' title="bbox 207 3654 1338 3742; baseline -0.006 -19"><span class='ocrx_word' id='word_1_300' title='bbox 207 3671 262 3723; x_wconf 91' lang='lat' dir='ltr'><strong>cut</strong></span> <span class='ocrx_word' id='word_1_301' title='bbox 281 3660 468 3742; x_wconf 89' lang='lat' dir='ltr'><strong>Episcopos,</strong></span> <span class='ocrx_word' id='word_1_302' title='bbox 490 3654 706 3736; x_wconf 86' lang='lat' dir='ltr'><strong>Presbyteros,</strong></span> <span class='ocrx_word' id='word_1_303' title='bbox 728 3654 899 3730; x_wconf 85' lang='lat' dir='ltr'><strong>Diaconos,</strong></span> <span class='ocrx_word' id='word_1_304' title='bbox 921 3665 1139 3737; x_wconf 85' lang='lat' dir='ltr'><strong>caeterosque,</strong></span> <span class='ocrx_word' id='word_1_305' title='bbox 1164 3655 1190 3716; x_wconf 91' lang='lat' dir='ltr'><strong>si</strong></span> <span class='ocrx_word' id='word_1_306' title='bbox 1203 3655 1255 3718; x_wconf 92' lang='lat' dir='ltr'><strong>his</strong></span> <span class='ocrx_word' id='word_1_307' title='bbox 1275 3656 1338 3718; x_wconf 78' lang='lat' dir='ltr'><strong>ob-</strong></span> 
     </span>
     <span class='ocr_line' id='line_1_42' title="bbox 208 3736 1338 3823; baseline -0.008 -17"><span class='ocrx_word' id='word_1_308' title='bbox 208 3745 290 3806; x_wconf 90' lang='lat' dir='ltr'><strong>iecta</strong></span> <span class='ocrx_word' id='word_1_309' title='bbox 306 3739 471 3823; x_wconf 89' lang='lat' dir='ltr'><strong>potuerint</strong></span> <span class='ocrx_word' id='word_1_310' title='bbox 490 3736 714 3817; x_wconf 85' lang='lat' dir='ltr'><strong>comprobare,</strong></span> <span class='ocrx_word' id='word_1_311' title='bbox 737 3736 775 3795; x_wconf 91' lang='lat' dir='ltr'><strong>ab</strong></span> <span class='ocrx_word' id='word_1_312' title='bbox 788 3737 1012 3799; x_wconf 87' lang='lat' dir='ltr'><strong>ecclesiasticis</strong></span> <span class='ocrx_word' id='word_1_313' title='bbox 1028 3737 1177 3819; x_wconf 85' lang='lat' dir='ltr'><strong>gradibus</strong></span> <span class='ocrx_word' id='word_1_314' title='bbox 1194 3759 1338 3820; x_wconf 89' lang='lat' dir='ltr'><strong>aequum</strong></span> 
     </span>
     <span class='ocr_line' id='line_1_43' title="bbox 208 3817 1339 3902; baseline -0.008 -13"><span class='ocrx_word' id='word_1_315' title='bbox 208 3837 256 3889; x_wconf 88' lang='lat' dir='ltr'><strong>est</strong></span> <span class='ocrx_word' id='word_1_316' title='bbox 267 3820 447 3897; x_wconf 85' lang='lat' dir='ltr'><strong>removeri,</strong></span> <span class='ocrx_word' id='word_1_317' title='bbox 469 3819 512 3878; x_wconf 89' lang='lat' dir='ltr'><strong>ita</strong></span> <span class='ocrx_word' id='word_1_318' title='bbox 538 3817 651 3878; x_wconf 90' lang='lat' dir='ltr'><strong>similis</strong></span> <span class='ocrx_word' id='word_1_319' title='bbox 677 3818 781 3879; x_wconf 85' lang='lat' dir='ltr'><strong>videri</strong></span> <span class='ocrx_word' id='word_1_320' title='bbox 809 3819 907 3880; x_wconf 86' lang='lat' dir='ltr'><strong>debet</strong></span> <span class='ocrx_word' id='word_1_321' title='bbox 938 3819 1076 3881; x_wconf 88' lang='lat' dir='ltr'><strong>iustitiae</strong></span> <span class='ocrx_word' id='word_1_322' title='bbox 1097 3819 1210 3878; x_wconf 89' lang='lat' dir='ltr'><strong>modus</strong></span> <span class='ocrx_word' id='word_1_323' title='bbox 1246 3821 1339 3902; x_wconf 90' lang='lat' dir='ltr'><strong>quod</strong></span> 
     </span>
     <span class='ocr_line' id='line_1_44' title="bbox 207 3899 1342 3992; baseline -0.008 -23"><span class='ocrx_word' id='word_1_324' title='bbox 207 3906 365 3992; x_wconf 86' lang='lat' dir='ltr'><strong>appetitae</strong></span> <span class='ocrx_word' id='word_1_325' title='bbox 392 3901 598 3962; x_wconf 88' lang='lat' dir='ltr'><strong>innocentiae</strong></span> <span class='ocrx_word' id='word_1_326' title='bbox 627 3900 821 3961; x_wconf 88' lang='lat' dir='ltr'><strong>moderatam</strong></span> <span class='ocrx_word' id='word_1_327' title='bbox 852 3902 971 3962; x_wconf 85' lang='lat' dir='ltr'><strong>deferri</strong></span> <span class='ocrx_word' id='word_1_328' title='bbox 995 3903 1142 3964; x_wconf 90' lang='lat' dir='ltr'><strong>iussimus</strong></span> <span class='ocrx_word' id='word_1_329' title='bbox 1166 3899 1342 3966; x_wconf 76' lang='lat' dir='ltr'><strong>ultionem&#39;</strong></span> 
     </span>
     <span class='ocr_line' id='line_1_45' title="bbox 207 3982 1339 4068; baseline -0.007 -15"><span class='ocrx_word' id='word_1_330' title='bbox 207 3993 285 4052; x_wconf 88' lang='lat' dir='ltr'><strong>ldeo</strong></span> <span class='ocrx_word' id='word_1_331' title='bbox 298 3982 521 4047; x_wconf 88' lang='lat' dir='ltr'><strong>huiuscemodi</strong></span> <span class='ocrx_word' id='word_1_332' title='bbox 540 3982 694 4043; x_wconf 87' lang='lat' dir='ltr'><strong>duntaxat</strong></span> <span class='ocrx_word' id='word_1_333' title='bbox 712 3993 821 4045; x_wconf 85' lang='lat' dir='ltr'><strong>causas</strong></span> <span class='ocrx_word' id='word_1_334' title='bbox 849 3983 1001 4068; x_wconf 88' lang='lat' dir='ltr'><strong>Episcopi</strong></span> <span class='ocrx_word' id='word_1_335' title='bbox 1023 3984 1083 4047; x_wconf 90' lang='lat' dir='ltr'><strong>sub</strong></span> <span class='ocrx_word' id='word_1_336' title='bbox 1107 3982 1339 4046; x_wconf 88' lang='lat' dir='ltr'><strong>testificatione</strong></span> 
     </span>
     <span class='ocr_line' id='line_1_46' title="bbox 207 4063 913 4138; baseline -0.014 -4"><span class='ocrx_word' id='word_1_337' title='bbox 207 4071 479 4138; x_wconf 83' lang='lat' dir='ltr'><strong>multorumactis</strong></span> <span class='ocrx_word' id='word_1_338' title='bbox 500 4063 611 4124; x_wconf 89' lang='lat' dir='ltr'><strong>audire</strong></span> <span class='ocrx_word' id='word_1_339' title='bbox 629 4064 801 4127; x_wconf 88' lang='lat' dir='ltr'><strong>debebunt.</strong></span> <span class='ocrx_word' id='word_1_340' title='bbox 912 4071 913 4079; x_wconf 77' lang='grc'>’</span> 
     </span>
     <span class='ocr_line' id='line_1_47' title="bbox 345 4145 1202 4241; baseline -0.001 -30"><span class='ocrx_word' id='word_1_341' title='bbox 345 4150 394 4211; x_wconf 88' lang='lat' dir='ltr'><strong>De</strong></span> <span class='ocrx_word' id='word_1_342' title='bbox 414 4148 589 4207; x_wconf 83' lang='lat' dir='ltr'><strong>Primatum</strong></span> <span class='ocrx_word' id='word_1_343' title='bbox 606 4159 637 4206; x_wconf 87' lang='lat' dir='ltr'><strong>et</strong></span> <span class='ocrx_word' id='word_1_344' title='bbox 652 4148 970 4241; x_wconf 85' lang='lat' dir='ltr'><strong>Metropolitanorum</strong></span> <span class='ocrx_word' id='word_1_345' title='bbox 998 4145 1202 4228; x_wconf 50' lang='lat' dir='ltr'><strong>differentias</strong></span> 
     </span>
    </p>
   </div>
   <div class='ocr_carea' id='block_1_4' title="bbox 292 4223 1339 4316">
    <p class='ocr_par' dir='ltr' id='par_1_5' title="bbox 292 4223 1339 4316">
     <span class='ocr_line' id='line_1_48' title="bbox 292 4223 1339 4316; baseline -0.008 -21"><span class='ocrx_word' id='word_1_346' title='bbox 292 4225 569 4300; x_wconf 75' lang='lat' dir='ltr'><strong>ccccxxxix.</strong></span> <span class='ocrx_word' id='word_1_347' title='bbox 609 4227 700 4292; x_wconf 84' lang='lat' dir='ltr'><strong>Nulli</strong></span> <span class='ocrx_word' id='word_1_348' title='bbox 718 4228 775 4292; x_wconf 79' lang='lat' dir='ltr'><strong>alai</strong></span> <span class='ocrx_word' id='word_1_349' title='bbox 787 4223 1028 4316; x_wconf 84' lang='lat' dir='ltr'><strong>Metropolitani</strong></span> <span class='ocrx_word' id='word_1_350' title='bbox 1042 4227 1339 4314; x_wconf 63' lang='lat' dir='ltr'><strong>appellenturfri·</strong></span> 
     </span>
    </p>
   </div>
   <div class='ocr_carea' id='block_1_5' title="bbox 0 0 1468 4981">
    <p class='ocr_par' dir='ltr' id='par_1_6' title="bbox 0 0 1468 4981">
     <span class='ocr_line' id='line_1_49' title="bbox 0 0 1468 4981; baseline 0 0"><span class='ocrx_word' id='word_1_351' title='bbox 0 0 1468 4981; x_wconf 95' lang='lat' dir='ltr'><strong> </strong></span> 
     </span>
    </p>
   </div>
  </div>
 </body>
</html>
