2910 4986
547 293 661 352 arasa
690 284 842 350 paruus.
1190 271 1263 344 423

390 437 438 496 De
459 437 574 496 mansis
598 432 837 514 uniuscuiusque
857 429 1025 494 Ecclesiae.

209 536 370 608 LXXXV.
414 545 577 606 Sancitum
607 551 654 602 est
691 548 727 598 ut
759 540 935 622 unicuique
971 538 1136 602 Ecclesiae
1178 559 1264 600 unus

127 649 256 692 nurnsus
274 627 402 707 integer
416 628 533 708 absque
549 625 613 686 alio
628 620 760 688 servitio
774 623 980 685 adtribuatur.
1023 625 1065 683 Et
1080 619 1264 704 Presbyteri

127 713 162 769 in
184 711 230 769 eis
245 709 428 786 constituti,
451 700 574 769 nonde
593 702 746 779 decimis,
759 725 875 789 ,neque
890 707 929 778 de
955 703 1174 776 oblationibus
1189 703 1266 764 fide.

126 793 230 866 lium,
253 811 319 850 uon
339 791 378 850 de
398 792 568 867 domibus,
591 806 697 866 neque
720 785 759 846 de
786 790 874 850 atriis
896 788 944 848 vel
967 786 1069 854 hortis
1092 785 1181 848 iuxta
1199 786 1264 845 Ec-

127 874 259 934 clesiam
273 872 400 954 positis,
423 895 531 954 neque
547 873 586 933 de
604 869 802 952 praeseripr0
819 892 929 938 manso
950 868 1083 950 aliquod
1097 867 1265 930 servitium

126 955 248 1014 faciant
267 965 394 1036 praeter
422 955 683 1018 ecclesiasticum·
726 951 769 1012 Et
790 954 816 1015 si
838 953 962 1036 aliquid
985 950 1120 1036 amplius
1140 948 1264 1009 habue-

127 1038 214 1112 rint,
257 1037 333 1096 inde
362 1039 551 1114 Senioribus
581 1037 646 1098 suis
678 1029 822 1102 debitum
857 1034 1025 1108 servitium
1066 1032 1264 1114 impendant.

127 1119 213 1180 said.
237 1139 265 1180 c.
292 1141 337 1180 10.

335 1223 384 1284 De
405 1223 606 1300 Presbyteris
628 1227 866 1306 uniuscuiusque
883 1217 1054 1285 Ecclesiae.

209 1326 398 1398 LXXXVI.
442 1331 603 1390 Statutum
628 1342 696 1411 est,
726 1338 896 1415 postquam
915 1325 977 1387 boc
1000 1326 1169 1409 impletum
1193 1325 1264 1386 fue·

126 1413 188 1488 rit,
211 1421 250 1470 ut
273 1432 485 1493 unaquaeque
514 1413 657 1477 Ecclesia
681 1437 775 1478 suum
801 1409 1026 1492 Presbyterum
1051 1409 1183 1487 habeat,
1206 1408 1262 1467 ubi

128 1497 164 1554 id
181 1493 254 1556 fieri
273 1495 409 1554 facultas
430 1493 624 1576 providente
641 1498 800 1580 Episcopo
815 1492 1006 1575 permiserit.
1028 1491 1112 1554 Ibid.
1128 1512 1154 1550 c.
1175 1511 1220 1550 ιι.

234 1599 285 1660 De
301 1600 391 1660 villis.
405 1601 495 1658 novis
510 1611 540 1670 et
556 1598 706 1672 Ecclesiis
721 1604 755 1662 iu
772 1602 817 1662 eis
833 1600 960 1664 nouiter
975 1599 1162 1663 constitutis.

210 1703 418 1767 LXXXVII.
460 1704 624 1765 sancitum
644 1717 690 1768 est
712 1707 751 1767 de
775 1701 867 1765 villis
886 1701 983 1763 novis*
1000 1710 1032 1762 et
1051 1702 1208 1763 Ecclesiis
1226 1704 1259 1762 in

130 1788 177 1852 eis
201 1786 336 1848 noviter·
358 1786 539 1847 constitutis
563 1797 598 1846 ut
623 1788 765 1849 decimae
792 1788 832 1848 de
859 1783 935 1867 ipsis
960 1785 1047 1846 villis
1071 1785 1111 1848 ad
1135 1786 1262 1846 easdem

129 1869 288 1932 Ecclesias
307 1871 524 1930 conferantur.
566 1869 650 1935 Ibid.
667 1892 693 1935 e.
714 1891 759 1930 12.

324 1983 373 2042 De
394 1985 493 2044 sacris
510 1985 596 2044 uasis
612 1984 772 2046 Ecclesiae
788 1986 822 2044 in
840 1985 953 2069 pignus
971 1981 1065 2047 datis.

210 2087 437 2153 LXXXVIII.
478 2093 526 2151 De
547 2090 643 2152 sacris
666 2092 746 2152 vasis
762 2091 927 2152 Ecclesiae
945 2096 1027 2171 quae
1044 2090 1077 2149 in
1100 2087 1219 2170 pignus
1242 2089 1260 2148 la

127 2173 298 2232 nonnullis
320 2171 354 2230 iu
372 2172 563 2255 quibusdam
580 2174 659 2234 locis
677 2175 745 2234 dari
762 2174 992 2255 comperImus,
1016 2172 1191 2231 inhibitum
1213 2180 1260 2231 est

127 2278 168 2314 ne
196 2255 352 2337 deinceps
380 2257 397 2314 a
422 2276 587 2337 quoquam
614 2255 684 2316 fieri
713 2264 950 2338 praesumatur,
974 2255 1034 2313 nisi
1058 2254 1258 2315 solummodb

126 2337 316 2405 necessitate
330 2337 597 2398 redimendorumv
609 2338 806 2419 captivorum
822 2337 1050 2420 compellente.
1072 2335 1156 2396 reid.
1168 2357 1193 2399 e.
1209 2335 1258 2400 15.

263 2451 312 2510 De
325 2450 475 2511 Ecclesiis
492 2448 678 2522 destructis,
700 2453 755 2511 uel
772 2451 811 2511 de
830 2452 921 2511 nouis
936 2464 967 2509 et
984 2447 1124 2511 decima.

208 2555 400 2620 LXXXIX.
443 2560 491 2622 De
504 2557 657 2626 Ecclesiis
675 2557 750 2617 sane
770 2555 960 2630 destructIs,
983 2553 1036 2614 vel
1054 2553 1093 2612 de
1113 2551 1208 2613 nonis
1227 2562 1259 2614 et

125 2640 277 2717 decimis,
299 2640 364 2700 sire
389 2640 428 2700 de
449 2641 596 2699 claustris
613 2640 870 2714 canonicorum,
893 2636 1031 2721 qualitor
1053 2635 1205 2704 constitui
1227 2645 1259 2695 et

126 2722 305 2786 ordinaria
324 2721 415 2783 nobis
434 2723 618 2808 placuerit,
636 2721 705 2782 aliis
730 2720 879 2804 capitulis
897 2720 1008 2792 subter
1027 2717 1257 2779 adnotavimus.

125 2803 214 2879 lln'd.¹
227 2826 254 2869 c.
276 2805 326 2879 ad,

387 2907 391 2914 ’
472 2913 521 2972 De
546 2910 759 2986 Ecclesiarum
781 2910 915 2991 ltonore.¹

150 3089 154 3102 ¹
206 3015 284 3091 XC,
321 3017 385 3079 Sed
404 3027 436 3080 et
459 3018 498 3080 de
517 3019 736 3080 Ecclesiarum
758 3017 899 3088 honore,
921 3014 1083 3096 quomodo
1107 3018 1177 3076 beo
1199 3014 1256 3074 aal-

126 3101 276 3176 iurante,
307 3110 464 3179 quantum
496 3101 529 3160 in
557 3101 649 3162 nobis
672 3111 741 3176 est,
768 3099 892 3180 vigeat,
916 3097 1065 3158 similiter
1090 3097 1123 3157 in
1147 3097 1256 3158 subter

126 3182 282 3244 adnotatis
299 3183 450 3264 capitulis
462 3183 619 3242 ‘insertum
636 3205 702 3244 esse
720 3181 907 3241 dinoscitur.
950 3179 1034 3243 Idid.
1053 3201 1078 3245 c.
1098 3179 1142 3243 15.

492 3313 541 3372 De
566 3313 733 3408 Episcopis
754 3312 884 3390 Italiae,

205 3418 295 3482 XCI.
336 3421 384 3492 De
401 3420 567 3503 Episcopis
587 3420 716 3485 veroin
736 3416 957 3499 Longobardia
975 3416 1177 3492 constitutis„
1197 3417 1255 3498 qui

128 3503 164 3561 ab
181 3503 230 3564 bis
249 3524 329 3584 quos
350 3503 541 3576 ordinabant
557 3511 751 3564 sacramenta
769 3511 801 3560 ct
819 3521 954 3559 munera
975 3508 1085 3564 contra
1109 3500 1252 3560 divinam
1298 3553 1300 3557 ,

127 3595 157 3642 et
176 3585 367 3656 canonicam,
383 3586 605 3644 auctoritatem
628 3583 775 3664 accipere
798 3585 852 3643 vel
874 3582 1002 3662 exigere
1023 3581 1109 3641 soliti
1140 3591 1251 3655 erant,

128 3669 226 3727 modis
244 3667 391 3726 omnibus
407 3667 580 3726 inhibitum
598 3676 645 3726 est
661 3687 700 3725 ne
722 3666 855 3726 ulterius
870 3664 941 3722 fiat:
959 3664 1032 3743 quia
1047 3664 1252 3722 iuxtasacros

129 3770 263 3809 canones
282 3759 419 3830 uterque
445 3749 544 3830 gradu
563 3748 694 3831 proprio
717 3747 793 3806 talia
812 3747 968 3818 iacientes
993 3745 1103 3806 decidi
1124 3744 1256 3814 debe-nt,

130 3831 248 3896 raiae.
269 3832 314 3892 16.

256 3938 305 3997 De
322 3937 522 4014 Presbyteris
543 3938 598 4019 qui
609 3933 748 4016 seminas
770 3937 803 3995 in
825 3933 968 4007 domibus
991 3932 1119 4004 babent.

205 4041 312 4106 XCtl.
355 4044 517 4111 statutum
538 4050 585 4116 est
605 4042 643 4100 ab
658 4039 824 4122 Episcopis
840 4039 878 4098 de
900 4036 1098 4119 Presbyteris
1122 4034 1178 4116 qui
1199 4036 1252 4096 fa-

131 4124 225 4186 minas
251 4145 359 4186 secam
386 4124 558 4186 indiscretis
581 4124 724 4183 babitare
745 4120 959 4204 permittunt,
989 4129 1020 4178 et
1039 4125 1169 4198 propter
1189 4119 1250 4192 hoc

132 4208 223 4275 malae
242 4206 404 4293 opinionis
420 4207 603 4296 suspmione
622 4206 843 4280 denotantur,
864 4210 899 4272 ut
919 4202 944 4264 si
968 4201 1120 4287 deinceps
1140 4201 1251 4266 admo„
