<?xml version="1.0" encoding="UTF-8"?>
<!DOCTYPE html PUBLIC "-//W3C//DTD XHTML 1.0 Transitional//EN"
    "http://www.w3.org/TR/xhtml1/DTD/xhtml1-transitional.dtd">
<html xmlns="http://www.w3.org/1999/xhtml" xml:lang="en" lang="en">
 <head>
  <title>
</title>
<meta http-equiv="Content-Type" content="text/html;charset=utf-8" />
  <meta name='ocr-system' content='tesseract 3.04.00' />
  <meta name='ocr-capabilities' content='ocr_page ocr_carea ocr_par ocr_line ocrx_word'/>
</head>
<body>
  <div class='ocr_page' id='page_1' title='image "./corpusiurisgerm04visigoog_0192.png"; bbox 0 0 2926 4984; ppageno 0'>
   <div class='ocr_carea' id='block_1_1' title="bbox 52 3925 59 3952">
    <p class='ocr_par' dir='ltr' id='par_1_1' title="bbox 52 3925 59 3952">
     <span class='ocr_line' id='line_1_1' title="bbox 52 3925 59 3952; baseline 0 0"><span class='ocrx_word' id='word_1_1' title='bbox 52 3925 59 3952; x_wconf 71' lang='lat' dir='ltr'><em>b</em></span> 
     </span>
    </p>
   </div>
   <div class='ocr_carea' id='block_1_2' title="bbox 562 269 867 362">
    <p class='ocr_par' dir='ltr' id='par_1_2' title="bbox 562 269 867 362">
     <span class='ocr_line' id='line_1_2' title="bbox 562 269 867 362; baseline -0.013 0"><span class='ocrx_word' id='word_1_2' title='bbox 562 304 675 362; x_wconf 74' lang='lat' dir='ltr'><em>essen</em></span> <span class='ocrx_word' id='word_1_3' title='bbox 710 269 867 360; x_wconf 69' lang='lat' dir='ltr'><em>sexsus.</em></span> 
     </span>
    </p>
   </div>
   <div class='ocr_carea' id='block_1_3' title="bbox 230 446 672 595">
    <p class='ocr_par' dir='ltr' id='par_1_3' title="bbox 230 446 672 595">
     <span class='ocr_line' id='line_1_3' title="bbox 230 446 672 528; baseline 0 -22"><span class='ocrx_word' id='word_1_4' title='bbox 230 458 265 506; x_wconf 73' lang='lat' dir='ltr'><em>et</em></span> <span class='ocrx_word' id='word_1_5' title='bbox 282 446 453 528; x_wconf 77' lang='lat' dir='ltr'><em>Diatonus‚</em></span> <span class='ocrx_word' id='word_1_6' title='bbox 475 469 537 512; x_wconf 87' lang='lat' dir='ltr'><em>non</em></span> <span class='ocrx_word' id='word_1_7' title='bbox 552 449 616 508; x_wconf 85' lang='lat' dir='ltr'><em>sint</em></span> <span class='ocrx_word' id='word_1_8' title='bbox 634 469 672 506; x_wconf 85' lang='lat' dir='ltr'><em>a·</em></span> 
     </span>
     <span class='ocr_line' id='line_1_4' title="bbox 231 529 560 595; baseline 0.012 -8"><span class='ocrx_word' id='word_1_9' title='bbox 231 529 366 590; x_wconf 83' lang='lat' dir='ltr'><em>lectores</em></span> <span class='ocrx_word' id='word_1_10' title='bbox 391 547 421 592; x_wconf 91' lang='lat' dir='ltr'><em>et</em></span> <span class='ocrx_word' id='word_1_11' title='bbox 434 533 560 595; x_wconf 82' lang='lat' dir='ltr'><em>ebriosi.</em></span> 
     </span>
    </p>
   </div>
   <div class='ocr_carea' id='block_1_4' title="bbox 125 608 696 688">
    <p class='ocr_par' dir='ltr' id='par_1_4' title="bbox 125 608 696 688">
     <span class='ocr_line' id='line_1_5' title="bbox 125 608 696 688; baseline -0.004 -16"><span class='ocrx_word' id='word_1_12' title='bbox 125 611 201 688; x_wconf 71' lang='grc'><strong>204.</strong></span> <span class='ocrx_word' id='word_1_13' title='bbox 229 608 270 670; x_wconf 87' lang='lat' dir='ltr'><em>Ut</em></span> <span class='ocrx_word' id='word_1_14' title='bbox 283 633 371 688; x_wconf 88' lang='lat' dir='ltr'><em>nemo</em></span> <span class='ocrx_word' id='word_1_15' title='bbox 394 615 585 676; x_wconf 87' lang='lat' dir='ltr'><em>Clerieorum</em></span> <span class='ocrx_word' id='word_1_16' title='bbox 602 631 672 672; x_wconf 83' lang='lat' dir='ltr'><em>usu·</em></span> <span class='ocrx_word' id='word_1_17' title='bbox 694 681 696 684; x_wconf 22' lang='grc' dir='ltr'>Ι</span> 
     </span>
    </p>
   </div>
   <div class='ocr_carea' id='block_1_5' title="bbox 234 699 454 781">
    <p class='ocr_par' dir='ltr' id='par_1_5' title="bbox 234 699 454 781">
     <span class='ocr_line' id='line_1_6' title="bbox 234 699 454 781; baseline 0.023 -29"><span class='ocrx_word' id='word_1_18' title='bbox 234 713 286 752; x_wconf 81' lang='lat' dir='ltr'><em>ras</em></span> <span class='ocrx_word' id='word_1_19' title='bbox 311 699 454 781; x_wconf 87' lang='lat' dir='ltr'><em>accipiat.</em></span> 
     </span>
    </p>
   </div>
   <div class='ocr_carea' id='block_1_6' title="bbox 130 771 747 848">
    <p class='ocr_par' dir='ltr' id='par_1_6' title="bbox 130 771 747 848">
     <span class='ocr_line' id='line_1_7' title="bbox 130 771 747 848; baseline -0.003 -14"><span class='ocrx_word' id='word_1_20' title='bbox 130 771 201 840; x_wconf 79' lang='grc'><strong>205.</strong></span> <span class='ocrx_word' id='word_1_21' title='bbox 225 773 278 834; x_wconf 85' lang='lat' dir='ltr'><em>&#39;Ut</em></span> <span class='ocrx_word' id='word_1_22' title='bbox 298 776 382 837; x_wconf 88' lang='lat' dir='ltr'><em>diem</em></span> <span class='ocrx_word' id='word_1_23' title='bbox 406 779 619 848; x_wconf 89' lang='lat' dir='ltr'><em>dominicum,</em></span> <span class='ocrx_word' id='word_1_24' title='bbox 641 776 675 836; x_wconf 89' lang='lat' dir='ltr'><em>in</em></span> <span class='ocrx_word' id='word_1_25' title='bbox 744 825 747 832; x_wconf 94' lang='grc'><em>,</em></span> 
     </span>
    </p>
   </div>
   <div class='ocr_carea' id='block_1_7' title="bbox 127 859 676 4116">
    <p class='ocr_par' dir='ltr' id='par_1_7' title="bbox 234 859 673 1005">
     <span class='ocr_line' id='line_1_8' title="bbox 234 859 671 937; baseline 0.007 -23"><span class='ocrx_word' id='word_1_26' title='bbox 234 877 296 937; x_wconf 85' lang='lat' dir='ltr'><em>quo</em></span> <span class='ocrx_word' id='word_1_27' title='bbox 326 861 478 921; x_wconf 80' lang='lat' dir='ltr'><em>Dominus</em></span> <span class='ocrx_word' id='word_1_28' title='bbox 518 859 671 926; x_wconf 77' lang='lat' dir='ltr'><em>surrexit,</em></span> 
     </span>
     <span class='ocr_line' id='line_1_9' title="bbox 234 942 673 1005; baseline 0 -7"><span class='ocrx_word' id='word_1_29' title='bbox 234 944 338 1000; x_wconf 84' lang='lat' dir='ltr'><em>cuncti</em></span> <span class='ocrx_word' id='word_1_30' title='bbox 347 942 673 1005; x_wconf 67' lang='lat' dir='ltr'><em>venerabilitereolant</em></span> 
     </span>
    </p>

    <p class='ocr_par' dir='ltr' id='par_1_8' title="bbox 130 1020 672 1108">
     <span class='ocr_line' id='line_1_10' title="bbox 130 1020 672 1108; baseline 0 -26"><span class='ocrx_word' id='word_1_31' title='bbox 130 1020 203 1082; x_wconf 89' lang='grc'><strong>206.</strong></span> <span class='ocrx_word' id='word_1_32' title='bbox 234 1021 283 1080; x_wconf 82' lang='lat' dir='ltr'><em>Dc</em></span> <span class='ocrx_word' id='word_1_33' title='bbox 301 1026 543 1102; x_wconf 74' lang='lat' dir='ltr'><em>reconciliandis</em></span> <span class='ocrx_word' id='word_1_34' title='bbox 560 1024 672 1108; x_wconf 87' lang='lat' dir='ltr'><em>poeni-</em></span> 
     </span>
    </p>

    <p class='ocr_par' dir='ltr' id='par_1_9' title="bbox 188 1106 384 1165">
     <span class='ocr_line' id='line_1_11' title="bbox 188 1106 384 1165; baseline 0.02 -4"><span class='ocrx_word' id='word_1_35' title='bbox 188 1133 189 1140; x_wconf 48' lang='lat'><em>*</em></span> <span class='ocrx_word' id='word_1_36' title='bbox 238 1106 384 1165; x_wconf 87' lang='lat' dir='ltr'><em>tentibus.</em></span> 
     </span>
    </p>

    <p class='ocr_par' dir='ltr' id='par_1_10' title="bbox 131 1183 674 1332">
     <span class='ocr_line' id='line_1_12' title="bbox 131 1183 674 1273; baseline -0.002 -27"><span class='ocrx_word' id='word_1_37' title='bbox 131 1205 203 1267; x_wconf 86' lang='lat'><strong>²⁰7·</strong></span> <span class='ocrx_word' id='word_1_38' title='bbox 234 1185 318 1264; x_wconf 84' lang='lat' dir='ltr'><em>Quot</em></span> <span class='ocrx_word' id='word_1_39' title='bbox 341 1191 404 1247; x_wconf 89' lang='lat' dir='ltr'><em>sint</em></span> <span class='ocrx_word' id='word_1_40' title='bbox 428 1183 496 1250; x_wconf 89' lang='lat' dir='ltr'><em>dies</em></span> <span class='ocrx_word' id='word_1_41' title='bbox 518 1184 674 1273; x_wconf 84' lang='lat' dir='ltr'><em>purifica·</em></span> 
     </span>
     <span class='ocr_line' id='line_1_13' title="bbox 236 1268 494 1332; baseline 0.023 -8"><span class='ocrx_word' id='word_1_42' title='bbox 236 1268 329 1328; x_wconf 88' lang='lat' dir='ltr'><em>tionis</em></span> <span class='ocrx_word' id='word_1_43' title='bbox 344 1272 494 1332; x_wconf 86' lang='lat' dir='ltr'><em>mulieris.</em></span> 
     </span>
    </p>

    <p class='ocr_par' dir='ltr' id='par_1_11' title="bbox 128 1346 675 1601">
     <span class='ocr_line' id='line_1_14' title="bbox 128 1346 674 1414; baseline -0.007 -3"><span class='ocrx_word' id='word_1_44' title='bbox 128 1349 205 1413; x_wconf 84' lang='grc'><strong>208.</strong></span> <span class='ocrx_word' id='word_1_45' title='bbox 240 1346 280 1408; x_wconf 82' lang='lat' dir='ltr'><em>Ut</em></span> <span class='ocrx_word' id='word_1_46' title='bbox 296 1353 466 1414; x_wconf 85' lang='lat' dir='ltr'><em>Missarum</em></span> <span class='ocrx_word' id='word_1_47' title='bbox 490 1351 674 1413; x_wconf 85' lang='lat' dir='ltr'><em>celebratio-</em></span> 
     </span>
     <span class='ocr_line' id='line_1_15' title="bbox 236 1429 675 1514; baseline 0.002 -24"><span class='ocrx_word' id='word_1_48' title='bbox 236 1451 290 1491; x_wconf 89' lang='lat' dir='ltr'><em>nes</em></span> <span class='ocrx_word' id='word_1_49' title='bbox 315 1429 347 1494; x_wconf 92' lang='lat' dir='ltr'><em>in</em></span> <span class='ocrx_word' id='word_1_50' title='bbox 365 1435 443 1497; x_wconf 90' lang='lat' dir='ltr'><em>locis</em></span> <span class='ocrx_word' id='word_1_51' title='bbox 467 1438 675 1514; x_wconf 77' lang='lat' dir='ltr'><em>incongruen-</em></span> 
     </span>
     <span class='ocr_line' id='line_1_16' title="bbox 235 1515 502 1601; baseline 0.015 -30"><span class='ocrx_word' id='word_1_52' title='bbox 235 1515 317 1574; x_wconf 89' lang='lat' dir='ltr'><em>tibus</em></span> <span class='ocrx_word' id='word_1_53' title='bbox 336 1515 502 1601; x_wconf 86' lang='lat' dir='ltr'><em>nonflant.</em></span> 
     </span>
    </p>

    <p class='ocr_par' dir='ltr' id='par_1_12' title="bbox 131 1597 538 1681">
     <span class='ocr_line' id='line_1_17' title="bbox 131 1597 538 1681; baseline 0.007 -25"><span class='ocrx_word' id='word_1_54' title='bbox 131 1615 203 1676; x_wconf 86' lang='grc'><strong>209.</strong></span> <span class='ocrx_word' id='word_1_55' title='bbox 233 1597 538 1681; x_wconf 84' lang='lat' dir='ltr'><em>Depropinquitatc.</em></span> 
     </span>
    </p>

    <p class='ocr_par' dir='ltr' id='par_1_13' title="bbox 128 1675 676 1761">
     <span class='ocr_line' id='line_1_18' title="bbox 128 1675 676 1761; baseline -0.005 -23"><span class='ocrx_word' id='word_1_56' title='bbox 128 1697 202 1738; x_wconf 71' lang='lat' dir='ltr'><em>neo.</em></span> <span class='ocrx_word' id='word_1_57' title='bbox 232 1679 446 1761; x_wconf 83' lang='lat' dir='ltr'><em>Deservoqui</em></span> <span class='ocrx_word' id='word_1_58' title='bbox 459 1675 676 1738; x_wconf 83' lang='lat' dir='ltr'><em>damnumcui·</em></span> 
     </span>
    </p>

    <p class='ocr_par' dir='ltr' id='par_1_14' title="bbox 154 1759 675 1906">
     <span class='ocr_line' id='line_1_19' title="bbox 154 1759 675 1846; baseline 0 -29"><span class='ocrx_word' id='word_1_59' title='bbox 154 1827 155 1830; x_wconf 7' lang='grc' dir='ltr'><strong>Ἴ</strong></span> <span class='ocrx_word' id='word_1_60' title='bbox 235 1760 311 1821; x_wconf 86' lang='lat' dir='ltr'><em>libet</em></span> <span class='ocrx_word' id='word_1_61' title='bbox 323 1763 475 1840; x_wconf 87' lang='lat' dir='ltr'><em>intulerit,</em></span> <span class='ocrx_word' id='word_1_62' title='bbox 488 1759 568 1846; x_wconf 77' lang='lat' dir='ltr'><em>qcaid</em></span> <span class='ocrx_word' id='word_1_63' title='bbox 580 1780 675 1840; x_wconf 84' lang='lat' dir='ltr'><em>agen-</em></span> 
     </span>
     <span class='ocr_line' id='line_1_20' title="bbox 235 1839 379 1906; baseline 0.035 -6"><span class='ocrx_word' id='word_1_64' title='bbox 235 1839 310 1903; x_wconf 89' lang='lat' dir='ltr'><em>dum</em></span> <span class='ocrx_word' id='word_1_65' title='bbox 329 1845 379 1906; x_wconf 90' lang='lat' dir='ltr'><em>sit.</em></span> 
     </span>
    </p>

    <p class='ocr_par' dir='ltr' id='par_1_15' title="bbox 131 1921 675 2157">
     <span class='ocr_line' id='line_1_21' title="bbox 131 1921 675 2011; baseline -0.004 -27"><span class='ocrx_word' id='word_1_66' title='bbox 131 1943 201 1988; x_wconf 76' lang='lat'>211.</span> <span class='ocrx_word' id='word_1_67' title='bbox 231 1923 279 1986; x_wconf 89' lang='lat' dir='ltr'><em>De</em></span> <span class='ocrx_word' id='word_1_68' title='bbox 296 1930 402 2011; x_wconf 84' lang='lat' dir='ltr'><em>coqui</em></span> <span class='ocrx_word' id='word_1_69' title='bbox 418 1925 606 1989; x_wconf 83' lang='lat' dir='ltr'><em>admallam</em></span> <span class='ocrx_word' id='word_1_70' title='bbox 627 1921 675 1982; x_wconf 89' lang='lat' dir='ltr'><em>le-</em></span> 
     </span>
     <span class='ocr_line' id='line_1_22' title="bbox 237 2007 675 2090; baseline -0.002 -24"><span class='ocrx_word' id='word_1_71' title='bbox 237 2009 489 2086; x_wconf 79' lang='lat' dir='ltr'><em>gibusmonnitus</em></span> <span class='ocrx_word' id='word_1_72' title='bbox 499 2007 622 2090; x_wconf 86' lang='lat' dir='ltr'><em>suerit,</em></span> <span class='ocrx_word' id='word_1_73' title='bbox 644 2016 675 2065; x_wconf 74' lang='lat' dir='ltr'><em>et</em></span> 
     </span>
     <span class='ocr_line' id='line_1_23' title="bbox 236 2095 445 2157; baseline 0.033 -7"><span class='ocrx_word' id='word_1_74' title='bbox 236 2112 300 2150; x_wconf 85' lang='lat' dir='ltr'><em>non</em></span> <span class='ocrx_word' id='word_1_75' title='bbox 318 2095 445 2157; x_wconf 80' lang='lat' dir='ltr'><em>venerit.</em></span> 
     </span>
    </p>

    <p class='ocr_par' dir='ltr' id='par_1_16' title="bbox 130 2170 674 2486">
     <span class='ocr_line' id='line_1_24' title="bbox 130 2170 674 2260; baseline -0.002 -30"><span class='ocrx_word' id='word_1_76' title='bbox 130 2188 204 2230; x_wconf 65' lang='lat' dir='ltr'><em>nn.</em></span> <span class='ocrx_word' id='word_1_77' title='bbox 236 2173 284 2231; x_wconf 90' lang='lat' dir='ltr'><em>De</em></span> <span class='ocrx_word' id='word_1_78' title='bbox 299 2194 335 2234; x_wconf 81' lang='lat' dir='ltr'><em>eo</em></span> <span class='ocrx_word' id='word_1_79' title='bbox 357 2177 412 2258; x_wconf 77' lang='lat' dir='ltr'><em>qrei</em></span> <span class='ocrx_word' id='word_1_80' title='bbox 425 2173 522 2260; x_wconf 85' lang='lat' dir='ltr'><em>filios</em></span> <span class='ocrx_word' id='word_1_81' title='bbox 537 2194 599 2233; x_wconf 88' lang='lat' dir='ltr'><em>non</em></span> <span class='ocrx_word' id='word_1_82' title='bbox 616 2170 674 2230; x_wconf 79' lang='lat' dir='ltr'><em>ba·</em></span> 
     </span>
     <span class='ocr_line' id='line_1_25' title="bbox 236 2255 673 2334; baseline -0.011 -18"><span class='ocrx_word' id='word_1_83' title='bbox 236 2255 354 2334; x_wconf 79' lang='lat' dir='ltr'><em>buerit,</em></span> <span class='ocrx_word' id='word_1_84' title='bbox 375 2271 406 2316; x_wconf 86' lang='lat' dir='ltr'><em>ot</em></span> <span class='ocrx_word' id='word_1_85' title='bbox 419 2261 452 2317; x_wconf 91' lang='lat' dir='ltr'><em>in</em></span> <span class='ocrx_word' id='word_1_86' title='bbox 474 2276 582 2316; x_wconf 89' lang='lat' dir='ltr'><em>eorum</em></span> <span class='ocrx_word' id='word_1_87' title='bbox 603 2255 673 2313; x_wconf 89' lang='lat' dir='ltr'><em>loco</em></span> 
     </span>
     <span class='ocr_line' id='line_1_26' title="bbox 236 2335 674 2417; baseline 0.005 -24"><span class='ocrx_word' id='word_1_88' title='bbox 236 2336 330 2396; x_wconf 90' lang='lat' dir='ltr'><em>alium</em></span> <span class='ocrx_word' id='word_1_89' title='bbox 350 2340 411 2400; x_wconf 89' lang='lat' dir='ltr'><em>sibi</em></span> <span class='ocrx_word' id='word_1_90' title='bbox 425 2337 571 2400; x_wconf 78' lang='lat' dir='ltr'><em>heredem</em></span> <span class='ocrx_word' id='word_1_91' title='bbox 579 2335 674 2417; x_wconf 83' lang='lat' dir='ltr'><em>sace·</em></span> 
     </span>
     <span class='ocr_line' id='line_1_27' title="bbox 238 2423 439 2486; baseline 0.025 -10"><span class='ocrx_word' id='word_1_92' title='bbox 238 2423 439 2486; x_wconf 81' lang='lat' dir='ltr'><em>revaluerit.</em></span> 
     </span>
    </p>

    <p class='ocr_par' dir='ltr' id='par_1_17' title="bbox 131 2498 675 2664">
     <span class='ocr_line' id='line_1_28' title="bbox 131 2498 675 2582; baseline -0.006 -24"><span class='ocrx_word' id='word_1_93' title='bbox 131 2498 205 2562; x_wconf 76' lang='grc'><strong>215.</strong></span> <span class='ocrx_word' id='word_1_94' title='bbox 236 2500 285 2559; x_wconf 89' lang='lat' dir='ltr'><em>De</em></span> <span class='ocrx_word' id='word_1_95' title='bbox 296 2501 523 2576; x_wconf 70' lang='lat' dir='ltr'><em>denarialibus,</em></span> <span class='ocrx_word' id='word_1_96' title='bbox 540 2498 675 2582; x_wconf 77' lang='lat' dir='ltr'><em>qualiter</em></span> 
     </span>
     <span class='ocr_line' id='line_1_29' title="bbox 234 2586 565 2664; baseline 0 -23"><span class='ocrx_word' id='word_1_97' title='bbox 234 2586 357 2664; x_wconf 81' lang='lat' dir='ltr'><em>possint</em></span> <span class='ocrx_word' id='word_1_98' title='bbox 377 2586 565 2646; x_wconf 85' lang='lat' dir='ltr'><em>hereditare.</em></span> 
     </span>
    </p>

    <p class='ocr_par' dir='ltr' id='par_1_18' title="bbox 134 2662 674 2808">
     <span class='ocr_line' id='line_1_30' title="bbox 134 2662 674 2738; baseline -0.006 -15"><span class='ocrx_word' id='word_1_99' title='bbox 134 2663 205 2738; x_wconf 70' lang='grc'><strong>204.</strong></span> <span class='ocrx_word' id='word_1_100' title='bbox 241 2662 283 2723; x_wconf 85' lang='lat' dir='ltr'><em>Ut</em></span> <span class='ocrx_word' id='word_1_101' title='bbox 300 2687 388 2726; x_wconf 88' lang='lat' dir='ltr'><em>omne</em></span> <span class='ocrx_word' id='word_1_102' title='bbox 402 2677 626 2728; x_wconf 84' lang='lat' dir='ltr'><em>sacramentum</em></span> <span class='ocrx_word' id='word_1_103' title='bbox 640 2663 674 2720; x_wconf 82' lang='lat' dir='ltr'><em>in</em></span> 
     </span>
     <span class='ocr_line' id='line_1_31' title="bbox 237 2745 528 2808; baseline -0.003 -2"><span class='ocrx_word' id='word_1_104' title='bbox 237 2745 381 2808; x_wconf 81' lang='lat' dir='ltr'><em>Ecclesia</em></span> <span class='ocrx_word' id='word_1_105' title='bbox 399 2753 528 2808; x_wconf 87' lang='lat' dir='ltr'><em>iuretur.</em></span> 
     </span>
    </p>

    <p class='ocr_par' dir='ltr' id='par_1_19' title="bbox 131 2825 674 3054">
     <span class='ocr_line' id='line_1_32' title="bbox 131 2825 674 2911; baseline -0.006 -25"><span class='ocrx_word' id='word_1_106' title='bbox 131 2826 205 2890; x_wconf 69' lang='lat'><em>215.</em></span> <span class='ocrx_word' id='word_1_107' title='bbox 238 2825 280 2887; x_wconf 89' lang='lat' dir='ltr'><em>Ut</em></span> <span class='ocrx_word' id='word_1_108' title='bbox 300 2832 381 2889; x_wconf 82' lang='lat' dir='ltr'><em>vitia</em></span> <span class='ocrx_word' id='word_1_109' title='bbox 412 2850 489 2911; x_wconf 84' lang='lat' dir='ltr'><em>quac</em></span> <span class='ocrx_word' id='word_1_110' title='bbox 521 2846 674 2887; x_wconf 88' lang='lat' dir='ltr'><em>remanse-</em></span> 
     </span>
     <span class='ocr_line' id='line_1_33' title="bbox 237 2909 672 2972; baseline 0 -6"><span class='ocrx_word' id='word_1_111' title='bbox 237 2925 311 2970; x_wconf 90' lang='lat' dir='ltr'><em>runt</em></span> <span class='ocrx_word' id='word_1_112' title='bbox 333 2933 376 2972; x_wconf 76' lang='lat' dir='ltr'><em>esc</em></span> <span class='ocrx_word' id='word_1_113' title='bbox 404 2915 468 2972; x_wconf 85' lang='lat' dir='ltr'><em>ritu</em></span> <span class='ocrx_word' id='word_1_114' title='bbox 500 2909 672 2968; x_wconf 84' lang='lat' dir='ltr'><em>Gentilium</em></span> 
     </span>
     <span class='ocr_line' id='line_1_34' title="bbox 236 2989 521 3054; baseline 0.004 -5"><span class='ocrx_word' id='word_1_115' title='bbox 236 2989 363 3052; x_wconf 69' lang='lat' dir='ltr'><em>Fidelm</em></span> <span class='ocrx_word' id='word_1_116' title='bbox 381 3004 521 3054; x_wconf 86' lang='lat' dir='ltr'><em>caveant.</em></span> 
     </span>
    </p>

    <p class='ocr_par' dir='ltr' id='par_1_20' title="bbox 130 3070 673 3136">
     <span class='ocr_line' id='line_1_35' title="bbox 130 3070 673 3136; baseline -0.004 -4"><span class='ocrx_word' id='word_1_117' title='bbox 130 3070 204 3132; x_wconf 78' lang='grc'><strong>216.</strong></span> <span class='ocrx_word' id='word_1_118' title='bbox 234 3071 673 3136; x_wconf 65' lang='lat' dir='ltr'><em>DeEcelesiisrestaurandis„</em></span> 
     </span>
    </p>

    <p class='ocr_par' dir='ltr' id='par_1_21' title="bbox 127 3155 674 3314">
     <span class='ocr_line' id='line_1_36' title="bbox 127 3155 673 3237; baseline -0.004 -24"><span class='ocrx_word' id='word_1_119' title='bbox 127 3175 205 3235; x_wconf 72' lang='lat'><em>217.</em></span> <span class='ocrx_word' id='word_1_120' title='bbox 230 3155 277 3213; x_wconf 87' lang='lat' dir='ltr'><em>Ne</em></span> <span class='ocrx_word' id='word_1_121' title='bbox 286 3158 477 3234; x_wconf 83' lang='lat' dir='ltr'><em>Presbyteri,</em></span> <span class='ocrx_word' id='word_1_122' title='bbox 490 3157 673 3237; x_wconf 79' lang='lat' dir='ltr'><em>priusquam</em></span> 
     </span>
     <span class='ocr_line' id='line_1_37' title="bbox 236 3235 674 3314; baseline 0.005 -21"><span class='ocrx_word' id='word_1_123' title='bbox 236 3239 464 3314; x_wconf 80' lang='lat' dir='ltr'><em>exunzinentnr,</em></span> <span class='ocrx_word' id='word_1_124' title='bbox 478 3235 674 3296; x_wconf 79' lang='lat' dir='ltr'><em>ordinentur.</em></span> 
     </span>
    </p>

    <p class='ocr_par' dir='ltr' id='par_1_22' title="bbox 129 3316 675 3561">
     <span class='ocr_line' id='line_1_38' title="bbox 129 3316 674 3380; baseline -0.004 -4"><span class='ocrx_word' id='word_1_125' title='bbox 129 3317 204 3380; x_wconf 67' lang='grc'><strong>218.</strong></span> <span class='ocrx_word' id='word_1_126' title='bbox 231 3316 271 3380; x_wconf 85' lang='lat' dir='ltr'><em>Ut</em></span> <span class='ocrx_word' id='word_1_127' title='bbox 289 3319 441 3379; x_wconf 87' lang='lat' dir='ltr'><em>dominici</em></span> <span class='ocrx_word' id='word_1_128' title='bbox 456 3319 549 3378; x_wconf 88' lang='lat' dir='ltr'><em>Missi</em></span> <span class='ocrx_word' id='word_1_129' title='bbox 563 3319 674 3377; x_wconf 79' lang='lat' dir='ltr'><em>Scabi-</em></span> 
     </span>
     <span class='ocr_line' id='line_1_39' title="bbox 235 3401 675 3476; baseline 0.002 -17"><span class='ocrx_word' id='word_1_130' title='bbox 235 3422 312 3476; x_wconf 88' lang='lat' dir='ltr'><em>nos,</em></span> <span class='ocrx_word' id='word_1_131' title='bbox 333 3401 535 3472; x_wconf 80' lang='lat' dir='ltr'><em>Advocatos,</em></span> <span class='ocrx_word' id='word_1_132' title='bbox 559 3412 590 3458; x_wconf 84' lang='lat' dir='ltr'><em>et</em></span> <span class='ocrx_word' id='word_1_133' title='bbox 611 3401 675 3460; x_wconf 86' lang='grc' dir='ltr'><em>Νο-</em></span> 
     </span>
     <span class='ocr_line' id='line_1_40' title="bbox 236 3485 485 3561; baseline 0 -21"><span class='ocrx_word' id='word_1_134' title='bbox 236 3485 334 3542; x_wconf 84' lang='lat' dir='ltr'><em>turios</em></span> <span class='ocrx_word' id='word_1_135' title='bbox 360 3486 485 3561; x_wconf 80' lang='lat' dir='ltr'><em>eligant.</em></span> 
     </span>
    </p>

    <p class='ocr_par' dir='ltr' id='par_1_23' title="bbox 130 3564 673 3705">
     <span class='ocr_line' id='line_1_41' title="bbox 130 3564 673 3644; baseline -0.002 -21"><span class='ocrx_word' id='word_1_136' title='bbox 130 3583 204 3644; x_wconf 76' lang='lat'><em>2¹9·</em></span> <span class='ocrx_word' id='word_1_137' title='bbox 225 3564 274 3622; x_wconf 88' lang='lat' dir='ltr'><em>De</em></span> <span class='ocrx_word' id='word_1_138' title='bbox 290 3566 338 3622; x_wconf 85' lang='lat' dir='ltr'><em>bis</em></span> <span class='ocrx_word' id='word_1_139' title='bbox 359 3568 414 3644; x_wconf 67' lang='grc' dir='ltr'><em>ᾳιιιΙ</em></span> <span class='ocrx_word' id='word_1_140' title='bbox 433 3564 530 3642; x_wconf 76' lang='lat' dir='ltr'><em>legem</em></span> <span class='ocrx_word' id='word_1_141' title='bbox 551 3583 673 3622; x_wconf 83' lang='lat' dir='ltr'><em>servare</em></span> 
     </span>
     <span class='ocr_line' id='line_1_42' title="bbox 236 3659 443 3705; baseline 0 0"><span class='ocrx_word' id='word_1_142' title='bbox 236 3659 443 3705; x_wconf 83' lang='lat' dir='ltr'><em>contemnunt.</em></span> 
     </span>
    </p>

    <p class='ocr_par' dir='ltr' id='par_1_24' title="bbox 130 3726 674 3952">
     <span class='ocr_line' id='line_1_43' title="bbox 130 3726 674 3792; baseline 0 -4"><span class='ocrx_word' id='word_1_143' title='bbox 130 3747 202 3792; x_wconf 83' lang='grc'><strong>220.</strong></span> <span class='ocrx_word' id='word_1_144' title='bbox 237 3726 279 3787; x_wconf 85' lang='lat' dir='ltr'><em>Ut</em></span> <span class='ocrx_word' id='word_1_145' title='bbox 292 3727 418 3787; x_wconf 84' lang='lat' dir='ltr'><em>Fideles</em></span> <span class='ocrx_word' id='word_1_146' title='bbox 436 3749 467 3786; x_wconf 90' lang='lat' dir='ltr'><em>se</em></span> <span class='ocrx_word' id='word_1_147' title='bbox 482 3728 501 3785; x_wconf 83' lang='lat' dir='ltr'><em>la</em></span> <span class='ocrx_word' id='word_1_148' title='bbox 516 3729 604 3790; x_wconf 84' lang='lat' dir='ltr'><em>vitiis</em></span> <span class='ocrx_word' id='word_1_149' title='bbox 617 3728 674 3788; x_wconf 88' lang='lat' dir='ltr'><em>ab·</em></span> 
     </span>
     <span class='ocr_line' id='line_1_44' title="bbox 234 3811 674 3891; baseline 0.002 -24"><span class='ocrx_word' id='word_1_150' title='bbox 234 3811 369 3869; x_wconf 85' lang='lat' dir='ltr'><em>stineant</em></span> <span class='ocrx_word' id='word_1_151' title='bbox 380 3829 460 3891; x_wconf 81' lang='lat' dir='ltr'><em>quae</em></span> <span class='ocrx_word' id='word_1_152' title='bbox 476 3812 567 3890; x_wconf 75' lang='lat' dir='ltr'><em>quasi</em></span> <span class='ocrx_word' id='word_1_153' title='bbox 581 3823 674 3869; x_wconf 86' lang='lat' dir='ltr'><em>natu-</em></span> 
     </span>
     <span class='ocr_line' id='line_1_45' title="bbox 233 3891 652 3952; baseline 0 -2"><span class='ocrx_word' id='word_1_154' title='bbox 233 3892 344 3950; x_wconf 84' lang='lat' dir='ltr'><em>raliter</em></span> <span class='ocrx_word' id='word_1_155' title='bbox 363 3893 396 3950; x_wconf 90' lang='lat' dir='ltr'><em>in</em></span> <span class='ocrx_word' id='word_1_156' title='bbox 419 3912 475 3950; x_wconf 89' lang='lat' dir='ltr'><em>usu</em></span> <span class='ocrx_word' id='word_1_157' title='bbox 492 3891 652 3952; x_wconf 77' lang='lat' dir='ltr'><em>labentur.</em></span> 
     </span>
    </p>

    <p class='ocr_par' dir='ltr' id='par_1_25' title="bbox 131 3973 673 4116">
     <span class='ocr_line' id='line_1_46' title="bbox 131 3973 673 4052; baseline 0 -20"><span class='ocrx_word' id='word_1_158' title='bbox 131 3993 200 4032; x_wconf 80' lang='lat'><em>221.</em></span> <span class='ocrx_word' id='word_1_159' title='bbox 232 3973 281 4032; x_wconf 89' lang='lat' dir='ltr'><em>De</em></span> <span class='ocrx_word' id='word_1_160' title='bbox 313 3975 361 4032; x_wconf 81' lang='lat' dir='ltr'><em>lais</em></span> <span class='ocrx_word' id='word_1_161' title='bbox 389 3976 444 4052; x_wconf 83' lang='lat' dir='ltr'><em>qui</em></span> <span class='ocrx_word' id='word_1_162' title='bbox 469 3973 673 4034; x_wconf 83' lang='lat' dir='ltr'><em>heribannum</em></span> 
     </span>
     <span class='ocr_line' id='line_1_47' title="bbox 233 4055 496 4116; baseline 0.004 -3"><span class='ocrx_word' id='word_1_163' title='bbox 233 4056 357 4113; x_wconf 86' lang='lat' dir='ltr'><em>solvere</em></span> <span class='ocrx_word' id='word_1_164' title='bbox 374 4055 496 4116; x_wconf 87' lang='lat' dir='ltr'><em>debent.</em></span> 
     </span>
    </p>
   </div>
   <div class='ocr_carea' id='block_1_8' title="bbox 129 4135 705 4221">
    <p class='ocr_par' dir='ltr' id='par_1_26' title="bbox 129 4135 705 4221">
     <span class='ocr_line' id='line_1_48' title="bbox 129 4135 705 4221; baseline 0.002 -25"><span class='ocrx_word' id='word_1_165' title='bbox 129 4155 200 4196; x_wconf 85' lang='grc'><strong>222.</strong></span> <span class='ocrx_word' id='word_1_166' title='bbox 231 4136 279 4195; x_wconf 86' lang='lat' dir='ltr'><em>De</em></span> <span class='ocrx_word' id='word_1_167' title='bbox 282 4135 433 4216; x_wconf 75' lang='lat' dir='ltr'><em>fugitivis</em></span> <span class='ocrx_word' id='word_1_168' title='bbox 442 4150 472 4196; x_wconf 90' lang='lat' dir='ltr'><em>et</em></span> <span class='ocrx_word' id='word_1_169' title='bbox 482 4138 670 4221; x_wconf 74' lang='lat' dir='ltr'><em>peregrinis,</em></span> <span class='ocrx_word' id='word_1_170' title='bbox 703 4185 705 4190; x_wconf 69' lang='lat'>,</span> 
     </span>
    </p>
   </div>
   <div class='ocr_carea' id='block_1_9' title="bbox 232 4218 528 4300">
    <p class='ocr_par' dir='ltr' id='par_1_27' title="bbox 232 4218 528 4300">
     <span class='ocr_line' id='line_1_49' title="bbox 232 4218 528 4300; baseline 0.01 -22"><span class='ocrx_word' id='word_1_171' title='bbox 232 4231 268 4278; x_wconf 87' lang='lat' dir='ltr'><em>ut</em></span> <span class='ocrx_word' id='word_1_172' title='bbox 290 4218 528 4300; x_wconf 77' lang='lat' dir='ltr'><em>distringantur.</em></span> 
     </span>
    </p>
   </div>
   <div class='ocr_carea' id='block_1_10' title="bbox 1188 282 1261 376">
    <p class='ocr_par' dir='ltr' id='par_1_28' title="bbox 1188 282 1261 376">
     <span class='ocr_line' id='line_1_50' title="bbox 1188 282 1261 376; baseline 0 -18"><span class='ocrx_word' id='word_1_173' title='bbox 1188 282 1261 376; x_wconf 77' lang='lat'><em>589</em></span> 
     </span>
    </p>
   </div>
   <div class='ocr_carea' id='block_1_11' title="bbox 722 443 1344 4061">
    <p class='ocr_par' dir='ltr' id='par_1_29' title="bbox 722 443 1264 603">
     <span class='ocr_line' id='line_1_51' title="bbox 722 443 1264 508; baseline 0.007 -4"><span class='ocrx_word' id='word_1_174' title='bbox 722 444 791 508; x_wconf 78' lang='lat'><em>225.</em></span> <span class='ocrx_word' id='word_1_175' title='bbox 825 443 873 502; x_wconf 84' lang='lat' dir='ltr'><em>De</em></span> <span class='ocrx_word' id='word_1_176' title='bbox 885 444 1019 506; x_wconf 85' lang='lat' dir='ltr'><em>armillis</em></span> <span class='ocrx_word' id='word_1_177' title='bbox 1032 457 1061 506; x_wconf 83' lang='lat' dir='ltr'><em>et</em></span> <span class='ocrx_word' id='word_1_178' title='bbox 1076 443 1198 506; x_wconf 88' lang='lat' dir='ltr'><em>bruniis</em></span> <span class='ocrx_word' id='word_1_179' title='bbox 1212 467 1264 508; x_wconf 86' lang='lat' dir='ltr'><em>nc·</em></span> 
     </span>
     <span class='ocr_line' id='line_1_52' title="bbox 806 527 1243 603; baseline 0.009 -19"><span class='ocrx_word' id='word_1_180' title='bbox 806 527 1012 603; x_wconf 76' lang='lat' dir='ltr'><em>gotiatorib&#39;ns</em></span> <span class='ocrx_word' id='word_1_181' title='bbox 1030 545 1094 588; x_wconf 88' lang='lat' dir='ltr'><em>non</em></span> <span class='ocrx_word' id='word_1_182' title='bbox 1116 528 1243 595; x_wconf 85' lang='lat' dir='ltr'><em>dandis.</em></span> 
     </span>
    </p>

    <p class='ocr_par' dir='ltr' id='par_1_30' title="bbox 722 606 1264 693">
     <span class='ocr_line' id='line_1_53' title="bbox 722 606 1264 693; baseline 0.009 -27"><span class='ocrx_word' id='word_1_183' title='bbox 722 606 792 682; x_wconf 70' lang='grc'><strong>224.</strong></span> <span class='ocrx_word' id='word_1_184' title='bbox 804 606 846 666; x_wconf 89' lang='lat' dir='ltr'><em>Ut</em></span> <span class='ocrx_word' id='word_1_185' title='bbox 854 630 1013 669; x_wconf 86' lang='lat' dir='ltr'><em>mensurae</em></span> <span class='ocrx_word' id='word_1_186' title='bbox 1021 611 1165 692; x_wconf 83' lang='lat' dir='ltr'><em>aequales</em></span> <span class='ocrx_word' id='word_1_187' title='bbox 1163 609 1264 693; x_wconf 85' lang='lat' dir='ltr'><em>fiunt.</em></span> 
     </span>
    </p>

    <p class='ocr_par' dir='ltr' id='par_1_31' title="bbox 723 689 1261 754">
     <span class='ocr_line' id='line_1_54' title="bbox 723 689 1261 754; baseline 0.007 -4"><span class='ocrx_word' id='word_1_188' title='bbox 723 690 793 751; x_wconf 80' lang='grc'><strong>225.</strong></span> <span class='ocrx_word' id='word_1_189' title='bbox 825 689 866 750; x_wconf 83' lang='lat' dir='ltr'><em>Ut</em></span> <span class='ocrx_word' id='word_1_190' title='bbox 890 690 1062 751; x_wconf 78' lang='lat' dir='ltr'><em>Christiani</em></span> <span class='ocrx_word' id='word_1_191' title='bbox 1090 695 1128 754; x_wconf 89' lang='lat' dir='ltr'><em>ab</em></span> <span class='ocrx_word' id='word_1_192' title='bbox 1158 695 1261 754; x_wconf 87' lang='lat' dir='ltr'><em>otioso</em></span> 
     </span>
    </p>

    <p class='ocr_par' dir='ltr' id='par_1_32' title="bbox 825 776 1264 854">
     <span class='ocr_line' id='line_1_55' title="bbox 825 776 1264 854; baseline 0.007 -22"><span class='ocrx_word' id='word_1_193' title='bbox 825 794 966 836; x_wconf 88' lang='lat' dir='ltr'><em>sermone</em></span> <span class='ocrx_word' id='word_1_194' title='bbox 981 795 1013 833; x_wconf 87' lang='lat' dir='ltr'><em>se</em></span> <span class='ocrx_word' id='word_1_195' title='bbox 1029 789 1172 854; x_wconf 84' lang='lat' dir='ltr'><em>caveant,</em></span> <span class='ocrx_word' id='word_1_196' title='bbox 1184 777 1231 835; x_wconf 83' lang='lat' dir='ltr'><em>vel</em></span> <span class='ocrx_word' id='word_1_197' title='bbox 1244 776 1264 835; x_wconf 73' lang='lat' dir='ltr'><em>ia</em></span> 
     </span>
    </p>

    <p class='ocr_par' dir='ltr' id='par_1_33' title="bbox 823 856 1069 917">
     <span class='ocr_line' id='line_1_56' title="bbox 823 856 1069 917; baseline -0.004 -2"><span class='ocrx_word' id='word_1_198' title='bbox 823 858 954 917; x_wconf 85' lang='lat' dir='ltr'><em>caeteris</em></span> <span class='ocrx_word' id='word_1_199' title='bbox 971 856 1069 916; x_wconf 82' lang='lat' dir='ltr'><em>uitiis.</em></span> 
     </span>
    </p>

    <p class='ocr_par' dir='ltr' id='par_1_34' title="bbox 726 934 1267 1167">
     <span class='ocr_line' id='line_1_57' title="bbox 726 934 1267 1023; baseline 0.006 -27"><span class='ocrx_word' id='word_1_200' title='bbox 726 936 795 998; x_wconf 89' lang='grc'><strong>226.</strong></span> <span class='ocrx_word' id='word_1_201' title='bbox 829 937 871 997; x_wconf 88' lang='lat' dir='ltr'><em>Ut</em></span> <span class='ocrx_word' id='word_1_202' title='bbox 890 960 983 1018; x_wconf 89' lang='lat' dir='ltr'><em>super</em></span> <span class='ocrx_word' id='word_1_203' title='bbox 999 940 1183 1001; x_wconf 77' lang='lat' dir='ltr'><em>vestituram</em></span> <span class='ocrx_word' id='word_1_204' title='bbox 1192 934 1267 1023; x_wconf 55' lang='lat' dir='ltr'><em>Pips</em></span> 
     </span>
     <span class='ocr_line' id='line_1_58' title="bbox 823 1023 1263 1103; baseline 0.009 -25"><span class='ocrx_word' id='word_1_205' title='bbox 823 1023 895 1103; x_wconf 91' lang='lat' dir='ltr'><em>pini</em></span> <span class='ocrx_word' id='word_1_206' title='bbox 906 1023 997 1099; x_wconf 81' lang='lat' dir='ltr'><em>Regis</em></span> <span class='ocrx_word' id='word_1_207' title='bbox 1007 1023 1185 1085; x_wconf 89' lang='lat' dir='ltr'><em>testimonia</em></span> <span class='ocrx_word' id='word_1_208' title='bbox 1199 1044 1263 1082; x_wconf 90' lang='lat' dir='ltr'><em>non</em></span> 
     </span>
     <span class='ocr_line' id='line_1_59' title="bbox 823 1106 995 1167; baseline 0.041 -7"><span class='ocrx_word' id='word_1_209' title='bbox 823 1106 995 1167; x_wconf 87' lang='lat' dir='ltr'><em>mittantur.</em></span> 
     </span>
    </p>

    <p class='ocr_par' dir='ltr' id='par_1_35' title="bbox 725 1183 1264 1350">
     <span class='ocr_line' id='line_1_60' title="bbox 725 1183 1264 1272; baseline 0.006 -29"><span class='ocrx_word' id='word_1_210' title='bbox 725 1201 795 1266; x_wconf 79' lang='lat'><em>²²7·</em></span> <span class='ocrx_word' id='word_1_211' title='bbox 821 1183 862 1244; x_wconf 87' lang='lat' dir='ltr'><em>Ut</em></span> <span class='ocrx_word' id='word_1_212' title='bbox 885 1207 940 1246; x_wconf 92' lang='lat' dir='ltr'><em>nec</em></span> <span class='ocrx_word' id='word_1_213' title='bbox 964 1186 1100 1246; x_wconf 87' lang='lat' dir='ltr'><em>Colonus</em></span> <span class='ocrx_word' id='word_1_214' title='bbox 1127 1208 1183 1248; x_wconf 89' lang='lat' dir='ltr'><em>nec</em></span> <span class='ocrx_word' id='word_1_215' title='bbox 1195 1183 1264 1272; x_wconf 76' lang='lat' dir='ltr'><em>fis-¹</em></span> 
     </span>
     <span class='ocr_line' id='line_1_61' title="bbox 824 1267 1264 1350; baseline 0.018 -25"><span class='ocrx_word' id='word_1_216' title='bbox 824 1267 945 1328; x_wconf 79' lang='lat' dir='ltr'><em>salinus</em></span> <span class='ocrx_word' id='word_1_217' title='bbox 955 1268 1142 1330; x_wconf 85' lang='lat' dir='ltr'><em>traditiones</em></span> <span class='ocrx_word' id='word_1_218' title='bbox 1150 1269 1264 1350; x_wconf 65' lang='lat' dir='ltr'><em>faciat·</em></span> 
     </span>
    </p>

    <p class='ocr_par' dir='ltr' id='par_1_36' title="bbox 725 1348 1267 1575">
     <span class='ocr_line' id='line_1_62' title="bbox 725 1348 1267 1432; baseline 0.009 -27"><span class='ocrx_word' id='word_1_219' title='bbox 725 1348 795 1413; x_wconf 83' lang='grc'><strong>228.</strong></span> <span class='ocrx_word' id='word_1_220' title='bbox 824 1349 872 1408; x_wconf 89' lang='lat' dir='ltr'><em>Ne</em></span> <span class='ocrx_word' id='word_1_221' title='bbox 900 1365 1081 1432; x_wconf 90' lang='lat' dir='ltr'><em>praesumat</em></span> <span class='ocrx_word' id='word_1_222' title='bbox 1109 1353 1267 1412; x_wconf 85' lang='lat' dir='ltr'><em>bominem</em></span> 
     </span>
     <span class='ocr_line' id='line_1_63' title="bbox 826 1432 1267 1515; baseline 0.007 -26"><span class='ocrx_word' id='word_1_223' title='bbox 826 1432 941 1515; x_wconf 78' lang='lat' dir='ltr'><em>aliquis</em></span> <span class='ocrx_word' id='word_1_224' title='bbox 959 1434 1026 1491; x_wconf 88' lang='lat' dir='ltr'><em>sinc</em></span> <span class='ocrx_word' id='word_1_225' title='bbox 1043 1454 1137 1493; x_wconf 88' lang='lat' dir='ltr'><em>causa</em></span> <span class='ocrx_word' id='word_1_226' title='bbox 1156 1433 1201 1494; x_wconf 85' lang='lat' dir='ltr'><em>ad</em></span> <span class='ocrx_word' id='word_1_227' title='bbox 1214 1435 1267 1493; x_wconf 79' lang='lat' dir='ltr'><em>iu·-</em></span> 
     </span>
     <span class='ocr_line' id='line_1_64' title="bbox 827 1513 1096 1575; baseline 0.011 -3"><span class='ocrx_word' id='word_1_228' title='bbox 827 1513 943 1573; x_wconf 77' lang='lat' dir='ltr'><em>dicium</em></span> <span class='ocrx_word' id='word_1_229' title='bbox 964 1517 1096 1575; x_wconf 81' lang='lat' dir='ltr'><em>mittere.</em></span> 
     </span>
    </p>

    <p class='ocr_par' dir='ltr' id='par_1_37' title="bbox 725 1594 1269 1843">
     <span class='ocr_line' id='line_1_65' title="bbox 725 1594 1268 1677; baseline 0.007 -23"><span class='ocrx_word' id='word_1_230' title='bbox 725 1612 795 1677; x_wconf 84' lang='grc'><strong>229.</strong></span> <span class='ocrx_word' id='word_1_231' title='bbox 824 1594 861 1654; x_wconf 86' lang='lat' dir='ltr'><em>Si</em></span> <span class='ocrx_word' id='word_1_232' title='bbox 874 1596 955 1656; x_wconf 89' lang='lat' dir='ltr'><em>liber</em></span> <span class='ocrx_word' id='word_1_233' title='bbox 967 1598 1091 1656; x_wconf 88' lang='lat' dir='ltr'><em>bomino</em></span> <span class='ocrx_word' id='word_1_234' title='bbox 1114 1598 1147 1656; x_wconf 90' lang='lat' dir='ltr'><em>in</em></span> <span class='ocrx_word' id='word_1_235' title='bbox 1161 1619 1268 1658; x_wconf 89' lang='lat' dir='ltr'><em>mona·-</em></span> 
     </span>
     <span class='ocr_line' id='line_1_66' title="bbox 827 1679 1269 1759; baseline 0.011 -24"><span class='ocrx_word' id='word_1_236' title='bbox 827 1680 922 1740; x_wconf 89' lang='lat' dir='ltr'><em>sterio</em></span> <span class='ocrx_word' id='word_1_237' title='bbox 940 1679 1079 1759; x_wconf 81' lang='lat' dir='ltr'><em>regulari</em></span> <span class='ocrx_word' id='word_1_238' title='bbox 1086 1701 1205 1740; x_wconf 83' lang='lat' dir='ltr'><em>cumam</em></span> <span class='ocrx_word' id='word_1_239' title='bbox 1214 1679 1269 1740; x_wconf 88' lang='lat' dir='ltr'><em>de-</em></span> 
     </span>
     <span class='ocr_line' id='line_1_67' title="bbox 823 1775 973 1843; baseline 0 -22"><span class='ocrx_word' id='word_1_240' title='bbox 823 1775 973 1843; x_wconf 78' lang='lat' dir='ltr'><em>posuerit.</em></span> 
     </span>
    </p>

    <p class='ocr_par' dir='ltr' id='par_1_38' title="bbox 725 1841 1267 1924">
     <span class='ocr_line' id='line_1_68' title="bbox 725 1841 1267 1924; baseline 0.007 -23"><span class='ocrx_word' id='word_1_241' title='bbox 725 1841 794 1906; x_wconf 80' lang='lat'><em>230.</em></span> <span class='ocrx_word' id='word_1_242' title='bbox 821 1843 871 1902; x_wconf 88' lang='lat' dir='ltr'><em>Dc</em></span> <span class='ocrx_word' id='word_1_243' title='bbox 890 1845 1046 1922; x_wconf 83' lang='lat' dir='ltr'><em>coniugio,</em></span> <span class='ocrx_word' id='word_1_244' title='bbox 1069 1843 1185 1924; x_wconf 77' lang='lat' dir='ltr'><em>quodie</em></span> <span class='ocrx_word' id='word_1_245' title='bbox 1197 1845 1267 1905; x_wconf 88' lang='lat' dir='ltr'><em>Deo</em></span> 
     </span>
    </p>

    <p class='ocr_par' dir='ltr' id='par_1_39' title="bbox 801 1925 1270 2255">
     <span class='ocr_line' id='line_1_69' title="bbox 801 1925 1270 2014; baseline 0.004 -30"><span class='ocrx_word' id='word_1_246' title='bbox 801 1989 810 2014; x_wconf 37' lang='grc' dir='ltr'><strong>Δ</strong></span> <span class='ocrx_word' id='word_1_247' title='bbox 824 1927 867 1986; x_wconf 82' lang='lat' dir='ltr'><em>sit</em></span> <span class='ocrx_word' id='word_1_248' title='bbox 878 1928 1098 1997; x_wconf 78' lang='lat' dir='ltr'><em>constitutum,</em></span> <span class='ocrx_word' id='word_1_249' title='bbox 1130 1941 1160 1988; x_wconf 83' lang='lat' dir='ltr'><em>et</em></span> <span class='ocrx_word' id='word_1_250' title='bbox 1181 1925 1270 2007; x_wconf 81' lang='lat' dir='ltr'><em>quod</em></span> 
     </span>
     <span class='ocr_line' id='line_1_70' title="bbox 826 2001 1270 2081; baseline 0.005 -15"><span class='ocrx_word' id='word_1_251' title='bbox 826 2029 890 2067; x_wconf 92' lang='lat' dir='ltr'><em>non</em></span> <span class='ocrx_word' id='word_1_252' title='bbox 907 2029 1000 2067; x_wconf 91' lang='lat' dir='ltr'><em>causa</em></span> <span class='ocrx_word' id='word_1_253' title='bbox 1020 2009 1186 2081; x_wconf 82' lang='lat' dir='ltr'><em>luxuriae,</em></span> <span class='ocrx_word' id='word_1_254' title='bbox 1210 2001 1270 2069; x_wconf 85' lang='lat' dir='ltr'><em>sed</em></span> 
     </span>
     <span class='ocr_line' id='line_1_71' title="bbox 824 2090 1267 2176; baseline 0 -26"><span class='ocrx_word' id='word_1_255' title='bbox 824 2111 918 2150; x_wconf 89' lang='lat' dir='ltr'><em>causa</em></span> <span class='ocrx_word' id='word_1_256' title='bbox 934 2090 1193 2171; x_wconf 80' lang='lat' dir='ltr'><em>potiusfiliorum</em></span> <span class='ocrx_word' id='word_1_257' title='bbox 1211 2113 1267 2176; x_wconf 87' lang='lat' dir='ltr'><em>ap·</em></span> 
     </span>
     <span class='ocr_line' id='line_1_72' title="bbox 823 2172 1057 2255; baseline 0.021 -25"><span class='ocrx_word' id='word_1_258' title='bbox 823 2172 992 2255; x_wconf 87' lang='lat' dir='ltr'><em>petendum</em></span> <span class='ocrx_word' id='word_1_259' title='bbox 1008 2176 1057 2236; x_wconf 83' lang='lat' dir='ltr'><em>sit.</em></span> 
     </span>
    </p>

    <p class='ocr_par' dir='ltr' id='par_1_40' title="bbox 724 2249 1319 2478">
     <span class='ocr_line' id='line_1_73' title="bbox 724 2249 1319 2337; baseline 0 -23"><span class='ocrx_word' id='word_1_260' title='bbox 724 2249 794 2315; x_wconf 78' lang='lat'><em>231.</em></span> <span class='ocrx_word' id='word_1_261' title='bbox 829 2253 871 2313; x_wconf 88' lang='lat' dir='ltr'><em>Ut</em></span> <span class='ocrx_word' id='word_1_262' title='bbox 896 2255 1002 2316; x_wconf 90' lang='lat' dir='ltr'><em>omnia</em></span> <span class='ocrx_word' id='word_1_263' title='bbox 1025 2275 1103 2337; x_wconf 87' lang='lat' dir='ltr'><em>quae</em></span> <span class='ocrx_word' id='word_1_264' title='bbox 1125 2251 1268 2314; x_wconf 77' lang='lat' dir='ltr'><em>wadiari</em></span> <span class='ocrx_word' id='word_1_265' title='bbox 1316 2299 1319 2302; x_wconf 91' lang='lat'>-</span> 
     </span>
     <span class='ocr_line' id='line_1_74' title="bbox 824 2334 1267 2416; baseline 0.007 -23"><span class='ocrx_word' id='word_1_266' title='bbox 824 2334 959 2405; x_wconf 85' lang='lat' dir='ltr'><em>debent,</em></span> <span class='ocrx_word' id='word_1_267' title='bbox 982 2334 1152 2395; x_wconf 86' lang='lat' dir='ltr'><em>secundum</em></span> <span class='ocrx_word' id='word_1_268' title='bbox 1168 2338 1267 2416; x_wconf 81' lang='lat' dir='ltr'><em>legem</em></span> 
     </span>
     <span class='ocr_line' id='line_1_75' title="bbox 826 2417 1293 2478; baseline 0.004 -2"><span class='ocrx_word' id='word_1_269' title='bbox 826 2417 1055 2477; x_wconf 56' lang='lat' dir='ltr'><em>rewadientur»</em></span> <span class='ocrx_word' id='word_1_270' title='bbox 1290 2472 1293 2478; x_wconf 83' lang='grc'><em>,</em></span> 
     </span>
    </p>

    <p class='ocr_par' dir='ltr' id='par_1_41' title="bbox 726 2497 1266 2746">
     <span class='ocr_line' id='line_1_76' title="bbox 726 2497 1266 2564; baseline -0.009 0"><span class='ocrx_word' id='word_1_271' title='bbox 726 2497 795 2564; x_wconf 90' lang='grc'><strong>252.</strong></span> <span class='ocrx_word' id='word_1_272' title='bbox 829 2497 871 2559; x_wconf 82' lang='lat' dir='ltr'><em>Ut</em></span> <span class='ocrx_word' id='word_1_273' title='bbox 885 2500 989 2560; x_wconf 90' lang='lat' dir='ltr'><em>nullus</em></span> <span class='ocrx_word' id='word_1_274' title='bbox 1013 2500 1117 2559; x_wconf 83' lang='lat' dir='ltr'><em>ebrius</em></span> <span class='ocrx_word' id='word_1_275' title='bbox 1138 2516 1266 2560; x_wconf 80' lang='lat' dir='ltr'><em>causam</em></span> 
     </span>
     <span class='ocr_line' id='line_1_77' title="bbox 826 2582 1265 2664; baseline 0.009 -25"><span class='ocrx_word' id='word_1_276' title='bbox 826 2602 914 2640; x_wconf 87' lang='lat' dir='ltr'><em>sunm</em></span> <span class='ocrx_word' id='word_1_277' title='bbox 928 2583 1026 2664; x_wconf 90' lang='lat' dir='ltr'><em>possit</em></span> <span class='ocrx_word' id='word_1_278' title='bbox 1036 2584 1070 2641; x_wconf 91' lang='lat' dir='ltr'><em>in</em></span> <span class='ocrx_word' id='word_1_279' title='bbox 1085 2582 1179 2642; x_wconf 87' lang='lat' dir='ltr'><em>mallo</em></span> <span class='ocrx_word' id='word_1_280' title='bbox 1192 2603 1265 2643; x_wconf 86' lang='lat' dir='ltr'><em>con·</em></span> 
     </span>
     <span class='ocr_line' id='line_1_78' title="bbox 827 2683 1212 2746; baseline 0 -24"><span class='ocrx_word' id='word_1_281' title='bbox 827 2683 961 2746; x_wconf 76' lang='lat' dir='ltr'><em>querere.</em></span> <span class='ocrx_word' id='word_1_282' title='bbox 1208 2695 1212 2706; x_wconf 53' lang='grc' dir='ltr'><em>ι</em></span> 
     </span>
    </p>

    <p class='ocr_par' dir='ltr' id='par_1_42' title="bbox 725 2741 1268 2907">
     <span class='ocr_line' id='line_1_79' title="bbox 725 2741 1268 2809; baseline -0.006 0"><span class='ocrx_word' id='word_1_283' title='bbox 725 2745 796 2809; x_wconf 82' lang='grc'><strong>255</strong></span> <span class='ocrx_word' id='word_1_284' title='bbox 824 2747 873 2804; x_wconf 88' lang='lat' dir='ltr'><em>Dc</em></span> <span class='ocrx_word' id='word_1_285' title='bbox 897 2747 985 2806; x_wconf 89' lang='lat' dir='ltr'><em>nullo</em></span> <span class='ocrx_word' id='word_1_286' title='bbox 1016 2741 1064 2806; x_wconf 87' lang='lat' dir='ltr'><em>ad</em></span> <span class='ocrx_word' id='word_1_287' title='bbox 1097 2743 1268 2807; x_wconf 85' lang='lat' dir='ltr'><em>bibendum</em></span> 
     </span>
     <span class='ocr_line' id='line_1_80' title="bbox 824 2827 973 2907; baseline 0.013 -20"><span class='ocrx_word' id='word_1_288' title='bbox 824 2827 973 2907; x_wconf 79' lang='lat' dir='ltr'><em>cogendo.</em></span> 
     </span>
    </p>

    <p class='ocr_par' dir='ltr' id='par_1_43' title="bbox 725 2907 1272 3058">
     <span class='ocr_line' id='line_1_81' title="bbox 725 2907 1272 2986; baseline 0.004 -14"><span class='ocrx_word' id='word_1_289' title='bbox 725 2907 796 2986; x_wconf 71' lang='grc'><strong>254.</strong></span> <span class='ocrx_word' id='word_1_290' title='bbox 824 2910 874 2969; x_wconf 84' lang='lat' dir='ltr'><em>De</em></span> <span class='ocrx_word' id='word_1_291' title='bbox 889 2911 999 2970; x_wconf 89' lang='lat' dir='ltr'><em>Missis</em></span> <span class='ocrx_word' id='word_1_292' title='bbox 1018 2909 1186 2972; x_wconf 81' lang='lat' dir='ltr'><em>dominicis</em></span> <span class='ocrx_word' id='word_1_293' title='bbox 1204 2909 1272 2974; x_wconf 82' lang='lat' dir='ltr'><em>dis·</em></span> 
     </span>
     <span class='ocr_line' id='line_1_82' title="bbox 827 2995 1032 3058; baseline 0 -8"><span class='ocrx_word' id='word_1_294' title='bbox 827 2995 1032 3058; x_wconf 78' lang='lat' dir='ltr'><em>currentibus.</em></span> 
     </span>
    </p>

    <p class='ocr_par' dir='ltr' id='par_1_44' title="bbox 725 3071 1344 3325">
     <span class='ocr_line' id='line_1_83' title="bbox 725 3071 1269 3160; baseline 0.004 -23"><span class='ocrx_word' id='word_1_295' title='bbox 725 3071 795 3137; x_wconf 77' lang='lat'><em>235.</em></span> <span class='ocrx_word' id='word_1_296' title='bbox 829 3071 903 3133; x_wconf 81' lang='lat' dir='ltr'><em>Utb</em></span> <span class='ocrx_word' id='word_1_297' title='bbox 927 3081 1011 3136; x_wconf 82' lang='lat' dir='ltr'><em>coitu</em></span> <span class='ocrx_word' id='word_1_298' title='bbox 1027 3079 1269 3160; x_wconf 79' lang='lat' dir='ltr'><em>praegnantium</em></span> 
     </span>
     <span class='ocr_line' id='line_1_84' title="bbox 817 3155 1212 3239; baseline 0.015 -24"><span class='ocrx_word' id='word_1_299' title='bbox 817 3155 939 3239; x_wconf 86' lang='lat' dir='ltr'><em>fideles</em></span> <span class='ocrx_word' id='word_1_300' title='bbox 966 3180 998 3218; x_wconf 90' lang='lat' dir='ltr'><em>se</em></span> <span class='ocrx_word' id='word_1_301' title='bbox 1025 3161 1212 3222; x_wconf 85' lang='lat' dir='ltr'><em>abstineant.</em></span> 
     </span>
     <span class='ocr_line' id='line_1_85' title="bbox 725 3235 1344 3325; baseline 0.021 -30"><span class='ocrx_word' id='word_1_302' title='bbox 725 3235 795 3301; x_wconf 76' lang='lat'><strong>236.</strong></span> <span class='ocrx_word' id='word_1_303' title='bbox 822 3239 1010 3300; x_wconf 88' lang='lat' dir='ltr'><em>Decanibus</em></span> <span class='ocrx_word' id='word_1_304' title='bbox 1026 3245 1081 3325; x_wconf 82' lang='lat' dir='ltr'><em>qui</em></span> <span class='ocrx_word' id='word_1_305' title='bbox 1099 3243 1132 3302; x_wconf 92' lang='lat' dir='ltr'><em>in</em></span> <span class='ocrx_word' id='word_1_306' title='bbox 1151 3243 1269 3307; x_wconf 82' lang='lat' dir='ltr'><em>dextro</em></span> <span class='ocrx_word' id='word_1_307' title='bbox 1329 3264 1344 3284; x_wconf 55' lang='lat'><em>&#39;*</em></span> 
     </span>
    </p>

    <p class='ocr_par' dir='ltr' id='par_1_45' title="bbox 827 3326 1116 3391">
     <span class='ocr_line' id='line_1_86' title="bbox 827 3326 1116 3391; baseline 0.024 -12"><span class='ocrx_word' id='word_1_308' title='bbox 827 3341 914 3381; x_wconf 86' lang='lat' dir='ltr'><em>armo</em></span> <span class='ocrx_word' id='word_1_309' title='bbox 932 3326 1014 3382; x_wconf 88' lang='lat' dir='ltr'><em>tonsi</em></span> <span class='ocrx_word' id='word_1_310' title='bbox 1036 3338 1116 3391; x_wconf 87' lang='lat' dir='ltr'><em>sunt.</em></span> 
     </span>
    </p>

    <p class='ocr_par' dir='ltr' id='par_1_46' title="bbox 724 3402 1270 3554">
     <span class='ocr_line' id='line_1_87' title="bbox 724 3402 1270 3491; baseline 0.022 -32"><span class='ocrx_word' id='word_1_311' title='bbox 724 3402 793 3484; x_wconf 73' lang='grc'><strong>257,</strong></span> <span class='ocrx_word' id='word_1_312' title='bbox 823 3403 871 3463; x_wconf 88' lang='lat' dir='ltr'><em>De</em></span> <span class='ocrx_word' id='word_1_313' title='bbox 889 3404 1042 3485; x_wconf 86' lang='lat' dir='ltr'><em>Capitulis</em></span> <span class='ocrx_word' id='word_1_314' title='bbox 1058 3427 1137 3490; x_wconf 80' lang='lat' dir='ltr'><em>quae</em></span> <span class='ocrx_word' id='word_1_315' title='bbox 1153 3407 1187 3468; x_wconf 82' lang='lat' dir='ltr'><em>in</em></span> <span class='ocrx_word' id='word_1_316' title='bbox 1203 3409 1270 3491; x_wconf 78' lang='lat' dir='ltr'><em>lege</em></span> 
     </span>
     <span class='ocr_line' id='line_1_88' title="bbox 827 3488 1169 3554; baseline 0.026 -9"><span class='ocrx_word' id='word_1_317' title='bbox 827 3489 948 3546; x_wconf 80' lang='lat' dir='ltr'><em>noviter</em></span> <span class='ocrx_word' id='word_1_318' title='bbox 963 3488 1075 3549; x_wconf 85' lang='lat' dir='ltr'><em>addita</em></span> <span class='ocrx_word' id='word_1_319' title='bbox 1090 3503 1169 3554; x_wconf 88' lang='lat' dir='ltr'><em>sunt.</em></span> 
     </span>
    </p>

    <p class='ocr_par' dir='ltr' id='par_1_47' title="bbox 725 3567 1271 3896">
     <span class='ocr_line' id='line_1_89' title="bbox 725 3567 1271 3650; baseline 0.013 -22"><span class='ocrx_word' id='word_1_320' title='bbox 725 3567 795 3630; x_wconf 88' lang='grc'><strong>258.</strong></span> <span class='ocrx_word' id='word_1_321' title='bbox 829 3567 1271 3650; x_wconf 87' lang='lat' dir='ltr'><em>Utnullusadplacitumban·</em></span> 
     </span>
     <span class='ocr_line' id='line_1_90' title="bbox 826 3653 1269 3733; baseline 0.011 -24"><span class='ocrx_word' id='word_1_322' title='bbox 826 3653 933 3711; x_wconf 85' lang='lat' dir='ltr'><em>nialur</em></span> <span class='ocrx_word' id='word_1_323' title='bbox 955 3667 1085 3733; x_wconf 86' lang='lat' dir='ltr'><em>praeter</em></span> <span class='ocrx_word' id='word_1_324' title='bbox 1116 3653 1269 3716; x_wconf 85' lang='lat' dir='ltr'><em>Scabinos</em></span> 
     </span>
     <span class='ocr_line' id='line_1_91' title="bbox 827 3737 1269 3818; baseline 0.009 -26"><span class='ocrx_word' id='word_1_325' title='bbox 827 3747 962 3818; x_wconf 85' lang='lat' dir='ltr'><em>septem,</em></span> <span class='ocrx_word' id='word_1_326' title='bbox 998 3748 1028 3793; x_wconf 85' lang='lat' dir='ltr'><em>et</em></span> <span class='ocrx_word' id='word_1_327' title='bbox 1058 3737 1114 3816; x_wconf 75' lang='lat' dir='ltr'><em>orci</em></span> <span class='ocrx_word' id='word_1_328' title='bbox 1143 3756 1269 3796; x_wconf 90' lang='lat' dir='ltr'><em>causam</em></span> 
     </span>
     <span class='ocr_line' id='line_1_92' title="bbox 825 3816 1125 3896; baseline 0.007 -22"><span class='ocrx_word' id='word_1_329' title='bbox 825 3837 975 3896; x_wconf 81' lang='lat' dir='ltr'><em>quaerere</em></span> <span class='ocrx_word' id='word_1_330' title='bbox 1001 3816 1125 3876; x_wconf 87' lang='lat' dir='ltr'><em>debent.</em></span> 
     </span>
    </p>

    <p class='ocr_par' dir='ltr' id='par_1_48' title="bbox 724 3895 1269 4061">
     <span class='ocr_line' id='line_1_93' title="bbox 724 3895 1269 3978; baseline 0.011 -22"><span class='ocrx_word' id='word_1_331' title='bbox 724 3895 794 3978; x_wconf 80' lang='grc'><strong>259.</strong></span> <span class='ocrx_word' id='word_1_332' title='bbox 824 3897 978 3974; x_wconf 81' lang='lat' dir='ltr'><em>Defalsis</em></span> <span class='ocrx_word' id='word_1_333' title='bbox 991 3899 1120 3959; x_wconf 85' lang='lat' dir='ltr'><em>testibus</em></span> <span class='ocrx_word' id='word_1_334' title='bbox 1140 3920 1203 3960; x_wconf 90' lang='lat' dir='ltr'><em>non</em></span> <span class='ocrx_word' id='word_1_335' title='bbox 1215 3923 1269 3961; x_wconf 86' lang='lat' dir='ltr'><em>re-</em></span> 
     </span>
     <span class='ocr_line' id='line_1_94' title="bbox 826 3979 1093 4061; baseline 0 -22"><span class='ocrx_word' id='word_1_336' title='bbox 826 3979 990 4061; x_wconf 87' lang='lat' dir='ltr'><em>cipiendis.</em></span> <span class='ocrx_word' id='word_1_337' title='bbox 1087 4003 1093 4030; x_wconf 90' lang='lat'><em>··</em></span> 
     </span>
    </p>
   </div>
   <div class='ocr_carea' id='block_1_12' title="bbox 723 4061 1360 4143">
    <p class='ocr_par' dir='ltr' id='par_1_49' title="bbox 723 4061 1360 4143">
     <span class='ocr_line' id='line_1_95' title="bbox 723 4061 1360 4143; baseline 0.003 -23"><span class='ocrx_word' id='word_1_338' title='bbox 723 4061 792 4138; x_wconf 73' lang='grc'><strong>240.</strong></span> <span class='ocrx_word' id='word_1_339' title='bbox 823 4061 968 4143; x_wconf 85' lang='lat' dir='ltr'><em>Qualiter</em></span> <span class='ocrx_word' id='word_1_340' title='bbox 994 4062 1159 4124; x_wconf 83' lang='lat' dir='ltr'><em>Fidelibus</em></span> <span class='ocrx_word' id='word_1_341' title='bbox 1180 4063 1270 4124; x_wconf 78' lang='lat' dir='ltr'><em>Cin-i-</em></span> <span class='ocrx_word' id='word_1_342' title='bbox 1358 4109 1360 4114; x_wconf 87' lang='lat'><em>.</em></span> 
     </span>
    </p>
   </div>
   <div class='ocr_carea' id='block_1_13' title="bbox 816 4143 1269 4285">
    <p class='ocr_par' dir='ltr' id='par_1_50' title="bbox 816 4143 1269 4285">
     <span class='ocr_line' id='line_1_96' title="bbox 816 4143 1269 4236; baseline 0.02 -36"><span class='ocrx_word' id='word_1_343' title='bbox 816 4143 927 4236; x_wconf 67' lang='lat' dir='ltr'><em>silanis</em></span> <span class='ocrx_word' id='word_1_344' title='bbox 968 4147 1088 4206; x_wconf 83' lang='lat' dir='ltr'><em>incesta</em></span> <span class='ocrx_word' id='word_1_345' title='bbox 1129 4147 1269 4209; x_wconf 80' lang='lat' dir='ltr'><em>cavenda</em></span> 
     </span>
     <span class='ocr_line' id='line_1_97' title="bbox 824 4238 896 4285; baseline 0.014 -1"><span class='ocrx_word' id='word_1_346' title='bbox 824 4238 896 4285; x_wconf 81' lang='lat' dir='ltr'><em>sent.</em></span> 
     </span>
    </p>
   </div>
   <div class='ocr_carea' id='block_1_14' title="bbox 0 0 1468 4984">
    <p class='ocr_par' dir='ltr' id='par_1_51' title="bbox 0 0 1468 4984">
     <span class='ocr_line' id='line_1_98' title="bbox 0 0 1468 4984; baseline 0 0"><span class='ocrx_word' id='word_1_347' title='bbox 0 0 1468 4984; x_wconf 95' lang='lat' dir='ltr'><em> </em></span> 
     </span>
    </p>
   </div>
  </div>
 </body>
</html>
