2948 4990
215 305 290 383 ola
643 334 929 394 carnotenum

213 466 643 552 quemquam‘testimonium
662 474 769 537 dicere
786 476 1010 552 admittentem
1026 469 1161 561 excepto
1180 480 1212 540 in
1230 483 1353 566 aliqui-

212 551 273 612 bus
289 551 411 628 causis,
433 553 488 614 ubi
513 554 695 636 ingenuitas
712 559 820 620 deesse
835 560 1032 638 dinoscitur,
1054 564 1137 623 sicut
1156 565 1350 644 permissum

214 644 262 696 est
279 634 365 696 etde
380 635 496 706 servis3
519 639 595 718 quia
614 639 785 722 indignum
808 653 915 704 nostra
931 655 1044 726 pensat
1059 645 1229 707 clementia
1246 658 1283 706 ut
1302 649 1347 708 li-

211 716 379 779 bertorum
404 717 587 781 testimonio
603 721 754 804 ingenuis
775 723 888 784 damna
907 727 1122 788 concitentur.
1171 728 1236 802 Qui
1268 752 1349 790 vero

214 798 254 860 de
273 799 395 863 eisdem
407 801 530 862 fuerint
541 806 723 888 progeniti,
746 807 786 870 ad
801 808 1022 870 testimonium
1040 809 1256 876 admittantur.
1288 813 1350 874 Ca..

209 881 304 965 pizul.
325 904 354 944 a.
372 883 482 976 7440.
494 884 540 948 15.

411 991 461 1052 De
486 994 535 1054 liis
555 995 611 1074 qui
636 1015 707 1056 cum
722 993 854 1076 faribus
876 999 995 1060 conscii
1010 997 1146 1080 suerint.

294 1094 393 1165 CLX.
434 1099 506 1159 Non
527 1099 705 1161 solumille
723 1099 1072 1186 quifurtumfecerit,
1105 1105 1162 1168 sed
1192 1095 1294 1165 eliani
1313 1115 1348 1167 et

211 1177 400 1263 quicunque
421 1181 568 1244 conscius
587 1183 706 1261 fuerit,
727 1183 781 1244 vel
797 1185 884 1246 furto
905 1186 1009 1252 ablata
1031 1187 1137 1250 sciens
1157 1189 1348 1270 susceperit,

209 1259 246 1324 in
268 1284 404 1326 numero
422 1265 600 1326 furantium
614 1265 788 1344 habeatur,
811 1277 843 1328 et
864 1267 962 1329 simili
984 1269 1147 1332 vindictae
1171 1271 1346 1332 subiaceat.

418 1391 456 1454 Si
479 1415 643 1478 possessor
658 1417 720 1480 per
739 1399 925 1459 violentiam
948 1399 1137 1480 expellatur.

295 1497 409 1562 cht.
452 1500 648 1584 Quicunque
668 1501 829 1564 violenter
847 1503 1009 1586 expulerit
1030 1506 1258 1588 possidentem,
1279 1507 1347 1590 pri-

210 1606 345 1666 usquam
360 1607 420 1666 pro
434 1586 503 1668 ipso
521 1586 642 1654 ludicis
667 1587 828 1648 sententia
854 1588 1044 1668 praecedat,
1066 1589 1093 1658 si
1120 1611 1248 1652 causam
1274 1612 1345 1651 me-

210 1668 326 1728 liorem
349 1666 518 1745 habuerit,
541 1667 641 1750 ipsam
660 1690 786 1729 causam
810 1669 849 1730 de
874 1691 938 1751 qua
963 1671 1089 1752 agitur,
1119 1673 1233 1755 perdat
1242 1697 1251 1743 ;
1288 1673 1345 1732 ille

210 1771 289 1812 vero
306 1751 362 1830 qui
384 1751 573 1813 violentiam
590 1750 744 1836 pertulit,
767 1751 919 1812 universa
944 1753 978 1811 in
1004 1761 1088 1816 statu
1115 1777 1180 1836 qun
1213 1756 1347 1816 fuerant

211 1830 369 1914 recipiat,
390 1843 422 1894 et
442 1855 525 1914 quae
543 1836 687 1914 possedit
713 1855 845 1896 securus
862 1844 978 1896 teneat.
1022 1835 1055 1895 si
1080 1857 1158 1897 vcro
1186 1837 1271 1896 illud
1291 1837 1347 1896 in-

208 1914 298 1974 vadit
315 1915 405 1995 quod
421 1937 480 1996 per
501 1916 658 1978 iudicium
676 1915 822 1978 obtinere
851 1916 974 1997 potuit,
997 1926 1029 1977 et
1052 1939 1177 1980 causam
1201 1918 1350 1997 amittat,

212 2006 244 2058 et
259 1995 349 2058 aliud
365 2007 490 2056 tantum
508 2009 663 2080 quantum
677 1999 793 2060 invasit
807 1999 920 2060 reddat
942 1999 1087 2082 expulso,

396 2125 437 2187 Ut
446 2126 570 2210 fideles
579 2127 688 2214 fidem
706 2142 831 2190 sanctae
849 2129 1014 2190 Trinitatis
1039 2128 1172 2190 discant.

296 2231 430 2296 Cthl.
472 2235 514 2294 Ut
532 2233 643 2296 fideles
671 2234 766 2294 fidem
791 2243 918 2296 sanctae
939 2235 1106 2298 Trinitatis
1125 2236 1270 2308 discant3
1308 2237 1344 2300 iu

213 2333 299 2399 qua,
321 2317 408 2377 inter
425 2326 569 2392 caetera,
591 2316 724 2380 credere
742 2327 869 2398 oportet
888 2319 976 2400 quod
995 2340 1054 2399 per
1068 2319 1225 2402 Spiritum
1241 2321 1346 2382 Sanc-

212 2411 281 2462 tum
296 2397 442 2460 remissio
456 2410 661 2482 peccatorum
679 2400 711 2458 in
741 2399 947 2480 baptismate,
978 2401 1239 2478 confirmatione,
1267 2424 1345 2483 poe*

212 2483 367 2560 nitentia,
390 2491 421 2542 et
438 2481 472 2544 in
496 2482 629 2543 caeteris
644 2481 809 2543 canonicis
827 2483 984 2560 decretis,
1005 2483 1088 2544 sicut
1107 2485 1345 2567 scriptumest,

213 2567 422 2641 conferatur,
444 2575 478 2628 et
492 2565 578 2644 quod
595 2565 744 2626 fidelibus
763 2563 797 2622 iu
818 2565 964 2626 Ecclesia
985 2587 1044 2647 per
1073 2566 1236 2627 Christum
1260 2566 1346 2626 cius-

214 2648 289 2710 dem
308 2647 411 2709 saucti
430 2645 567 2728 Spiritus
582 2649 685 2724 dono,
706 2667 766 2728 per
778 2646 993 2707 ministerium
1009 2650 1205 2709 sacerdotale
1231 2657 1264 2708 et
1284 2669 1346 2731 per

211 2729 447 2815 poenitentiam
467 2731 612 2791 remissio
628 2739 834 2814 peccatorum
850 2729 1072 2791 indubitanter
1086 2732 1299 2806 adtribuatur,
1313 2739 1347 2790 et

213 2813 303 2896 quod
325 2812 469 2894 gentium
491 2813 635 2874 omnium
651 2813 685 2874 in
708 2834 784 2875 vera
807 2833 903 2873 carne
925 2813 959 2871 in
988 2812 1132 2873 adventu
1149 2813 1269 2872 Christi
1289 2832 1344 2880 re-

123 2973 125 2980 Ι
212 2897 372 2958 surrectio
385 2898 494 2956 futura
506 2897 564 2956 sit:
587 2907 620 2957 et
637 2904 772 2957 caetera.
815 2897 919 2972 Quam
937 2895 1032 2956 fidem
1054 2895 1238 2960 memoriter
1254 2904 1344 2954 tene·

214 2988 287 3055 ant,
311 2987 344 3039 et
360 2979 427 3040 suis
440 2979 664 3040 Sacerdotibus
683 2999 752 3038 eam
769 2977 922 3051 reddant,
945 2987 978 3038 et
1005 2989 1169 3060 exponant
1196 2998 1254 3058 per
1274 2977 1347 3036 sin«

214 3063 290 3146 gula
308 3062 415 3126 verba.
456 3062 499 3121 Et
522 3061 583 3145 ipsi
604 3059 792 3123 Sacerdotes
807 3081 876 3120 eam
903 3059 1045 3120 fideliter
1068 3069 1100 3120 et
1124 3061 1266 3144 pleniter
1294 3067 1346 3118 at·

214 3165 278 3225 que
294 3145 453 3204 veraciter
465 3144 624 3227 populum
644 3145 803 3221 doceant,
825 3141 979 3224 quoniam
994 3141 1133 3224 primum
1152 3143 1346 3202 fundamen„

213 3236 283 3288 tum
304 3225 505 3288 Christianae
520 3227 688 3308 religionis
709 3225 788 3290 fides
807 3224 971 3289 catholica.
988 3233 1045 3284 est.
1096 3226 1138 3286 Et
1162 3223 1244 3284 haec
1264 3222 1346 3283 fides

215 3317 294 3369 tunc
310 3317 357 3368 est
372 3330 449 3370 vera
469 3318 501 3370 et
516 3311 691 3386 fructuosa,
711 3309 737 3368 si
753 3307 846 3369 bonis
862 3306 1012 3390 operibus
1035 3315 1218 3382 exornetur,
1236 3305 1269 3364 id
1285 3312 1348 3382 est,

214 3412 294 3472 spe,
317 3391 464 3468 caritate,
486 3391 685 3468 humilitate,
715 3391 875 3466 castitate,
908 3389 1127 3466 coutinentia,
1154 3389 1346 3463 sobrietate,

215 3473 444 3549 unanimitate,
468 3475 662 3551 concordia,
684 3472 825 3551 iustitia,
854 3472 993 3554 pietate,
1021 3470 1257 3544 misericordia,
1293 3469 1347 3526 in„

215 3555 382 3632 nocentia,
405 3556 620 3636 simplicitate,
643 3566 674 3618 et
690 3555 824 3618 caeteris
840 3555 891 3616 his
906 3553 1073 3615 similibus.
1124 3556 1215 3631 Quae
1238 3551 1348 3612 omnia

216 3639 251 3700 in
272 3638 447 3699 dilectione
461 3639 524 3712 Dei
542 3649 575 3700 et
589 3638 732 3700 Proximi
753 3638 952 3709 consistunt„
983 3637 1060 3698 Siue
1074 3635 1125 3698 his
1141 3635 1229 3696 enim
1249 3654 1348 3698 nemu

215 3729 321 3808 potest
334 3723 403 3782 Deo
418 3722 565 3804 placere,
588 3743 649 3783 nec
669 3723 776 3786 salvus
801 3741 878 3782 esse.

402 3831 451 3889 De
469 3828 699 3890 contumacibus
714 3829 912 3906 Presbyteris
927 3826 981 3888 vel
994 3826 1134 3887 Clericis.

302 3933 452 3999 CLXlll.
478 3934 529 3998 .si
549 3933 621 4015 quis
636 3933 919 4016 Presbyterorum,
940 3931 1175 4007 Diaconorum,
1198 3931 1253 3992 vel
1273 3931 1349 3993 reli.

219 4040 358 4100 quorum
378 4019 578 4078 Clericorum
599 4027 770 4077 contumax
798 4025 852 4077 aut
877 4015 1032 4098 superbus
1054 4014 1106 4074 vel
1138 4013 1349 4090 inobediens,

220 4111 281 4170 aut
300 4100 432 4161 rebellis
451 4101 610 4182 Episcopo
633 4123 711 4178 suo,
735 4097 898 4174 extiterit,
922 4098 1055 4180 gradum
1081 4095 1253 4172 habentes,
1275 4118 1349 4178 pro-

219 4183 291 4264 prio
304 4183 403 4265 gradu
424 4193 562 4246 careant.
605 4182 734 4266 Reliqui
760 4203 838 4242 vero
867 4179 987 4252 Clerici
1014 4179 1067 4240 vel
1096 4177 1264 4256 Monachi,
1295 4187 1350 4244 aut

220 4265 330 4343 Laici,
354 4287 455 4350 usque
474 4266 513 4332 ad
526 4265 774 4334 catislactionem
794 4263 1020 4330 commuuione
1033 4261 1210 4348 prirentur.
