2910 4986
431 293 433 300 ⁴
536 297 651 354 arasa
687 297 873 372 oranius,
1209 275 1283 351 477

153 449 201 504 est
219 439 356 503 flurium
371 434 512 523 aliquem
529 461 587 522 per
604 445 737 522 pontem
752 448 957 517 transmeare,
971 437 1023 499 vel
1041 438 1096 498 abi
1111 437 1204 499 navis
1222 460 1282 521 per

152 523 292 586 mediam
313 542 428 606 aquam
442 532 499 583 aut
513 521 624 584 subtus
638 532 770 603 pontem
790 522 874 599 ierit,
899 531 931 582 et
951 522 991 582 ad
1005 520 1108 604 ripam
1133 539 1199 582 non
1224 523 1282 596 ad-

150 606 426 691 propinquaverit,
437 615 544 687 neque
561 605 682 665 ibidem
694 604 817 686 aliquid
833 615 974 688 emptum
990 605 1042 664 rel
1061 604 1283 673 'venundatum

151 689 262 767 fuerit,
284 689 420 748 ulterius
435 689 601 748 teloneum
616 709 682 748 non
699 687 803 748 detn'r.
843 689 886 748 Et
908 709 1002 748 nemo
1017 698 1114 770 rogat
1128 688 1227 746 alium
1241 691 1283 751 ad

151 781 282 856 pontem
291 772 337 831 ire
346 770 402 830 ahi
411 771 498 831 iuxta
507 779 638 851 pontem
647 791 761 850 aquam
771 781 963 831 transmeare
974 781 1085 850 potest.
1113 773 1155 831 Et
1164 769 1221 852 q'ui
1235 769 1283 834 ul-

137 853 252 914 -terius
269 854 302 912 in
316 843 432 914 talibus
453 853 549 929 locis,
570 853 623 914 rel
645 855 684 914 de
708 854 753 914 eis
772 853 832 934 'qui
853 855 893 914 ad
907 851 1060 936 palatium
1074 875 1131 914 seu
1153 855 1186 912 in
1206 855 1282 917 hos-

150 943 216 996 tem
243 945 392 1018 pergunt,
414 935 583 996 teloneum
606 938 812 1013 exactaverit,
835 958 908 997 cum
925 957 982 996 sua
1002 936 1072 1017 lege
1104 937 1208 1016 ipsum
1236 948 1283 1000 te·

150 1009 286 1078 loneut'n
303 1017 427 1095 reddat,
450 1025 484 1078 et
500 1018 646 1079 bannum
663 1027 818 1095 nostrum,
840 1019 875 1079 id
895 1029 952 1096 est,
974 1019 1137 1100 sexaginta
1162 1019 1281 1082 solidus

149 1109 334 1184 componat.
376 1097 461 1162 laid.
476 1121 502 1160 c.
520 1107 565 1181 17.

242 1272 246 1283 ¹
327 1209 382 1269 De
404 1207 454 1265 lais
472 1207 527 1288 qui
543 1198 640 1268 bonos
660 1201 807 1268 denarios
829 1207 969 1289 accipere
988 1207 1108 1283 nolant.

191 1282 339 1350 XXXII.
380 1283 579 1370 Quicunque
602 1291 687 1351 liber
707 1291 803 1351 homo
815 1288 988 1350 ‘denarium
1005 1305 1129 1349 merum
1148 1300 1180 1352 et
1196 1291 1281 1355 bene

152 1379 341 1458 'pensantem
361 1371 507 1453 recipere
524 1372 676 1451 noluerit,
697 1371 840 1432 bannum
861 1381 1023 1449 nostrum,
1055 1372 1088 1432 id
1112 1383 1169 1450 est,
1190 1395 1283 1434 sexa-

149 1456 242 1538 ginta
263 1453 382 1515 solidos
402 1463 579 1535 componat.
618 1450 663 1516 Si
682 1477 759 1516 vero
776 1454 860 1516 servi
878 1463 910 1514 et
928 1454 1134 1516 ecclesiastici
1152 1467 1207 1514 attat
1223 1460 1283 1518 Co·

150 1537 268 1598 mitum
288 1545 343 1595 aut
357 1537 563 1596 vassallorum
579 1548 761 1599 nostrorum
777 1537 840 1598 hoc
868 1539 972 1598 facere
998 1539 1282 1619 praesumpserint,

149 1619 326 1701 'sexaginta
341 1617 456 1679 ictibus
481 1620 647 1702 vapulent.
689 1621 753 1683 Aut
771 1621 797 1681 si
821 1620 970 1702 magister
989 1633 1100 1680 eorum
1121 1621 1172 1681 vel
1186 1622 1283 1682 advo-

150 1709 254 1778 ¹uatus,
280 1699 337 1782 qui
356 1701 440 1761 liber
462 1710 524 1778 est,
545 1713 601 1764 'eos
623 1703 676 1764 vel
707 1703 825 1764 Comiti
854 1703 906 1764 vel
927 1697 1023 1764 Misso
1049 1713 1157 1764 nostro
1177 1693 1283 1764 iussus

153 1793 357 1869 praesentare
376 1781 530 1862 noluerit,
552 1785 751 1868 praedictum
768 1781 913 1846 hannani
925 1794 1081 1866 nostrum,
1103 1786 1138 1849 id
1159 1795 1216 1864 est,
1234 1807 1284 1847 se·-

151 1867 283 1951 &aginta
306 1866 429 1928 solidos
449 1873 629 1950 componat.
669 1867 753 1934 laia.
772 1886 801 1933 u.
818 1867 863 1934 18.

264 2023 268 2030 .
447 1974 502 2035 De
524 1965 790 2035 adulteratoribus
817 1981 967 2037 monetat.

193 2053 359 2121 XXXIII.
400 2055 448 2116 De
463 2051 542 2116 falsa
560 2066 690 2118 moneta
707 2057 854 2118 iubemus
873 2068 908 2118 ut
924 2058 981 2142 qui
1001 2080 1070 2124 eam
1088 2055 1283 2144 percussisse

152 2135 377 2218 eomprobatus
402 2137 521 2216 fuerit,
544 2152 657 2198 manus
680 2139 709 2200 ei
733 2149 924 2221 amputetur.
971 2143 1013 2202 Et
1033 2145 1090 2226 qui
1111 2144 1174 2207 hoc
1202 2161 1283 2206 uon·

154 2221 265 2297 sensit,
288 2220 314 2281 si
335 2219 418 2280 liber
440 2228 499 2284 est.
521 2221 684 2302 sexaginta
703 2221 821 2283 solidos
842 2233 1025 2306 componam
1056 2227 1083 2288 si
1100 2239 1214 2290 servus
1236 2237 1284 2289 est

152 2302 321 2385 'sexaginta
338 2302 422 2362 ictus
444 2302 589 2385 arripiat.
630 2303 754 2365 Ibide.
775 2327 821 2388 ¹9·
1185 2311 1189 2320 “

277 2409 332 2484 De
349 2408 482 2490 proprio
505 2406 664 2468 dominico
680 2405 747 2468 sine
765 2411 901 2472 iussione
921 2412 1006 2472 illias
1027 2411 1166 2476 reddito.

199 2485 358 2555 XXXIV.
402 2490 436 2550 Si
459 2491 530 2572 qttis
549 2491 715 2574 proprium
733 2502 887 2570 nostrum,
910 2496 998 2576 quod
1017 2495 1050 2554 in
1068 2487 1220 2558 vestitura
1234 2520 1285 2578 ge·
1317 2491 1320 2498 ’

155 2573 272 2634 ‘nitoris
292 2571 393 2633 nostri
413 2571 486 2650 fuit,
501 2572 597 2632 alicui
612 2575 781 2654 quaerenti
798 2577 867 2636 sine
888 2587 994 2636 nostra
1011 2577 1154 2640 iussio'tte
1174 2582 1286 2642 reddi-

158 2655 252 2731 derit,
275 2654 363 2715 aliud
377 2662 502 2714 tantum
518 2654 610 2716 nobis
632 2657 671 2718 de
692 2678 750 2716 suo
772 2657 903 2739 proprio
927 2673 1001 2718 cunt
1020 2681 1076 2721 sua
1100 2661 1171 2743 lege
1198 2685 1287 2724 eom-

157 2745 267 2820 ponat.
304 2737 346 2796 Et
366 2736 554 2820 quicunque
572 2739 655 2798 illud
670 2739 809 2800 solenter
828 2761 885 2820 per
903 2742 1022 2803 malum
1042 2744 1208 2824 ingenium
1230 2747 1287 2806 ad·

182 2819 288 2879 uirere
307 2820 492 2894 tentaverit,¹
509 2842 567 2902 pro
585 2820 709 2888 infideli
731 2831 890 2899 teneatur,
913 2823 987 2904 quia
999 2837 1232 2894 sacramentum
1252 2829 1288 2887 fi-

157 2843 299 2962 delitatis
316 2900 404 2982 quod
425 2902 517 2962 nobis
531 2905 687 2985 promisit,
709 2904 837 2963 irritum
851 2904 945 2975 feeit3
968 2916 1001 2967 et
1020 2907 1289 2970 ideusecundum

157 2993 301 3044 nostram
323 2983 522 3044 voluntatem
540 2995 572 3046 et
588 2993 778 3068 potestatem
796 2986 1022 3050 diiudicandus
1036 2999 1092 3050 est.
1132 2993 1179 3054 la.
1195 3015 1221 3052 c.
1238 3015 1291 3054 sos
1311 3016 1313 3019 ·

211 3093 267 3152 De
286 3091 395 3170 pueris
416 3080 525 3150 invitis
542 3080 726 3174 parentibus
747 3081 886 3152 detonsis
902 3107 955 3154 aut
972 3095 1087 3178 puellis
1107 3098 1231 3160 vetatis.

198 3162 330 3234 XXXV.
373 3171 407 3230 Si
433 3172 505 3252 quis
523 3181 671 3254 puerum
684 3172 795 3235 invitis
821 3171 1007 3257 parentibus
1025 3182 1213 3258 totonderit,
1234 3187 1291 3244 aut

158 3254 306 3340 puellam
324 3254 493 3331 velaverit,
519 3256 626 3338 legem
640 3271 729 3316 suam
747 3255 780 3316 in
803 3257 901 3338 triplo
923 3273 1111 3341 componat,
1144 3275 1199 3324 ant
1226 3265 1289 3348 ipsi

158 3359 261 3436 puero
283 3335 338 3399 vel
359 3337 500 3416 puellae,
523 3338 549 3398 si
570 3338 634 3398 iam
653 3359 729 3399 suae
748 3341 914 3420 potestatis
935 3352 1020 3418 sunt,
1045 3356 1099 3406 aut
1120 3345 1170 3408 illi
1185 3348 1219 3406 in
1235 3345 1290 3409 eu'·

159 3420 293 3482 tuslibet
317 3427 472 3500 potestate
493 3419 626 3485 fuerint.
666 3419 722 3481 llli
744 3443 821 3483 vero
841 3431 1030 3504 potestatem
1046 3426 1185 3490 habeant
1198 3432 1288 3514 oapi·

159 3505 202 3565 tis
219 3503 289 3577 sui,
315 3500 407 3560 utin
437 3495 494 3561 tali
519 3490 632 3562 hahita
655 3514 866 3586 permaneant
893 3501 999 3589 'qualis
1020 3509 1066 3572 eis
1088 3514 1290 3596 complacue·

158 3586 213 3650 rit.
255 3583 431 3648 liuidum.

609 3669 665 3730 De
677 3665 845 3750 forcapiis»

201 3743 360 3808 XXXVI.
403 3748 436 3810 Si
464 3749 624 3833 mancipia
646 3751 791 3817 dominos
815 3769 888 3815 suos
919 3756 1063 3838 fugerint
1085 3756 1120 3818 in
1151 3754 1291 3824 alienam

161 3838 362 3911 potestatem,
383 3832 596 3915 praecipimus
619 3843 655 3893 ut
670 3842 803 3915 propter
816 3834 878 3896 hoo
897 3839 1026 3898 nullum
1041 3843 1219 3921 praemium
1234 3867 1287 3906 ao·
1330 3879 1331 3886 κ

162 3912 262 3990 cipiet
281 3912 336 3973 ille
361 3913 395 3973 in
419 3915 510 3975 cuius
531 3925 685 3997 potestate
706 3916 830 3980 fuerint
849 3918 993 3996 inventa,
1013 3943 1072 4003 pro
1089 3943 1127 3982 eo
1147 3927 1232 4006 quod
1254 3949 1292 3986 ee

163 3995 214 4054 rel
230 3995 408 4056 reddiderit
424 3996 476 4057 vel
489 3998 573 4058 foras
589 3998 730 4059 eiecerit.
770 4000 813 4070 Et
834 4022 899 4061 non
915 3998 1026 4062 solum
1034 4001 1106 4078 hoc,
1123 4008 1179 4066 sed
1195 4009 1292 4068 etiam

163 4076 190 4136 si
211 4097 248 4136 ea
270 4093 329 4138 nee
351 4079 487 4139 reddere
511 4101 571 4140 nee
595 4082 680 4142 foras
700 4081 807 4142 eicere
832 4081 989 4163 voluerit,
1012 4096 1044 4146 et
1067 4087 1211 4168 legitimo
1232 4093 1291 4152 do-

164 4157 252 4220 mino
273 4181 310 4219 ea
330 4161 570 4240 contradixerit,
594 4172 626 4223 et
648 4164 704 4223 illa
729 4164 804 4223 inde
833 4175 941 4246 postea
964 4167 1146 4248 effugerint,
1173 4193 1290 4234 socan.

165 4237 242 4302 dum
262 4243 367 4325 legem
387 4249 427 4305 ‘ea
441 4245 567 4307 solvere
590 4254 732 4328 cogatur.
776 4246 910 4330 Capitol,
933 4247 993 4315 IV,
1016 4245 1043 4318 e,
1066 4252 1085 4314 8
1093 4275 1137 4336 ¹9·
1157 4277 1183 4320 e,
1211 4280 1234 4324 ι,
