2948 4990
525 354 636 412 nese
658 355 812 416 sexsus.
1162 357 1234 428 505

211 492 395 556 inconvulsa
409 507 559 579 perpetuo
579 516 646 556 ser·
695 498 768 574 404.
796 500 844 560 De
858 503 1028 584 sacrilegis,
1048 513 1237 594 qtcodfuree

211 587 333 638 ventur.
797 584 873 654 sint,
889 597 965 645 teste
978 590 1153 671 Scriptura.

99 651 178 732 391.
208 655 257 715 De
289 660 460 740 privilegiis
487 659 646 720 Ecclesia·
695 659 766 734 405.
797 663 893 744 Quod
921 671 1072 755 quicquid
1099 661 1236 758 oj'fertsa

212 758 294 810 rum,
309 743 452 821 quatinus
465 744 647 827 incorrupta
799 745 950 824 Domino,
976 767 1113 818 sanctum
1134 761 1235 820 Sanc-

209 824 297 900 persi
314 835 389 888 tant.
798 832 965 909 tornensis,
988 849 1018 894 et
1033 839 1141 900 aelius
1157 865 1234 926 per-

102 897 179 977 392.
208 843 440 980 Quonlseroari
454 907 578 979 debeat,
591 928 652 990 po-·
799 909 895 970 tinent
915 911 1131 983 Sacerdotem.

211 983 273 1041 tius
287 1006 380 1066 quam
396 989 539 1068 auferri,
561 988 649 1073 quod
696 984 766 1062 406.
789 990 837 1048 De
853 993 901 1049 ln's
923 1001 1081 1079 sacrilegis
1098 1007 1153 1084 qiri
1171 1007 1235 1068 Ec·

211 1069 648 1152 sanctaeDeiEcclesiaesue-
798 1072 910 1132 clesiae
932 1079 1056 1160 eiusque
1083 1086 1236 1150 Sacerdo-

209 1147 253 1204 rit
269 1149 425 1216 collatum.
798 1154 879 1214 tibus
900 1158 1031 1222 iniurius
1047 1167 1196 1246 inserunt.

101 1223 178 1306 593.
211 1224 253 1286 Ut
271 1231 387 1308 Laicis,
408 1236 549 1314 quamuis
571 1236 647 1295 reli·
696 1229 766 1315 407.
796 1235 892 1316 Quod
908 1245 1011 1302 omnia
1032 1267 1109 1328 quae
1127 1251 1237 1310 Domi·

207 1310 318 1385 giosis,
330 1315 417 1379 nulla
426 1321 467 1375 sit
477 1317 646 1398 disponen-
798 1338 837 1375 no
857 1319 1045 1403 offermtur,
1056 1334 1171 1410 procul
1179 1333 1236 1392 clu-

208 1389 245 1450 di
259 1393 298 1452 de
311 1396 401 1454 rebus
414 1397 574 1459 Ecclesiae
587 1399 646 1459 da·
799 1399 849 1458 blo
864 1413 893 1459 el
910 1423 1139 1472 consecrantur.

212 1483 244 1531 ta
252 1474 404 1554 facultas,
695 1476 767 1553 408.
797 1478 839 1540 Ut
855 1481 1086 1550 Christiani'eoe
1106 1498 1235 1578 propin-

103 1551 179 1633 594.
203 1553 299 1636 Quod
303 1560 479 1636 praedones
488 1561 646 1624 Ecclesiae
797 1563 914 1642 quliaie
932 1570 981 1626 sul
997 1577 1156 1651 sanguinis
1164 1598 1236 1638 con·

209 1639 356 1718 sacrilegi
365 1644 438 1718 sint,
448 1645 529 1703 sicut
541 1645 648 1730 Serip·
796 1645 890 1704 nablo
900 1669 963 1708 non
982 1651 1106 1716 ducant.

141 1763 142 1768 ,
209 1725 486 1785 εαγαεῑρςιῐῃωηίο
507 1747 648 1813 compro.
695 1722 766 1805 409.
791 1723 840 1784 De
865 1747 901 1786 eo
924 1734 978 1811 qui
1003 1755 1035 1793 se
1060 1738 1242 1804 incestuoso,

210 1799 311 1862 batur.
798 1807 909 1868 ordine
936 1815 984 1872 bis
1004 1824 1148 1898 personis
1169 1817 1236 1905 qai.
1299 1845 1301 1853 s

103 1877 178 1960 395.
207 1881 303 1963 Quod
308 1905 424 1968 eaquae
432 1891 566 1952 Durnino
576 1913 647 1952 con·
799 1890 853 1948 bns
867 1891 886 1949 b
900 1892 1017 1955 divinis
1037 1902 1152 1978 regulis
1161 1927 1237 1987 pro-

208 1982 387 2039 secramur,
410 1972 456 2030 ad
476 1975 525 2032 ius
547 1973 613 2034 eccl
629 2009 645 2020 -
713 2045 715 2048 Ι
797 1971 928 2032 bibitum
946 1991 1003 2050 esi,
1025 1985 1237 2049 coniunxeril.

208 2047 367 2112 siasticum
379 2055 567 2132 pertineant.
694 2049 766 2126 410.
796 2053 941 2117 Eatibro
958 2059 1075 2141 Legum
1093 2065 1238 2129 Theodo-

104 2121 180 2206 596.
207 2125 249 2188 Ut
257 2129 360 2212 siquis
368 2132 551 2212 dignitatem
556 2158 647 2220 prae·
794 2136 836 2194 sii
852 2140 917 2209 III,
932 2161 999 2214 cap.
1011 2144 1087 2204 xsde
1100 2149 1247 2216 incestis:

210 2215 479 2298 sumpserl‘tquam
501 2241 562 2278 ηοη
580 2240 645 2278 me·
693 2211 766 2288 411.
799 2215 841 2276 Ui
861 2221 965 2280 nullus
991 2225 1138 2286 devotam
1166 2233 1236 2292 Deo

215 2293 278 2353 ruit
298 2297 317 2356 b
333 2298 477 2382 principe
498 2301 551 2360 uel
563 2303 645 2362 iusto
734 2363 736 2368 ,
799 2299 1016 2378 virginemvel
1026 2308 1237 2373 uiduamcon-

213 2375 363 2455 seniore,
393 2382 561 2461 sacrilegus
587 2384 646 2444 ba-
796 2381 898 2458 ittgem
916 2389 1058 2469 accipiat.

210 2457 328 2522 beatur.
694 2457 766 2534 410.
798 2461 894 2542 Quod
915 2465 1136 2549 blasphemiam
1167 2475 1235 2536 Deo

104 2533 177 2617 397.
213 2537 255 2599 Ut
268 2542 317 2600 illi
330 2545 384 2624 qui
402 2543 540 2606 diuersis
553 2547 647 2608 scele-
798 2543 914 2624 inserat
938 2551 992 2628 qui
1018 2573 1049 2610 se
1073 2573 1143 2612 corn
1167 2557 1236 2617 Deo

210 2623 297 2684 ribus
320 2625 473 2708 implicati
494 2642 583 2701 sunt,
605 2629 650 2691 aal
796 2640 920 2686 sacrata
939 2632 1106 2696 miscuerit.

209 2706 418 2768 testimonium
448 2731 511 2771 non
537 2711 648 2774 admit.
694 2703 765 2780 415.
800 2704 842 2766 Ut
853 2709 1127 2796 Clericusproprio
1142 2717 1238 2778 bono·

209 2799 323 2853 tantur.
798 2807 831 2848 re
847 2793 1005 2873 privetur,
1020 2798 1048 2853 si
1063 2817 1133 2854 cum
1140 2798 1237 2877 semi-

103 2859 177 2941 398.
209 2867 257 2926 Ne
273 2882 343 2928 ante
364 2869 471 2932 Iudex
496 2873 648 2937 iaculetur
797 2892 839 2930 na
854 2872 913 2932 deo
928 2889 1051 2936 sacrata
1066 2879 1120 2935 uel
1130 2881 1237 2940 uelata

209 2949 243 3008 in
256 2957 647 3036 reumsententt'am,quam
798 2972 831 3011 ⁸6
852 2957 1091 3022 commiscuerit.
1326 3039 1329 3044 .

209 3031 276 3114 ipse
293 3033 483 3118 confiteatur
502 3049 554 3096 aut
570 3040 649 3099 socii
694 3030 766 3107 414.
797 3034 895 3116 Quod
915 3039 1059 3118 sacrilegi
1079 3053 1110 3099 et
1130 3043 1200 3103 oiol
1219 3080 1236 3092 -

204 3112 255 3170 sui
268 3135 335 3174 eum
355 3119 551 3183 convincant.
798 3129 900 3188 tores,
922 3120 1015 3179 iusta
1037 3123 1234 3202 Apostolum,

102 3189 174 3276 399.
196 3193 269 3254 Non
291 3218 355 3257 esse
371 3199 575 3260 iudicandum
591 3201 646 3262 adst
777 3253 781 3260 ,
798 3202 862 3259 sint
879 3203 934 3279 qui
947 3203 1070 3264 violant
1094 3221 1235 3267 sacrola-

107 3275 109 3278 ’
208 3296 311 3336 versus
335 3282 484 3342 absentes.
799 3280 1067 3361 rumseminurum
1087 3307 1234 3371 corpora.
1257 3333 1259 3338 «

100 3354 174 3430 400.
202 3357 249 3416 Ne
260 3359 435 3444 Episcopus
470 3362 644 3424 uilibetali·
693 3357 765 3434 415.
799 3363 894 3444 Quod
900 3362 1076 3442 fornicatio
1093 3372 1234 3432 omnibus

205 3460 256 3497 um
270 3445 431 3504 conculcet
471 3445 643 3528 piscopum.
793 3446 931 3528 peccatis
943 3451 1152 3528 periculosior
1166 3453 1233 3513 esse

100 3518 173 3594 401.
200 3519 411 3609 DeEpiscopo
429 3525 571 3606 deposito
589 3530 643 3608 qui
791 3527 982 3610 perhibetur.
1045 3573 1050 3582 .

204 3622 235 3660 se
257 3605 301 3664 ad
317 3607 487 3667 Romanurn
510 3606 644 3692 Pontifi-
691 3605 763 3682 416.
795 3609 908 3690 Quales
919 3607 1233 3696 debeantscrzpturae

206 3703 270 3744 cern
285 3689 512 3753 reclamaverit.
762 3715 764 3721 ⁴
797 3691 908 3768 valere.
1080 3697 1083 3706 '

99 3765 173 3842 402.
200 3765 248 3826 Ne
268 3770 303 3828 in
318 3761 642 3832 PraedicatoresEc-
691 3769 750 3849 417
795 3769 836 3832 Ut
855 3775 900 3831 itu
915 3768 1021 3832 valeat
1032 3781 1231 3840 commutatio

203 3849 554 3912 elesius-detractiones
589 3874 642 3912 seu
794 3855 874 3912 sicut
887 3866 917 3912 et
930 3857 1054 3929 emptio.

205 3932 643 4016 vituperationesfiantsquod
690 3931 761 4011 418.
791 3935 839 3993 De
858 3939 1168 4000 excommunicandis
1182 3943 1233 4002 Iu·

204 4033 313 4072 canon.
324 4013 489 4097 Scriptura
503 4013 640 4077 damnat.
793 4015 914 4076 ilicibus
932 4028 961 4074 et
977 4022 1156 4098 potentibus
1179 4027 1235 4106 qtci

98 4092 172 4170 405.
202 4093 298 4174 Quod
322 4095 473 4180 Episcopi
503 4098 586 4156 inter
607 4119 639 4157 se
792 4119 856 4162 non
876 4119 908 4156 se
925 4100 1171 4169 emendaverint.

203 4176 379 4258 corrigere,
402 4179 432 4236 si
446 4176 526 4259 quid
538 4192 640 4242 ortum
688 4183 760 4264 419.
786 4178 980 4263 UtEpiscop.
989 4182 1107 4255 iudicio
1115 4186 1233 4250 incesta

192 4255 310 4340 suerit,
337 4257 459 4320 debent.
789 4263 987 4322 matrimonia
1000 4265 1211 4330 emendemur.
