2910 4986
213 313 308 400 470,
540 331 544 338 ·
583 421 586 426 Ι
635 327 925 389 cnriruussnm
969 336 984 356 ¹¹

207 472 297 556 quod
315 490 370 533 eos
386 471 468 532 iuste
486 490 552 530 non
570 469 671 553 possit
686 478 796 532 tenere
815 469 855 532 nd
872 480 1017 536 nostrum
1032 467 1221 548 dominium,
1243 467 1340 532 eiciat

209 556 284 617 illos
309 553 348 614 dc
373 553 487 613 eodem
506 553 601 630 fisco,
630 562 662 614 et
685 554 845 636 recipiant
871 575 925 616 eos
947 551 1068 614 domini
1088 571 1209 612 eorum.
1250 554 1295 614 Et
1311 553 1339 612 si

210 637 315 698 cidem
334 635 436 695 actori
453 633 556 696 visum
572 635 674 700 fuerit
688 637 776 717 quod
797 637 838 697 ud
856 646 1001 698 nostrum
1023 633 1161 695 debeant
1173 633 1339 718 pertinere

210 717 400 792 dominium,
424 718 565 796 expellat
581 740 634 779 eos
650 719 690 779 de
713 718 826 779 eodem
843 717 929 800 fisco.
970 719 1014 780 Et
1029 727 1198 812 postquam
1212 717 1251 776 ub
1272 717 1339 776 eis-

209 801 283 862 dem
305 798 533 880 repetitoribus
556 800 681 861 fuerint
701 800 836 883 recepti,
857 801 974 862 haheat
993 821 1066 859 cum
1092 819 1139 859 eis
1163 799 1341 880 legitimam

211 882 385 978 actionem
409 889 441 943 et
461 881 590 961 siccos,
611 881 637 944 si
654 883 785 967 poterit,
806 882 847 944 ad
871 894 1014 949 nostram
1032 879 1196 943 evindicet
1213 901 1341 964 posses·

210 985 345 1027 sionem.

230 1073 281 1134 Dc
301 1072 403 1132 cassis
426 1069 595 1132 dominicis
621 1070 667 1132 ad
688 1073 847 1133 marcham
873 1072 1111 1136 custodiendam
1132 1069 1320 1132 constitutis.

250 1181 307 1243 IV.
348 1177 516 1239 Demissis
540 1177 656 1240 nostris
680 1179 736 1260 qui
762 1180 802 1240 ad
828 1179 989 1241 marcham
1014 1188 1153 1240 nostram
1173 1175 1341 1238 constituti

209 1271 287 1334 sunt
306 1260 565 1337 custodiendam,
593 1270 649 1320 aut
667 1261 701 1321 in
723 1260 909 1344 lopginquis
934 1254 1120 1345 regionibus
1139 1281 1195 1322 sua
1220 1259 1342 1319 habent

209 1342 367 1411 beneficia
385 1342 437 1402 vel
459 1364 510 1403 res
532 1344 688 1424 proprias,
709 1345 763 1405 vel
788 1345 883 1404 etium
903 1345 995 1405 nobis
1016 1343 1141 1405 assidue
1164 1341 1197 1400 in
1221 1341 1341 1424 palatio

210 1436 320 1489 nostro
344 1424 499 1502 serviunt,
523 1432 557 1484 et
576 1426 649 1487 ideo
670 1447 735 1486 non
759 1437 895 1508 possunt
906 1427 1030 1494 assidua
1052 1423 1214 1487 custodire
1238 1423 1342 1506 pluci-

209 1519 258 1572 tn:
281 1529 375 1589 quam
392 1529 461 1567 rem
476 1507 624 1569 volumus
639 1518 675 1568 ut
694 1508 782 1578 Missi
801 1509 902 1570 nostri
924 1508 976 1569 vel
993 1509 1108 1569 Comes
1125 1506 1217 1567 nobis
1234 1515 1343 1567 notam

210 1589 343 1667 faciant,
366 1599 398 1649 et
414 1611 472 1650 nos
492 1589 646 1651 faciemus
664 1599 700 1650 ut
722 1592 762 1651 ad
782 1612 894 1651 eorum
912 1591 1029 1674 placita
1046 1590 1189 1651 veniunt.

284 1735 285 1738 =
332 1696 381 1756 De
404 1697 574 1760 Comitibus
591 1697 637 1756 ad
651 1696 827 1758 custodiam
840 1698 1029 1782 maritimam
1049 1695 1217 1780 deputatis.

239 1801 291 1876 il.
333 1801 491 1867 Volumus
512 1811 548 1861 ut
573 1802 714 1864 Comites
737 1800 793 1884 qui
820 1801 860 1861 ad
881 1801 1058 1862 custodiam
1078 1800 1266 1862 maritimum
1284 1799 1345 1862 de·

210 1885 313 1972 putati
334 1894 420 1962 sunt,
443 1884 629 1965 quicunque
647 1908 684 1946 ex
701 1882 792 1950 eisin
817 1905 874 1943 suo
888 1883 1068 1955 ministerio
1089 1884 1220 1959 residet,
1242 1883 1281 1943 de
1295 1884 1344 1941 iu·

212 1969 301 2032 stitis
324 1966 473 2027 facienda
492 1987 525 2027 se
550 1988 615 2027 non
646 1975 777 2028 excuset
800 1974 934 2048 propter
957 1965 1046 2025 illum
1071 1965 1262 2035 custodiam
1284 1965 1342 2024 sed

212 2051 240 2114 si
260 2051 305 2110 ibi
324 2071 434 2111 secum
453 2069 541 2122 suos,
553 2046 727 2111 Scabineos
750 2046 910 2126 habuerit,
935 2047 981 2108 ihi
1002 2048 1157 2132 placitum
1177 2055 1286 2110 teneat
1309 2054 1343 2107 et

178 2163 183 2180 ν
214 2131 369 2194 iustitiam
396 2131 503 2191 faciat.

300 2239 349 2299 De
373 2237 421 2296 tis
442 2237 498 2318 qui
514 2248 649 2322 propter
669 2234 819 2298 incestum
843 2258 893 2298 res
910 2237 1060 2322 proprias
1081 2238 1261 2297 amiserunt.

254 2342 311 2419 VI.
352 2346 400 2403 De
424 2341 474 2402 his
499 2341 558 2422 qui
579 2364 612 2403 se
627 2342 754 2406 ,dIcunt
785 2352 917 2426 'propter
942 2342 1100 2402 incestum
1121 2362 1173 2402 res
1196 2340 1347 2424 proprias

211 2427 363 2502 omisisse,
387 2424 598 2484 constitutum
616 2434 664 2485 est
675 2435 717 2486 -ut
734 2425 760 2486 si
780 2435 854 2486 ante
868 2425 1048 2508 proximum
1068 2423 1342 2566 quinquennium,

212 2509 341 2592 quando
361 2505 514 2589 placitum
528 2516 671 2568 nostrum
687 2506 857 2568 habuimus
874 2507 908 2568 in
923 2510 1065 2589 Compcn
1091 2505 1139 2584 io,
1154 2507 1280 2568 easdem
1292 2527 1343 2568 res

212 2590 388 2668 amiserint,
410 2610 476 2648 non
493 2587 540 2650 eis
554 2589 772 2654 restituantur.

212 2697 263 2762 De
285 2694 555 2759 coniurationibus
581 2715 749 2756 servorum
769 2697 802 2755 in
822 2694 975 2756 Flandris
996 2707 1027 2756 ct
1048 2697 1082 2755 in
1103 2695 1291 2778 Mempisco‚
1313 2705 1345 2754 et

533 2778 567 2836 in
588 2778 719 2838 caeteris
740 2779 906 2838 maritimis
927 2778 1016 2839 locis,

253 2859 328 2924 Vll.
368 2862 417 2921 De
436 2857 714 2922 coniurationibus
741 2880 906 2921 servorum
923 2881 1005 2941 quae
1029 2859 1111 2923 liunt
1137 2859 1171 2921 in
1190 2857 1344 2920 Flsndris
1420 2899 1424 2908 »

214 2952 247 3008 et
270 2943 302 3002 in
327 2943 524 3026 Mempisco‚
552 2951 583 3002 et
610 2941 644 3000 in
671 2941 805 3003 caeteris
825 2940 992 3002 maritimis
1015 2942 1112 3020 locis,
1141 2943 1288 3003 volumus
1307 2949 1345 3000 ut

213 3048 274 3112 per
292 3026 404 3086 Missos
420 3029 544 3085 nostros
557 3022 719 3085 indicetur
732 3023 870 3086 dominis
886 3045 1048 3086 serrorum
1066 3026 1197 3086 illorum
1216 3033 1251 3084 ut
1265 3044 1344 3084 con·

213 3107 373 3188 stringunt
391 3128 456 3183 eos,
479 3127 520 3167 ne
540 3107 624 3166 ultra
643 3108 725 3169 tales
741 3105 981 3169 coniurationes
1002 3108 1108 3169 fucere
1128 3113 1342 3189 praesumant.

213 3191 257 3252 Et
277 3199 313 3248 ut
331 3186 434 3249 sciant
451 3187 511 3270 ipsi
528 3189 707 3249 eorundem
726 3210 891 3250 servorum
910 3188 1033 3249 domini
1056 3192 1144 3271 quod
1165 3187 1345 3247 cuiuscun‹

213 3291 278 3351 qne
304 3269 389 3332 servi
419 3270 643 3332 huiuscemodi
671 3270 910 3332 coniurationes
940 3270 1046 3336 lacere
1068 3268 1344 3354 praesumpserint

213 3362 382 3435 postquam
396 3351 441 3412 eis
458 3351 540 3414 liaeo
556 3363 663 3414 nostre
678 3353 776 3419 iussio
800 3353 899 3414 fuerit
919 3352 1071 3430 indicata,
1097 3353 1241 3415 bannum
1265 3372 1343 3411 nos-

214 3445 310 3512 trum,
333 3434 436 3510 idest,
459 3434 622 3516 sexaginta
636 3435 755 3497 solidos
768 3435 836 3518 ipse
851 3433 998 3497 dominus
1014 3437 1200 3518 persolvere
1219 3432 1343 3500 debeat.

393 3531 514 3598 Deliis
534 3541 642 3620 quiin
664 3542 771 3600 littore
792 3542 888 3600 maris
910 3536 1007 3600 salem
1020 3538 1157 3622 saciant.

255 3643 343 3707 VIII.
383 3645 431 3704 De
456 3644 597 3704 terrain
620 3643 728 3705 littore
751 3644 859 3722 moris,
881 3644 935 3704 uhi
955 3646 1055 3706 solem
1077 3644 1222 3724 faciunt,
1245 3645 1343 3708 volu-

212 3747 282 3786 mus
306 3735 342 3785 nt
365 3725 466 3806 aliqui
489 3747 532 3785 ex
562 3726 607 3787 eis
629 3727 762 3787 veniant
787 3727 826 3786 nd
846 3728 1001 3810 placitum
1024 3737 1180 3804 nostrum,
1203 3738 1236 3788 et
1260 3730 1342 3808 ratio

213 3830 325 3905 eorum
338 3808 497 3951 spudiatur,
520 3818 557 3868 ut
573 3818 651 3870 tunc
671 3810 849 3871 secundum
872 3810 1067 3896 aequitatem
1086 3810 1173 3872 inter
1193 3831 1246 3872 eos
1261 3811 1343 3874 defi-

213 3913 283 3954 nire
302 3914 342 3952 va
359 3911 474 3951 eamus.

233 3998 282 4059 De
303 3997 456 4060 uxoribus
478 3994 710 4077 defunctorum,
728 4018 821 4080 quam
839 4013 963 4083 partem
983 4000 1250 4062 conlaborationis
1267 4013 1342 4084 post
1385 4029 1390 4036 -

450 4079 568 4140 obitam
592 4081 777 4142 maritorum
798 4083 940 4166 accipere
960 4081 1103 4144 debeant.

209 4170 213 4174 ’
253 4165 307 4225 ΙΧ.
350 4163 507 4224 Volumus
519 4171 681 4224 utuxores
697 4162 1007 4246 defunctorumpost
1016 4164 1139 4226 obitum
1152 4164 1342 4229 moritorum

211 4247 337 4321 tertiam
360 4253 483 4329 partem
504 4241 774 4330 oonlsborstionis
789 4265 885 4330 quum
904 4245 999 4310 simul
1020 4247 1054 4309 in
1075 4245 1236 4310 beneficio
1258 4269 1341 4312 con·
