2926 4984
531 359 645 420 LIBER
672 357 827 415 SEXTUS.

217 500 346 562 iteranti
358 507 550 566 mansionem
569 514 656 564 aeta·

217 584 323 655 uerit,
346 589 513 667 sexaginta
534 585 655 648 solidos
678 633 680 638 .

217 682 391 748 conoponat.

138 741 187 809 85.
213 744 254 805 Ut
271 752 410 812 omnibus
427 752 567 811 maxima
580 767 656 808 cura

215 831 257 886 sit
276 851 314 891 ne
335 835 400 893 sine
417 831 655 914 confirmatione

217 909 371 999 Episcopi
417 915 516 976 uitam
553 911 642 998 finio

218 995 344 1078 aliquis.
631 1025 633 1032 ’

138 1071 186 1149 84.
221 1079 274 1138 De
292 1081 411 1163 ltisqui
460 1078 577 1140 delium
599 1076 656 1138 ob-

215 1158 350 1222 lationes
369 1186 409 1223 au
426 1173 516 1224 erunt
530 1161 583 1222 vel
595 1181 656 1217 aa·

218 1253 323 1315 stant,
352 1258 405 1306 aut
433 1247 500 1305 sine
530 1241 657 1327 proprii

216 1321 371 1407 Episcopi
406 1328 544 1388 iussione
579 1321 656 1383 dant

215 1407 272 1464 vel
285 1412 452 1492 accipiunt.

134 1482 184 1550 85.
219 1484 263 1548 Ut
290 1491 473 1570 Presbyteri
496 1487 550 1549 vel
575 1489 657 1547 Dia·

215 1576 294 1632 coni
308 1596 370 1634 non
386 1577 519 1655 migrent
535 1569 655 1630 deloco

216 1653 266 1714 ud
287 1657 390 1716 locum
417 1659 483 1717 sine
505 1652 658 1737 Episcopi

210 1741 341 1820 proprii
354 1739 500 1799 iussione.

134 1809 182 1878 86.
205 1820 264 1880 De
288 1821 454 1904 Episcopis
474 1833 505 1880 et
526 1817 657 1876 Clericis

212 1906 409 1982 peregrinis,
447 1916 481 1962 ut
519 1899 659 1960 contenti

216 1985 657 2058 sintbospitalitalismunere,

135 2055 184 2141 87.
219 2065 264 2142 Ut
283 2069 515 2128 nactanabus
535 2065 597 2122 nso·
614 2067 659 2124 u-

212 2151 358 2225 gitimum
373 2151 569 2210 connubium.

135 2221 184 2298 88.
215 2231 267 2289 De
285 2233 332 2290 isis
350 2233 405 2314 qui
426 2232 658 2315 Episcoporum

218 2316 414 2376 vocationem
432 2313 485 2374 vel
506 2314 655 2374 correcti·

218 2415 311 2454 onem
325 2397 575 2477 contempserint.

139 2472 188 2554 89.
225 2474 270 2537 Ut
295 2478 399 2537 nullus
427 2479 595 2538 Laicorum
619 2498 664 2538 ex

218 2559 363 2629 praediis
379 2559 564 2644 Episcopor,
578 2561 664 2642 quic·

219 2661 315 2722 quam
329 2645 472 2725 accipiat.

140 2739 188 2800 90.
219 2725 272 2782 De
294 2727 405 2806 coqui
423 2722 576 2786 occiderit
593 2724 664 2785 Mo·

219 2808 355 2865 nucleum
373 2820 427 2865 aut
450 2807 615 2885 Clericum,
629 2818 663 2867 ut

219 2907 311 2945 arma
330 2889 496 2972 relinquat.

220 2969 272 3028 De
285 2971 358 3032 uiro
367 2984 396 3032 et
412 2971 541 3034 muliere
551 2971 663 3031 matri-

221 3054 328 3110 monio
346 3054 511 3135 copulatis,
530 3070 560 3116 et
577 3069 664 3134 post·

219 3154 259 3192 eo
284 3132 406 3193 dicente
430 3159 467 3198 ea
487 3159 549 3199 non
570 3159 663 3223 posse

220 3235 292 3274 eum
312 3217 427 3277 nubere
448 3215 517 3286 sibi.

139 3316 188 3377 9²·
226 3297 269 3357 Ui
279 3297 386 3376 puella
397 3304 585 3388 desponsata
598 3322 661 3363 non

219 3377 314 3438 detur
328 3379 422 3446 alieri
441 3389 523 3451 viro,

140 3460 189 3542 93.
225 3459 266 3521 Ut
291 3462 442 3540 baptizati
472 3490 542 3528 cum
571 3467 662 3527 Cate-

109 3547 114 3559 ‘
221 3543 379 3608 claumenl's
396 3548 663 3611 nonmnnducent.

141 3625 189 3707 94.
220 3627 270 3686 De
295 3628 484 3708 Presbytero
514 3630 661 3691 ordinato

220 3712 275 3790 qui
292 3732 324 3769 sc
345 3711 588 3792 deprehenderit
600 3735 663 3774 non

225 3813 291 3851 esse
311 3795 509 3877 baptizatum.

141 3875 191 3954 95.
220 3875 257 3933 Si
270 3876 352 3936 liber
367 3877 514 3952 ancillam
536 3878 570 3936 in
593 3897 662 3940 mu-

223 3958 403 4018 trimonium
421 3960 550 4042 accepit,

142 4040 191 4120 96.
220 4042 269 4101 De
286 4041 490 4122 raptoribus,
512 4054 543 4099 et
562 4041 661 4126 raptis

222 4123 390 4201 virginibus
408 4122 456 4181 vel
476 4121 588 4182 uiduis.

143 4221 191 4289 97.
220 4207 269 4265 De
291 4205 339 4263 tis
357 4206 411 4287 qui
433 4206 559 4287 rapinas
574 4202 662 4289 infra

225 4305 352 4368 regnum
360 4285 502 4370 saciant.-

139 2985 188 3046 9¹·

1176 339 1248 425 585

725 497 776 578 98.
805 495 854 559 De
868 495 1090 562 Sacerdotibus
1107 513 1138 561 et
1155 500 1251 560 Levi·

807 581 861 651 tis,
892 593 983 662 atque
1011 583 1176 642 Monaclsis
1199 585 1248 644 in·

809 661 948 744 terfectis
971 664 1019 722 vel
1045 663 1228 726 debilitatis.

725 766 777 829 99.
807 746 856 804 De
877 746 925 804 lu's
943 747 999 827 qui
1012 745 1170 828 Episcopo
1194 750 1252 810 ali·

807 848 900 910 quam
920 829 1068 888 iniuriam
1083 831 1136 888 vel
1155 830 1252 892 cleiso-

809 913 1006 970 norationem
1019 909 1170 991 fecerint.

710 1013 776 1058 100.
804 993 853 1053 De
876 993 1026 1070 religiosa
1044 993 1172 1054 muliere
1192 992 1251 1056 cie-
1341 1065 1344 1072 ¹

808 1089 910 1158 cepta,
931 1074 969 1134 iol
989 1087 1052 1145 est,
1074 1089 1161 1134 ueste
1179 1099 1251 1136 mu-

809 1170 886 1229 tata,
905 1160 958 1218 vel
974 1157 1157 1238 religionem
1169 1180 1249 1242 pro-

806 1239 919 1320 sessa.

710 1341 777 1388 101.
813 1326 862 1384 De
881 1325 1072 1406 blasphemia
1089 1323 1122 1380 in
1136 1323 1247 1386 Deum.

710 1424 777 1469 102·
801 1405 847 1462 De
866 1407 915 1465 leis
940 1407 995 1489 qui
1020 1405 1052 1465 in
1071 1405 1167 1466 domo
1192 1427 1250 1466 sua

806 1490 978 1548 oratorium
978 1486 1127 1566 fecerint.
1274 1501 1279 1510 ’

710 1571 777 1636 103.
808 1571 856 1630 De
887 1573 1060 1655 privilegiis
1090 1569 1250 1632 Ecclesia·
1283 1601 1288 1610 ·

808 1674 877 1711 rum
902 1666 933 1712 et
960 1654 1155 1714 Clericorum
1183 1674 1248 1714 non

808 1735 1056 1817 corrumpendis.

711 1818 778 1894 sols.
808 1818 855 1878 Ne
865 1815 1094 1900 Episcoporum
1107 1819 1161 1878 uel
1173 1820 1252 1879 reli·

809 1918 941 1981 quorum
964 1899 1157 1966 Clericorurn
1183 1904 1256 1963 uita

811 1983 961 2050 turbetur,

711 2061 778 2130 105.
808 2064 857 2122 De
877 2064 1008 2127 Clericis
1028 2069 1075 2128 vel
1092 2065 1252 2127 Sacerdo-

808 2146 890 2206 tibus
905 2152 960 2246 qui
972 2153 1128 2232 accipiunt
1140 2148 1253 2210 Eccle-

808 2229 872 2289 sias
888 2253 954 2292 sine
976 2232 1103 2293 licentia
1123 2229 1254 2314 Episco-

806 2311 844 2395 pi
857 2316 919 2386 sui,
942 2315 996 2373 vel
1014 2315 1053 2374 de
1070 2313 1187 2374 unaad
1197 2315 1255 2372 ali-

801 2414 862 2463 ,um
877 2408 1048 2456 transeunt.

716 2474 782 2540 106.
810 2475 859 2534 De
877 2479 1002 2538 incestis
1018 2490 1049 2539 et
1064 2477 1254 2552 criminosis,

727 2609 730 2622 .
793 2577 849 2616 -ac
877 2559 917 2618 de
940 2559 1078 2643 infirmis
1097 2572 1127 2618 et
1141 2559 1254 2639 poeni-

812 2642 958 2718 tentibus,
975 2655 1066 2725 atque
1080 2641 1120 2701 de
1136 2640 1254 2700 ieiunio

812 2737 948 2796 quatuor
973 2724 1004 2782 T
1000 2744 1169 2808 emporum.
1227 2727 1230 2735 '

715 2823 781 2884 107.
815 2800 857 2863 Ut
876 2805 1029 2890 Episcopi
1047 2807 1174 2868 Iudices
1193 2825 1254 2887 pu-

814 2887 912 2948 blicos
924 2902 1070 2948 moneant
1081 2903 1114 2948 ut
1127 2888 1175 2948 rei
1188 2907 1254 2946 car-

815 2971 936 3030 ceribus
951 2973 1068 3032 reclusi
1078 2971 1255 3031 Nativitate

814 3052 956 3124 Domini,
973 3053 1098 3114 Pascha
1119 3066 1150 3114 ct
1171 3054 1257 3111 Pen-

812 3147 968 3205 tecosten,
992 3136 1203 3211 absolvantur,
1225 3145 1255 3191 ct

813 3217 931 3276 Missas
950 3217 1016 3276 illis
1036 3219 1167 3280 audiant
1183 3217 1254 3277 die-

814 3300 881 3374 bus,
903 3317 938 3358 ac
954 3298 1067 3381 refecti
1071 3299 1171 3384 fiant.

715 3380 782 3444 108.
813 3382 861 3440 De
883 3381 1040 3442 Monacbo
1062 3387 1118 3459 qui
1134 3405 1256 3445 monus·

814 3463 926 3524 terium
945 3479 1033 3524 suum
1049 3465 1213 3530 dimiserit.
1305 3527 1308 3538 ,

716 3566 783 3627 109.
812 3546 861 3604 De
876 3549 1128 3625 possessionibus
1146 3548 1191 3608 ad
1202 3569 1256 3606 re-

812 3629 926 3707 ligioso
940 3628 1011 3688 loca
1017 3631 1255 3713 pertinentibus.

717 3731 782 3776 110.
810 3712 859 3770 De
868 3711 1025 3770 Monacbo
1034 3712 1255 3775 oelMonaobo.

716 3813 783 3858 111.
814 3795 863 3852 Ile
896 3793 945 3850 nis
967 3795 1088 3873 asiaca
1119 3794 1252 3873 singulis

813 3875 1013 3956 Principibus
1021 3874 1171 3935 Ecclesiis
1184 3885 1256 3932 suut

813 3977 971 4031 concessu,
993 3970 1024 4016 et
1040 3975 1118 4036 quae
1140 3957 1257 4036 singuli

814 4038 980 4098 Antistites
991 4038 1255 4121 impetraverunt,

815 4119 903 4203 quod
916 4121 1114 4200 sacrilegium
1127 4121 1168 4179 sit
1181 4121 1255 4180 ltacc

814 4200 1037 4280 auferentibus.
1079 4202 1122 4263 Et
1137 4201 1176 4260 'de
1191 4201 1266 4260 Cle-'

813 4285 899 4357 sicis,
924 4293 959 4346 ut
985 4285 1056 4369 non:
1070 4297 1254 4348 accusentur
