2948 4990
243 325 315 396 596
673 351 962 410 csuroanuruu

242 505 325 544 mum
356 505 414 566 pro
439 485 564 564 anima,
601 491 731 554 oculum
763 515 820 576 pro
848 491 962 568 oculo,
999 489 1127 551 dentem
1158 511 1217 574 pro
1248 489 1375 570 dente,

241 587 370 626 manum
391 589 449 648 pro
475 589 591 648 manu,
613 574 727 652 pedem
745 597 803 658 pro
829 576 931 658 pede,
960 571 1161 634 adustionem
1181 593 1240 656 pro
1261 573 1368 636 adus-

241 651 349 726 tione,
373 651 492 710 vulnus
514 673 574 734 pro
592 655 745 735 vulnere,
767 657 902 718 livorem
915 676 974 738 pro
993 655 1106 720 livore.

246 752 287 814 Ut
309 757 483 837 quicunque
510 777 603 819 servo
631 761 686 820 vel
707 763 839 823 ancillae
863 762 987 822 oculum
1014 762 1151 833 cruerit,
1172 760 1289 822 liberos
1311 781 1371 822 eos

728 843 877 908 diruiltat.

324 915 415 978 XIV.
458 916 490 976 Si
506 922 699 998 percusserit
713 927 870 1008 quispiam
891 926 1020 988 oculum
1037 925 1119 986 servi
1138 924 1190 987 sui
1216 934 1272 986 ant
1304 947 1371 984 an-

242 999 352 1075 cillae,
376 1009 408 1060 et
430 998 535 1060 luscos
561 1023 615 1066 eos
648 1008 772 1085 feccrit,
805 1008 941 1070 dimittat
960 1029 1013 1070 eos
1044 1006 1162 1068 liberos
1182 1029 1241 1088 pro
1267 1007 1370 1068 oculo
1449 1027 1450 1078 1

242 1102 338 1162 quem
355 1081 447 1140 eruit.
458 1083 596 1143 Dentem
613 1109 690 1148 vero
707 1089 732 1149 si
752 1091 926 1152 excusserit
940 1110 1033 1154 servo
1054 1089 1108 1151 vel
1124 1089 1261 1150 ancillae
1274 1110 1370 1167 suae,
1449 1115 1450 1170 j

242 1162 340 1222 simili
355 1163 532 1224 sentcntiae
550 1166 735 1232 subiacebit.

242 1268 291 1328 De
319 1269 393 1329 bove
424 1283 593 1354 cornupeta
623 1296 700 1356 quae
722 1278 827 1336 virum
860 1275 1077 1337 vulneraverit
1108 1276 1162 1336 vel
1181 1275 1369 1348 metlierem,

631 1356 713 1416 etde
732 1357 859 1418 dont-ino
880 1359 976 1417 illius.

325 1430 397 1494 XV.
439 1433 471 1492 Si
488 1432 544 1494 bos
564 1450 738 1520 cornupeta
756 1440 860 1500 virum
875 1447 930 1500 aut
944 1439 1113 1500 mulierem
1130 1438 1296 1518 occiderit,
1322 1440 1370 1500 ls-

241 1513 368 1594 pidibus
383 1514 545 1593 obruatur,
564 1529 596 1578 ct
612 1541 674 1578 non
694 1522 890 1582 comedetur.
932 1521 1088 1581 Dominus
1109 1521 1201 1582 cuias
1221 1521 1279 1582 bns
1302 1531 1365 1594 est,

242 1597 399 1656 innocens
416 1597 486 1662 erit.
549 1601 643 1676 Quod
659 1602 684 1662 si
703 1603 760 1664 hos
773 1612 947 1699 cornupeta
968 1604 1065 1664 suerit
1088 1603 1126 1662 ah
1149 1602 1221 1664 heri
1243 1613 1276 1664 et
1298 1625 1366 1664 nu·

244 1677 315 1735 dius
328 1679 452 1755 tertius,
474 1690 507 1740 et
521 1684 687 1743 contestati
709 1695 784 1744 sunt
800 1686 930 1744 domino
943 1685 1043 1761 illius,
1056 1707 1116 1745 uec
1130 1685 1262 1746 reclusit
1277 1708 1366 1763 eum,

243 1755 462 1842 occideritque
482 1763 586 1824 virum
603 1775 657 1824 aut
674 1767 861 1843 mullerem,
888 1767 991 1827 ethos
1009 1767 1168 1848 lapidibus
1189 1767 1366 1846 obruatur,

244 1848 275 1898 et
293 1839 457 1902 dominum
477 1843 564 1906 illius
582 1848 739 1910 occidant.
787 1849 882 1926 Quod
909 1848 936 1910 si
963 1850 1101 1930 pretium
1125 1848 1154 1910 ei
1179 1850 1279 1911 fuerit
1302 1849 1366 1910 im-

241 1921 397 2004 positum,
433 1925 519 1986 dabit
538 1951 597 2010 pro
612 1930 716 1990 anima
738 1953 794 1992 sua
813 1931 969 2013 quicquid
990 1931 1089 1992 suerit
1105 1930 1294 2013 postulatus.

440 2032 488 2092 De
500 2054 536 2092 eo
556 2036 611 2115 qui
628 2038 792 2097 cisternam
806 2039 964 2120 aperuerit
979 2050 1009 2098 et
1023 2035 1158 2118 foderit.

322 2135 411 2198 XVI.
455 2137 575 2218 Siquis
596 2142 759 2220 aperuerit
778 2143 964 2218 cisternam,
997 2151 1030 2203 et
1062 2142 1196 2219 foderit,
1233 2149 1266 2200 et
1296 2161 1365 2202 uon

243 2218 408 2300 operuerit
424 2239 511 2296 eam,
544 2221 760 2304 cecideritque
779 2225 837 2285 hos
855 2225 908 2284 vel
925 2225 1033 2284 asinus
1050 2224 1083 2282 in
1105 2245 1185 2300 eam,
1210 2221 1363 2283 dominus
1450 2219 1451 2228 ¹

241 2301 399 2362 cisternae
419 2301 533 2362 reddet
546 2303 686 2385 pretium
704 2305 928 2367 iumentorum.
970 2306 1066 2385 Quod
1080 2315 1186 2367 autem
1199 2314 1366 2366 mortuum

243 2391 311 2461 est,
333 2382 432 2465 ipsius
450 2384 521 2449 erit.

300 2507 302 2512 ·
373 2489 422 2548 De
444 2489 522 2550 dove
542 2490 643 2552 alieno
676 2492 705 2550 si
730 2491 858 2552 alterius
878 2494 989 2556 bovem
1007 2493 1230 2556 vulneraverit.
1274 2565 1276 2576 .

321 2593 429 2656 XVII.
472 2594 506 2655 si
527 2596 584 2656 bos
615 2596 739 2657 alienus
766 2596 880 2658 bovem
904 2598 1036 2660 alterius
1062 2597 1302 2678 vulneraverit,
1334 2611 1366 2662 et

241 2675 298 2736 ille
314 2685 458 2738 mortuus
473 2679 582 2754 fuerit,
598 2679 859 2739 vendenthovem
874 2681 994 2759 vivum,
1017 2689 1049 2742 et
1063 2679 1209 2741 divident
1217 2681 1364 2763 pretium

181 2825 183 2830 ,
242 2768 274 2816 et
295 2759 438 2820 cadaver.
495 2761 530 2820 si
558 2769 664 2821 autem
687 2762 1053 2825 sciebatdominuseius
1072 2762 1159 2844 quod
1176 2762 1234 2823 hos
1260 2764 1363 2826 vitio-

241 2862 294 2900 sus
311 2851 394 2919 crat,
417 2851 449 2902 et
471 2842 578 2903 noluit
594 2863 666 2902 eum
688 2844 866 2922 custodire,
895 2845 1008 2908 reddat
1033 2845 1149 2908 hovem
1167 2865 1234 2928 ipro
1258 2845 1362 2926 hove,

242 2931 274 2980 et
290 2925 424 2986 cadaver
450 2925 611 3008 integrum
626 2925 770 3008 accipiat.

388 3033 436 3091 De
473 3053 508 3092 eo
544 3033 599 3114 qui
628 3031 732 3092 bovem
768 3046 821 3092 aut
848 3055 934 3095 ovem
953 3033 1084 3114 furatus
1102 3032 1216 3114 fuerit.

322 3109 443 3178 XVIII.
484 3114 550 3190 Qui
569 3114 691 3174 Iuratus
715 3114 814 3174 fuerit
836 3116 948 3176 bovem
975 3125 1029 3176 aut
1064 3137 1174 3193 ovem,
1216 3113 1362 3197 quinque

239 3189 336 3252 boves
354 3216 412 3275 pro
432 3218 497 3255 uno
511 3196 593 3258 bove
614 3197 777 3277 restituat,
800 3207 831 3258 et
845 3206 983 3280 quatuor
1003 3220 1078 3260 oves
1101 3220 1159 3281 pro
1185 3219 1251 3258 uua
1274 3218 1345 3265 ove.
1451 3247 1452 3254 ,

378 3303 427 3362 De
441 3303 520 3382 sure
535 3306 590 3387 qui
604 3305 728 3365 domum
752 3305 926 3388 suffodiens
949 3319 1090 3391 repertus
1100 3304 1215 3385 suerit.

321 3407 410 3468 XIX.
452 3410 486 3468 si
501 3409 663 3492 effregerit
693 3412 747 3471 sur
778 3410 925 3487 domum,
948 3411 1015 3470 sive
1048 3411 1226 3471 suffodiens
1262 3407 1363 3468 luerit

238 3486 409 3566 inventus,
430 3500 462 3548 ct
476 3501 604 3572 accepto
628 3493 764 3554 vulnere
785 3503 927 3554 mortuus
947 3492 1065 3569 fuerit,
1096 3512 1266 3574 percussor
1293 3512 1359 3566 non

239 3571 390 3633 eritreus
411 3572 585 3652 sauguinis.
618 3575 755 3650 Quodsi
776 3584 845 3636 orto
872 3576 939 3636 sole
969 3573 1031 3635 hoc
1057 3575 1187 3648 fecerit,
1220 3571 1359 3633 homici-

239 3652 326 3712 dium
347 3654 559 3736 pcrpctravit‚
583 3655 696 3738 etipse
716 3658 878 3722 morietur.
921 3655 955 3718 Si
976 3656 1145 3718 inventum
1159 3655 1260 3716 fuerit
1273 3653 1357 3736 apud

238 3756 309 3793 eum
333 3731 420 3819 quod
448 3737 571 3798 furatus
603 3748 650 3798 est
682 3740 808 3817 vivens,
832 3740 901 3802 sive
929 3740 1004 3814 hos,
1035 3739 1101 3800 sive
1124 3739 1242 3814 asinus,
1265 3736 1358 3798 resti-

237 3823 357 3878 luatur.

474 3926 523 3985 De
543 3945 578 3986 eo
598 3927 652 4010 qui
670 3927 796 3986 laeserit
811 3947 918 4006 agrum
937 3927 983 3986 vel
1001 3928 1135 3988 vineam.

316 4027 389 4095 XX.
432 4031 464 4090 Si
485 4031 615 4092 laeserit
630 4031 787 4116 quispiam
808 4053 919 4113 agrum
945 4034 997 4093 vel
1028 4031 1178 4108 vineam,
1199 4040 1232 4094 et
1260 4032 1354 4094 dimi-

234 4110 313 4175 serit
339 4111 518 4174 iumeutum
542 4135 634 4174 suum
662 4124 697 4176 ut
722 4114 909 4194 depascatur
941 4115 1070 4192 aliena,
1099 4113 1257 4195 quicquid
1297 4137 1354 4196 op-

212 4193 346 4286 '‘timum
374 4194 523 4256 habuerit
549 4196 582 4256 in
610 4219 685 4282 agro
712 4197 762 4256 vel
791 4197 903 4274 vinca,
932 4219 990 4280 pro
1008 4195 1114 4258 damni
1133 4196 1353 4262 aestimatione

235 4284 392 4338 restituat.
