2910 4986
510 309 624 368 niusa
657 307 844 374 ausurus,
1182 283 1251 362 471

112 454 357 524 laboraverunt,
379 447 547 534 acciplunt.
588 451 630 514 Et
649 448 688 512 de
703 449 754 514 his
772 449 869 512 rebus
883 467 962 530 quas
981 446 1077 530 isqui
1093 445 1176 508 illud
1192 445 1251 508 he-

113 536 266 598 neficium
285 533 421 610 hebuit,
441 532 573 594 aliunde
600 533 735 594 adduxit
755 531 808 595 vel
834 529 1051 613 comparavit,
1075 530 1127 590 vel
1157 528 1186 590 ei
1212 529 1251 588 ab

116 616 225 678 amicis
251 613 318 678 suis
335 615 498 678 conlatum
518 625 583 693 est,
605 614 662 676 has
685 616 834 675 volumus
860 623 924 674 tam
946 612 986 674 ad
1008 611 1169 695 orplrauos
1192 611 1250 674 de·

113 701 316 776 functorum,
337 719 435 780 quum
455 699 496 759 ad
511 718 627 760 uxores
648 718 760 758 eorum
774 695 956 779 pervenire.
1267 707 1271 716 ·

334 806 390 868 De
414 804 578 883 aggeribus
600 805 692 864 iuxta
712 803 852 883 Ligerim
867 801 1041 884 faciendis.

193 911 235 972 X.
276 912 325 972 De
342 908 511 992 aggeribus
528 908 617 969 iuxta
629 907 771 990 Ligerim
785 904 953 984 faciendis,
976 917 1013 968 ut
1023 907 1129 967 bonus
1137 905 1252 968 Missus

115 994 221 1056 eidem
239 994 329 1074 operi
346 1001 572 1078 praeponatur.
613 992 656 1052 Et
678 991 741 1051 hoc
762 989 903 1073 Pippiuo
925 1011 986 1072 per
1004 998 1149 1050 nostrum
1172 990 1252 1051 Mis·

114 1100 184 1138 sum
195 1075 377 1152 mandetur,
393 1083 471 1134 utet
489 1073 546 1135 ille
561 1072 602 1136 ad
615 1073 679 1136 hoc
691 1074 824 1136 Missum
838 1071 978 1150 ordinet,
993 1072 1145 1153 quatinus
1160 1093 1252 1154 prae·

114 1160 237 1221 dietum
259 1179 339 1238 opus
356 1155 556 1240 perficiatur.

187 1267 243 1325 De
266 1261 432 1323 duodecim
452 1263 601 1344 ponn'bus
623 1283 718 1347 super
739 1261 917 1346 Sequanam
938 1261 1164 1322 restaurandis.

196 1368 258 1436 XI.
300 1371 349 1428 De
365 1367 536 1429 duodecim
551 1369 702 1450 pontibus
724 1391 821 1452 super
843 1370 1024 1452 Sequanam
1047 1371 1249 1446 (restauran-

117 1451 164 1516 dis
174 1457 215 1529 a),
239 1451 389 1512 volumus
414 1460 449 1511 ut
469 1450 503 1510 hi
521 1472 676 1534 pagenses
698 1451 755 1532 qui
775 1473 828 1513 eos
848 1452 954 1512 fucere
978 1451 1106 1526 dehent,
1129 1451 1148 1509 sl
1170 1451 1249 1510 Mis-

114 1534 155 1594 sis
170 1533 289 1594 nostris
301 1533 537 1594 admoneantur
547 1543 643 1594 uteos
657 1535 807 1595 celeriter
823 1541 1015 1610 restaurent,
1038 1542 1069 1594 et
1085 1541 1121 1592 ut
1136 1553 1251 1593 eorum

117 1637 216 1676 ranae
242 1615 445 1677 contentioni
458 1636 523 1677 non
545 1617 760 1692 consentiant,
782 1617 913 1696 qnando
933 1616 1047 1676 dicunt
1063 1635 1096 1675 se
1112 1635 1178 1674 non
1193 1616 1250 1674 ali·

117 1699 327 1758 uhieosdem
343 1706 457 1780 pontes
477 1699 582 1759 facere
606 1698 723 1759 debere
745 1698 807 1758 nisi
825 1698 880 1760 uhi
900 1698 1079 1779 antiquitus
1098 1696 1247 1768 fueraut;

119 1781 177 1842 sed
193 1779 236 1840 ibi
260 1779 316 1840 uhi
333 1800 422 1840 nunc
438 1801 568 1842 necesse
589 1790 646 1858 est,
669 1781 797 1842 eosdem
814 1790 928 1862 pontes
942 1782 1048 1842 facere
1064 1778 1248 1840 iubeantur.

392 1887 447 1946 De
470 1886 612 1946 omnibus
630 1887 778 1968 pontibus
791 1884 965 1966 faciendis.

193 1991 266 2052 XII.
307 1990 357 2051 De
367 1988 514 2051 omnibus
528 1991 679 2072 pontibus
699 2013 758 2074 per
774 2013 909 2074 regnum
927 2000 1072 2053 nostrum
1087 1993 1246 2055 faciendis

115 2074 147 2133 in
169 2094 340 2136 commuue
361 2071 449 2134 Missi
473 2072 573 2133 nostri
587 2074 791 2154 admoneant,
813 2083 848 2134 ut
868 2073 906 2133 ab
928 2073 1005 2158 ipsis
1022 2085 1246 2138 restaurentur

114 2159 171 2241 qui
190 2178 245 2218 eos
268 2156 376 2216 facere
393 2155 548 2216 solebant.

462 2262 511 2322 De
528 2262 646 2322 bonore
667 2261 889 2330 Ecclesr‘arum.

196 2367 285 2432 XIII.
329 2365 363 2428 Si
388 2364 455 2447 quis
471 2375 526 2426 aut
543 2387 583 2427 ex
599 2365 663 2427 levi
680 2389 773 2430 causa
792 2379 847 2430 aut
870 2369 939 2430 sine
963 2393 1056 2433 causa
1079 2372 1245 2436 hominem

110 2449 144 2508 in
161 2448 308 2510 Ecclesia
325 2447 541 2526 interfecerit,
564 2449 603 2510 de
625 2449 690 2509 vita
707 2463 887 2533 componat.
931 2453 964 2512 Si
991 2475 1069 2515 vero
1098 2457 1177 2516 foris
1197 2459 1245 2516 ri-

110 2531 180 2592 xati·
198 2531 338 2607 fuerint,
361 2541 394 2591 et
416 2553 497 2591 unus
515 2531 651 2592 alterum
667 2531 700 2590 in
727 2534 872 2594 Ecclesia
899 2535 1043 2618 fugerit,
1079 2548 1112 2598 et
1138 2537 1183 2597 ibi
1210 2560 1243 2600 se

92 2631 94 2636 ·
111 2610 320 2674 defendendo
335 2633 408 2672 eum
424 2614 643 2692 interfecerit,
665 2624 698 2675 et
710 2615 736 2674 si
753 2615 850 2677 huius
869 2617 944 2677 facti
966 2627 1062 2679 testes
1096 2641 1163 2681 non
1189 2619 1244 2679 ha·

107 2693 233 2769 buerit,
259 2714 333 2753 eum
351 2695 522 2756 duodecim
541 2695 799 2758 coniuratoribus
816 2698 969 2780 legitimis
987 2721 1047 2782 per
1060 2722 1244 2763 sacramen-

106 2786 177 2837 tnm
194 2775 329 2836 affirmet
353 2797 386 2837 se
416 2778 621 2840 defendendo
645 2800 719 2838 eum
746 2780 959 2851 interfecisse;
993 2792 1026 2841 et
1055 2794 1128 2864 post
1161 2783 1243 2844 haee

108 2866 279 2920 sexcentos
307 2857 425 2919 solidos
447 2862 487 2920 ad
514 2871 638 2941 partem
664 2862 829 2922 Ecclesiae
857 2885 953 2943 quam
982 2863 1040 2924 illo
1065 2865 1242 2926 homicidio

106 2943 288 3025 polluerat,
312 2948 345 2999 et
358 2939 492 3023 insuper
511 2943 653 3002 bannum
666 2953 810 3002 nostrum
829 2948 954 3006 solvere
971 2957 1117 3028 rogatum
1140 2950 1166 3009 is
1184 2970 1242 3010 ve·-

107 3045 143 3084 ro
160 3022 220 3105 qui
237 3021 425 3084 interfectus
437 3033 502 3100 est,
525 3024 647 3105 absque
662 3025 893 3107 compositione
912 3027 1030 3091 iaceat:
1052 3051 1089 3090 ac
1119 3030 1239 3092 deinde

106 3106 298 3166 interfector
322 3105 501 3165 secundum
526 3106 684 3167 iudicium
701 3109 895 3169 canonicum
913 3131 1088 3192 congruam
1101 3112 1239 3174 facinori

107 3189 194 3271 quod
208 3185 352 3262 admisit,
374 3188 606 3270 poenitentiam
620 3188 762 3272 accipiat.
806 3191 840 3252 Si
871 3193 1021 3275 proprius
1044 3215 1155 3256 servus
1177 3197 1238 3258 hoc

107 3267 318 3342 commiserit,
350 3268 470 3331 iudicio
507 3292 608 3352 aquae
639 3271 791 3332 ferventis
814 3273 1016 3335 examinetur
1042 3287 1150 3338 utrum
1175 3277 1238 3340 hoc

105 3363 219 3433 sponte
234 3371 272 3408 an
289 3371 322 3410 se
346 3351 552 3414 defendendo
581 3352 717 3416 fecisset.
766 3355 809 3416 Et
837 3357 863 3416 si
888 3379 999 3417 manus
1023 3358 1092 3420 eius
1125 3372 1238 3422 exusta

104 3435 221 3511 fuerit,
244 3432 463 3495 interficiatur.
493 3435 526 3496 si
544 3447 649 3497 autem
668 3457 732 3496 non
754 3437 854 3498 fuerit
865 3483 874 3516 ,
897 3440 1045 3500 dominus
1065 3443 1134 3503 eius
1147 3442 1238 3505 iuxta

104 3517 194 3597 quod
207 3513 373 3596 wirgildus
395 3516 484 3578 illius
508 3529 572 3594 est,
595 3519 635 3578 ad
659 3518 837 3579 Ecclesiam
857 3524 1032 3603 persolvat,
1056 3535 1114 3586 aut
1139 3547 1213 3586 eum
1225 3571 1235 3604 ,
1256 3587 1257 3590 ,

104 3599 128 3658 si
145 3599 305 3672 voluerit,
329 3598 434 3658 eidem
446 3601 743 3664 Ecclesiaetradat.
787 3605 844 3678 (De
865 3603 1080 3668 ecclesiastico
1100 3617 1133 3668 et
1149 3608 1236 3668 fisca-

103 3680 173 3741 lino
191 3680 555 3743 etheneficiarioseruo
573 3683 723 3743 volumus
744 3694 779 3744 ut
798 3706 855 3766 pro
879 3708 943 3745 una
971 3686 1039 3746 viee
1067 3689 1234 3770 wirgildus

103 3763 174 3824 eius.
190 3785 250 3844 pro
264 3783 303 3824 eo
324 3775 551 3844 componatur,
573 3766 673 3825 altera
687 3765 756 3826 vice
775 3766 842 3848 ipse
858 3789 967 3828 servus
982 3770 1021 3828 ad
1039 3772 1235 3851 supplicium

101 3845 300 3930 trudaturb).
341 3846 507 3908 Hereditas
524 3856 629 3906 tamen
654 3848 748 3908 liberi
770 3849 907 3910 hominis
934 3850 990 3931 qui
1017 3863 1146 3932 propter
1169 3855 1234 3913 tale

102 3926 226 3987 lacinus
241 3928 280 3986 ad
300 3936 436 3988 mortem
450 3929 551 3989 fuerit
564 3929 740 4005 iudicatus,
762 3931 803 3989 ad
820 3931 978 4011 legitimos
995 3931 1131 3994 heredes
1145 3935 1233 3995 illius

102 4009 280 4092 perveniat.
322 4011 355 4071 Si
371 4010 404 4072 in
420 4011 501 4074 atrio
520 4011 701 4090 Ecclesiae,
723 4012 831 4087 (euius
847 4023 938 4096 porta
956 4015 1115 4096 Reliquiis
1131 4017 1232 4080 Sanc-

114 4163 372 4177 m

136 4245 169 4305 a)
185 4242 270 4296 Deest
288 4242 323 4294 in·
339 4235 374 4293 al.
392 4258 452 4295 mss
603 4235 605 4240 ’
724 4241 756 4306 i)
773 4243 879 4296 Desunt
896 4242 924 4296 Iu
942 4241 975 4294 al.
995 4261 1054 4299 mss.
