2926 4986
241 329 313 406 692
653 335 939 399 carnotenum

408 485 455 546 De
481 481 750 544 conturbatoribus
777 479 937 558 Ecclesiae
967 477 1191 563 opprimendis.

321 591 381 656 XI.
424 588 455 651 Si
476 586 547 670 quis
565 585 741 646 Ecclesiam
758 585 821 648 Dei
837 583 1026 646 conturbare
1045 593 1078 646 et
1098 581 1271 646 sollicitare
1283 595 1364 664 per·

238 679 342 753 sistit,
364 686 516 752 tanquam
530 668 698 730 seditiosus
715 689 775 752 per
788 677 958 750 potestates
981 675 1103 726 exteras
1125 665 1332 748 opprimatur.

319 883 396 948 XII.
431 877 684 958 ,Monachosper
707 897 964 959 unamquamque
982 877 1146 938 civitatem
1177 884 1231 936 aut
1258 876 1365 959 regio·

239 991 313 1032 nem
328 967 484 1029 subiectos
499 982 566 1022 esse
587 961 766 1054 Episcopo,
789 970 822 1022 et
842 960 985 1040 quietem
1004 959 1157 1041 diligere,
1191 967 1223 1018 et
1251 959 1364 1020 inten-

237 1061 286 1112 tos
304 1071 371 1110 esse
388 1041 606 1107 tantummodo
624 1041 746 1102 ieiunio
760 1049 792 1102 et
807 1041 962 1120 orationi,
990 1040 1025 1100 in
1053 1041 1132 1101 locis
1156 1039 1273 1124 quihus
1304 1061 1365 1101 re-

238 1119 470 1194 nuntiaverunt
485 1124 595 1186 seculo
610 1132 843 1205 permanentes.
884 1125 950 1185 Nec
969 1123 1188 1184 ecclesi-asticis
1202 1143 1279 1182 vero
1294 1143 1364 1196 nee

236 1213 436 1276 secularibus
458 1205 595 1288 negotiis
616 1206 865 1276 communicent,
888 1207 940 1267 vel
957 1206 991 1264 in
1012 1205 1120 1286 aliqua
1133 1205 1198 1266 sint
1213 1203 1363 1264 molestia

235 1296 366 1380 propria
394 1286 585 1352 monasteria
617 1287 816 1356 deserentess
852 1287 912 1347 nisi
935 1289 1017 1347 forte
1052 1289 1095 1348 eis
1122 1286 1363 1369 praecipiatur,

235 1387 366 1462 propter
386 1394 464 1456 opus
481 1369 717 1447 necessarium,
738 1370 776 1430 ab
795 1369 956 1452 Episcopo
974 1369 1124 1430 civitatis.
1169 1368 1207 1430 V.
1227 1389 1278 1450 27.

310 1480 351 1540 Ue
371 1476 578 1558 unrcsqzu‘sque
595 1473 754 1534 Ecclesiae
770 1476 822 1535 cui
847 1473 1012 1534 ordinatus
1031 1486 1095 1549 est,
1119 1475 1282 1534 ministret.

317 1583 414 1648 Xlll.
458 1580 621 1640 Clericum
641 1599 827 1659 permanere
851 1587 977 1662 oportet
1013 1579 1046 1638 in
1074 1578 1218 1640 Ecclesia
1242 1579 1297 1640 cui
1325 1578 1361 1640 in

237 1668 331 1732 initio
350 1667 389 1725 ab
408 1663 566 1744 Episcopo
583 1661 802 1742 praetitulatus
816 1671 883 1739 est,
906 1661 990 1722 etad
1006 1683 1101 1742 quam
1122 1663 1269 1744 confugit
1287 1683 1365 1742 qua·

235 1751 261 1811 si
287 1750 326 1808 ad
352 1746 518 1829 potiorem.
559 1745 626 1802 Hoc
652 1753 758 1803 autem
788 1745 962 1804 refutantes
987 1743 1186 1820 (statuimus)
1215 1744 1363 1805 revocari

236 1831 352 1891 debere
368 1828 407 1887 atl
422 1846 511 1886 suam
533 1823 710 1885 Ecclesiam
726 1825 760 1884 in
776 1846 840 1905 qna
856 1825 1003 1906 primitus
1030 1825 1193 1886 ordinatus
1219 1835 1288 1900 est,
1331 1835 1362 1887 et

235 1913 280 1972 ibi
304 1908 522 1970 tantummodo
536 1906 725 1972 ministrare.
767 1907 891 1988 Siquis
911 1907 995 1967 hanc
1014 1905 1234 1969 definitionem
1256 1915 1361 1968 trans-

237 2013 362 2135 gredssus
379 1989 478 2130 fulelrit
489 2033 509 2132 ὲ
522 1986 665 2048 decrevit
684 1990 958 2073 sanctasynodus
976 1989 994 2050 a
1020 1989 1150 2072 proprio
1179 1990 1282 2073 gradu
1307 2010 1344 2051 re

243 2097 279 2136 ce
305 2093 368 2136 ere.
444 2119 451 2134 .
470 2089 487 2127 2
512 2118 520 2134 .

361 2177 409 2236 De
437 2163 642 2256 suscipiendis
670 2175 718 2233 nis
736 2177 791 2257 qui
802 2178 1048 2260 persecutionem
1064 2178 1233 2260 potiuntur.

317 2280 409 2345 XlV.
453 2277 626 2340 statuimus
640 2279 821 2359 peremnia
838 2289 873 2339 ut
889 2279 923 2339 hi
938 2279 995 2361 qni
1021 2281 1278 2362 persecutionem
1299 2303 1357 2377 pa-

235 2369 360 2428 tiuntur
380 2365 397 2423 l
414 2360 519 2441 pravis
538 2359 719 2442 quibusque
732 2361 785 2423 rel
807 2362 1009 2441 infidelibus,
1030 2362 1246 2447 suscipiantur
1266 2363 1357 2425 isus·

235 2449 275 2512 tis
292 2457 323 2510 et
339 2443 495 2506 fidelibus.

575 2525 623 2584 De
640 2523 705 2603 lege
721 2537 758 2584 et
778 2527 1008 2592 consuetudine.

320 2605 396 2671 XV.
438 2607 554 2688 Aliqua
571 2627 695 2690 canone
714 2615 747 2666 et
763 2608 876 2670 ordine
892 2619 1063 2686 tenentur,
1090 2607 1197 2692 aliqua
1219 2631 1355 2674 consue·
1437 2683 1438 2706 χ

236 2693 347 2755 tudine
370 2693 489 2752 firmata
504 2697 587 2748 sunt.

236 2781 240 2788 '
498 2773 546 2830 De
563 2769 806 2849 olienisfinibus
825 2793 886 2831 non
906 2772 1103 2856 usrcrpandis.
1435 2837 1436 2860 q

320 2852 410 2916 XVI.
453 2851 694 2912 Inhilsitumest
714 2854 844 2933 nequis
868 2853 990 2914 alienos
1014 2853 1099 2916 fines
1122 2863 1271 2937 usurpet,
1302 2864 1357 2915 ant
1434 2913 1435 2936 q

235 2959 294 3020 per
309 2934 486 3019 praemium
502 2934 554 2994 vel
572 2935 714 2994 favorem
735 2935 871 2996 alicuius
890 2935 1042 2998 terminos
1068 2937 1198 2999 Patrem
1224 2945 1355 2998 statutos
1433 2985 1434 3012 .

236 3018 450 3079 transcendat.
502 3009 702 3098 Quamquam
736 3017 881 3079 novellae
917 3019 1157 3100 suggestiones,
1193 3041 1276 3100 quae
1303 3019 1355 3080 rel
1432 3065 1433 3088 .

237 3104 386 3164 obscurae
403 3107 497 3173 sunt,
519 3099 573 3158 vel
588 3098 647 3158 sub
674 3119 791 3178 genere
808 3099 929 3176 latent,
951 3102 1110 3182 inspectae
1134 3102 1151 3160 is
1175 3103 1267 3162 nobis
1287 3102 1354 3160 for·

236 3205 316 3246 susem
343 3181 517 3260 accipiant,
548 3188 580 3238 et
607 3182 693 3260 quod
712 3181 744 3238 in
768 3181 870 3248 Laicis
895 3184 1165 3263 reprehenditur,
1197 3184 1229 3244 id
1253 3183 1355 3242 multo

237 3265 334 3344 mangis
355 3265 450 3322 delict
467 3262 499 3320 iu
515 3261 649 3322 Clerieis
668 3262 897 3341 praedamnari.
946 3265 1137 3326 Universum
1170 3266 1355 3326 Concilium

236 3347 331 3406 dixit:
357 3345 480 3403 »Nemo
502 3353 615 3403 contra
638 3343 829 3423 Prophetas,
861 3367 955 3405 nemo
983 3356 1093 3407 contra
1122 3347 1354 3428 Evangelium‚

237 3453 253 3484 s
266 3429 318 3490 vel
334 3434 444 3486 contra
463 3425 667 3507 Apostolum,
688 3426 767 3486 facit
780 3426 903 3508 aliquid
924 3427 1041 3510 ubsque
1068 3429 1255 3510 periculus

382 3538 423 3598 Ut
450 3552 691 3616 transgressores
716 3540 875 3601 Cononem
895 3545 1208 3605 excommunicentur.

316 3619 424 3682 XVll.
465 3621 766 3702 Transgredientem
781 3625 949 3683 Canonum
979 3624 1200 3686 definitionem
1225 3645 1355 3686 excom-

231 3705 433 3766 municatum
448 3723 513 3762 esse
534 3702 754 3783 praecipimus.

417 3805 463 3865 Ut
475 3801 648 3890 Episcopus
664 3827 770 3868 euram
789 3810 1054 3871 Monosteriorum
1072 3824 1170 3890 geret.
1268 3839 1270 3851 ¹

315 3887 441 3954 XVlll.
483 3887 679 3970 Episcopum
695 3893 846 3952 'convenit
872 3892 1007 3954 civitatis
1031 3903 1266 3977 competentem
1283 3897 1353 3956 Mo-

230 3973 448 4034 ·nusteriorum
463 3969 697 4051 providentiam
713 3993 834 4053 gerere.
877 3973 915 4038 V.
937 3996 986 4056 29.

507 4075 554 4132 De
580 4075 741 4134 monendis
756 4076 805 4134 lu's
822 4079 876 4159 qui
901 4079 1096 4146 ordinentur.

315 4157 408 4220 XIX.
453 4156 485 4218 Si
512 4153 582 4236 quis
597 4157 749 4220 *Clericus
770 4159 956 4240 ordinatur,
979 4163 1102 4224 moneri
1121 4163 1355 4229 debeteonsti-

227 4249 303 4300 2suta
318 4260 453 4301 serrare.
906 4248 908 4256 ’
1125 4263 1129 4270 ν
1332 4257 1340 4274 ·
