2948 4990
123 4091 125 4098 .

10 4121 165 4192 QX&

208 247 282 322 oto
498 329 500 336 ,
640 255 927 318 csruussusuu

206 402 419 469 secessoribus
434 401 559 464 ‘nostris
581 399 633 462 vel
648 400 740 464 uobis
761 417 913 464 concessa
932 405 1018 476 suut,
1041 414 1166 481 semper
1181 405 1340 462 moneant

208 491 405 569 incorrupta.
481 485 616 572 Capitul.
635 485 682 551 ΙΙ.
704 509 733 551 a.
754 486 826 561 814.
845 504 870 544 c.
884 482 917 547 6.

249 597 298 660 Ne
312 595 540 680 Episcoporum
553 591 608 652 uel
625 591 820 676 reliquorum
841 588 1034 650 Clerieorum
1060 589 1129 648 vita
1144 587 1298 654 turbetur.

293 699 375 766 CIV.
429 698 534 759 Nullis
555 694 619 758 vita
639 695 831 758 Praesulum
850 693 1001 756 turbetur
1023 690 1230 766 excessibus,
1260 695 1348 776 quia

209 787 305 852 valde
323 786 358 844 iu
379 783 513 864 dignum
533 789 581 841 est
598 778 708 862 utqui
734 775 844 839 throni
857 775 919 838 Dei
942 785 1108 852 vocantur,
1137 775 1253 856 aliqua*
1267 801 1346 839 mo-

208 872 298 933 tione
309 867 481 928 turbentur
493 873 547 922 aut
559 861 671 944 inique
691 871 882 924 tractentur.
904 860 997 922 Unde
1018 867 1064 921 est
1078 857 1180 920 illud:
1204 860 1268 942 Qui
1286 879 1346 922 vos

210 957 327 1033 tangit,
350 949 449 1028 tetigit
467 945 622 1032 pupillam
638 944 724 1007 oculi
744 943 815 1004 mci.
856 943 898 1002 Et
934 941 1035 1003 illud.-
1069 942 1134 1024 Qui
1152 962 1212 1002 uos
1233 944 1345 1016 ocidit,

210 1059 258 1098 me
280 1033 385 1102 aridi&
417 1044 447 1090 et
466 1031 594 1112 quivos
611 1029 751 1109 spernit,
783 1046 831 1084 mc
852 1029 982 1108 spernit.
1034 1025 1076 1086 Et
1104 1045 1236 1085 rursus.-
1277 1028 1348 1109 Qui

209 1114 475 1179 scandalizaverit
489 1131 581 1171 unum
598 1109 638 1170 de
656 1110 783 1191 pusillis
803 1108 884 1185 istis,
906 1109 1016 1168 melius
1034 1119 1081 1167 est
1099 1109 1152 1168 illi
1164 1120 1198 1167 ut
1213 1129 1348 1192 suspen·

210 1201 306 1261 datur
321 1199 404 1257 mola
420 1195 560 1254 asinario
581 1193 614 1252 in
628 1192 710 1254 collo
726 1193 791 1252 eius
800 1235 813 1264 ,
836 1204 867 1252 el
882 1191 1081 1272 demergatur
1092 1193 1126 1250 in
1141 1189 1347 1277 profundum

210 1285 317 1344 moris.
359 1282 401 1341 Et
418 1277 555 1357 reliqua.

210 1389 260 1449 De
280 1385 410 1446 Clericis
430 1383 478 1441 vel
494 1377 718 1441 Sacerdotibus
732 1376 788 1464 qui
808 1379 965 1462 accipiunt
982 1379 1142 1442 Ecclesios
1157 1383 1223 1442 sine
1245 1380 1349 1442 licen-

344 1469 389 1526 tio
409 1463 561 1548 Episcopi
581 1463 643 1535 sui,
665 1463 720 1523 vel
737 1461 855 1522 deuna
871 1461 1021 1523 adoliam
1037 1476 1208 1524 transeunt.

294 1572 362 1634 CV.
385 1575 428 1631 Ut
449 1591 544 1630 nemo
574 1566 714 1650 accipiat
744 1565 923 1628 Ecclesiam
946 1569 1030 1629 infra
1054 1569 1239 1652 parochiam
1265 1569 1342 1632 sine

210 1677 371 1718 consensu
386 1652 538 1736 Episcopi
558 1651 628 1730 sui,
652 1673 712 1713 nec
735 1649 775 1710 dc
793 1671 858 1710 uua
872 1649 912 1711 ad
925 1651 1019 1712 aliam
1040 1662 1188 1720 transeat.

154 1776 158 1783 '
211 1767 261 1827 De
280 1765 405 1824 incestis
422 1774 451 1821 et
467 1755 656 1837 criminosis,
680 1779 716 1820 uc
742 1757 782 1818 de
804 1754 942 1841 infirmis
971 1773 1002 1820 et
1026 1761 1269 1842 poenitentibus,
1291 1775 1347 1822 at-

463 1864 520 1925 que
535 1841 574 1901 de
591 1843 707 1902 ieiunio
726 1853 861 1923 quatuor
885 1840 1081 1925 Temporum.

206 1987 209 1992 .
294 1927 379 1990 CVI.
421 1928 465 1986 Ut
485 1925 524 1985 de
540 1924 673 1986 incestis
695 1933 727 1985 et
740 1920 918 1984 criminosis
933 1945 1080 2006 maguam
1107 1947 1217 1987 curam
1241 1924 1347 1988 habe-

212 2019 267 2074 ant
287 2008 495 2084 Sacerdotes,
519 2028 559 2066 ne
576 2006 610 2066 iu
630 2006 695 2068 suis
712 2016 847 2089 pereant
866 2006 1057 2085 sceleribus,
1080 2018 1112 2070 et
1129 2008 1254 2068 animae
1284 2029 1347 2069 eo-

211 2116 285 2156 rum
301 2114 319 2150 a
339 2089 483 2152 districto
510 2087 621 2149 Iudice
640 2087 769 2150 Christo
787 2089 833 2150 eis
852 2088 1068 2172 requirantur.
1120 2091 1277 2153 Similiter
1300 2091 1346 2152 de

211 2174 348 2237 infirmis
364 2195 400 2234 ac
418 2169 670 2252 poenitentibus,
693 2181 730 2232 ut
751 2171 924 2233 morientes
938 2171 1007 2234 siue
1023 2173 1289 2234 reconciliatione
1310 2184 1349 2234 et

208 2259 329 2328 ,viatico
347 2275 412 2314 nou
427 2251 587 2314 deficiant.
609 2253 652 2313 Et
671 2263 708 2313 ut
722 2262 860 2335 quatuor
880 2256 1074 2336 Temporum
1089 2256 1212 2316 ieiunia
1229 2278 1246 2314 a
1264 2256 1346 2318 fide-

211 2341 297 2402 libus
317 2337 491 2418 diligenter
507 2335 739 2396 custodiantur.
788 2336 922 2420 Capitul.
943 2362 972 2403 e.
997 2338 1066 2420 769.
1086 2361 1113 2401 c.
1139 2361 1185 2404 ro.
1211 2361 1256 2400 ιι.

207 2446 261 2510 ¹Ut
281 2442 433 2529 Episcopi
451 2440 577 2502 Iudices
595 2441 738 2524 publicos
751 2453 896 2502 moneant
914 2455 949 2502 ut
968 2441 1016 2503 rei
1034 2447 1210 2508 carceribus
1227 2446 1347 2507 reclusi

252 2528 430 2592 Natiuitute
450 2521 592 2595 Domini,
608 2525 733 2584 Poscba
754 2535 785 2582 et
804 2525 988 2586 Pentecoste
996 2571 1008 2599 ,
1040 2529 1251 2606 absolvantur,
1272 2539 1303 2588 et

385 2606 501 2676 Missos
520 2606 587 2664 illis
606 2605 736 2666 audr'ant
752 2603 873 2684 diebus,
894 2629 930 2668 ac
953 2607 1168 2693 refectifiant.

212 2731 216 2740 '
297 2712 400 2777 CVII.
442 2714 485 2772 Ut
509 2710 660 2794 Episcopi
687 2709 814 2772 Iudices
833 2711 979 2794 publicos
1003 2727 1227 2778 commoneant
1248 2728 1284 2779 ut
1308 2717 1347 2779 in

166 2847 168 2853 ,
212 2799 283 2862 dies
300 2789 552 2866 celeberrimos,
575 2793 637 2852 hoe
661 2803 726 2870 est,
755 2793 963 2856 Nativitatem
982 2797 1113 2857 Domini
1140 2801 1241 2861 nostri
1269 2803 1348 2862 Iesu

213 2879 353 2956 Christi,
376 2886 408 2938 et
428 2885 573 2940 sanctam·
595 2875 893 2954 Resurrectionem,
920 2899 957 2938 ac
991 2880 1228 2962 Pentecosten,
1266 2887 1347 2964 qui..

213 2983 344 3045 cunque
366 2958 538 3020 miserrimi
559 2957 700 3021 vinculis
722 2957 929 3034 detinentur,
949 2962 1101 3021 'relaxari
1119 2963 1275 3042 debeant,
1312 2977 1349 3028 et

212 3055 347 3130 propter
361 3043 461 3124 ipsam
476 3039 691 3104 reverentiam
705 3041 836 3120 Domini
860 3042 960 3101 nostri
981 3041 1056 3103 Iesu
1069 3045 1188 3106 Christi
1207 3047 1268 3130 ipsi
1289 3048 1349 3110 de·

212 3124 564 3192 beautabsolutiouem
583 3123 769 3204 promereri.
817 3124 860 3185 Et
882 3125 1000 3201 Iudex,
1030 3126 1057 3186 si
1079 3136 1238 3209 pastorem
1255 3151 1348 3190 com.

213 3216 402 3272 monentem
432 3204 634 3288 despexerit,
673 3205 817 3285 quandiu
844 3206 909 3266 loci
935 3207 1024 3270 illius
1051 3209 1209 3297 Episcopo
1240 3213 1350 3275 visum

215 3290 314 3354 fuerit
329 3290 367 3349 ab
388 3289 553 3350 Ecclesiae
570 3287 737 3348 liminibus
756 3297 911 3349 arceatur.

361 3395 410 3454 De
433 3395 589 3455 Monucbo
610 3395 666 3471 qui
682 3395 903 3454 monasterium
932 3415 1022 3456 suum
1039 3392 1202 3465 dimiserit.

299 3497 415 3566 CVIII.
457 3498 492 3560 Si
513 3497 691 3558 Monachus
709 3497 940 3560 monasterium
963 3523 1058 3562 suurn
1078 3503 1252 3584 dimiserit,
1280 3523 1347 3568 om-

217 3588 271 3652 nia
290 3587 377 3648 bona
391 3581 509 3662 ipsius,
540 3590 571 3641 et
589 3601 671 3662 quae
698 3581 731 3639 iu
756 3581 949 3642 monasterio
976 3583 1175 3666 introduxit,
1206 3599 1239 3650 et
1263 3611 1347 3671 quae

218 3693 286 3734 nou
304 3663 501 3740 introduxit,
531 3661 668 3724 dominii
686 3663 871 3724 monasterii
893 3664 977 3743 siut,
1000 3676 1034 3728 et
1060 3669 1127 3750 ipse
1152 3669 1257 3733 officio
1281 3673 1351 3734 fisci

218 3751 341 3818 servire
367 3755 507 3830 cogatur.
548 3745 583 3806 si
602 3765 679 3807 vcro
695 3746 872 3806 Monachus
888 3748 928 3808 ad
947 3746 1039 3810 aliud
1050 3754 1278 3814 monasterium
1293 3755 1353 3814 mi-

218 3833 385 3921 graverit,
407 3827 613 3890 substantiam
634 3826 702 3888 eius
726 3829 817 3910 prius
850 3832 1080 3892 monasterium
1098 3836 1285 3915 possideat,
1319 3847 1353 3898 et

220 3923 256 3982 in
283 3917 347 3977 alio
378 3910 572 3973 monasterio
594 3910 661 3992 ipse
688 3931 753 3970 non
784 3910 961 3993 recipiatur
987 3915 1056 3976 sine
1080 3915 1211 3979 Abbatis
1241 3920 1292 3980 sui
1318 3930 1353 3981 ct

220 3995 375 4086 Episcopi
389 3992 515 4077 proprii
531 3989 674 4056 licentia.
707 3991 812 4075 Supra
829 3993 901 4056 Lib.
925 3995 963 4056 V.
985 4019 1013 4057 c.
1033 3999 1104 4080 397.

345 4103 393 4162 De
407 4099 657 4184 possessionibus
674 4096 719 4158 ad
730 4099 878 4179 religiose
904 4103 976 4164 loca
989 4107 1227 4190 pertinentibus.

182 4227 189 4234 ··
224 4284 228 4289 ¹
305 4207 388 4274 clx.
435 4202 715 4268 Possessiouesad
735 4202 886 4292 religiosa
905 4200 975 4280 loca
1000 4197 1200 4294 pertinentes
1228 4190 1355 4284 nullam
