2948 4990
545 317 661 396 111111
695 315 896 376 susumus

151 521 154 528 ,
238 469 428 530 accusatum
471 477 527 522 nec
547 461 602 524 ille
622 459 677 540 qni

239 541 304 598 suis
319 540 416 603 libere
434 554 464 603 et
478 545 676 623 integerrime

230 617 348 698 fruens
373 621 480 702 bonis,
512 637 677 707 antequam

230 699 443 781 familiariter
454 709 679 772 conveniatur-t

240 784 679 871 nequeresponderecompel-

240 865 343 948 latur,
373 869 435 928 nisi
457 867 604 933 canonice
619 890 678 931 ve·

240 948 323 1006 uerit
349 965 499 1017 evocatus.

141 1027 209 1104 154.
236 1027 284 1086 De
299 1033 439 1115 superbis
454 1035 507 1097 vel.
523 1046 680 1094 contuma-

240 1109 326 1170 cibus
345 1113 477 1176 Clerieis
502 1118 557 1178 vel
573 1116 679 1176 Laicis

241 1195 433 1257 coercendis.
459 1228 462 1236 »

140 1271 210 1338 155.
242 1272 395 1336 Utnullus
404 1279 541 1342 Clericus
551 1279 606 1340 vel
615 1277 678 1340 Ab·

241 1357 295 1416 bas
311 1355 356 1416 ad
375 1360 494 1423 iudicia
512 1363 677 1432 secularia,

242 1439 310 1498 sine
334 1441 470 1505 iussione
492 1447 619 1527 proprii
631 1442 680 1502 E-

240 1523 385 1605 piscopi,
413 1527 460 1586 ine
489 1537 679 1611 praesumat.
725 1565 727 1570 .

241 1602 285 1663 Et
297 1617 330 1660 ut
339 1605 441 1666 nullus
457 1631 511 1669 suo
521 1607 678 1691 Episcopo

242 1699 411 1779 contumax
424 1704 480 1753 aut
498 1688 678 1752 inobediens

242 1779 368 1828 existat.

143 1841 211 1911 166.
237 1849 286 1908 Dc
309 1848 475 1950 Episcopis
496 1875 560 1915 non
585 1874 678 1918 accu-
729 1905 732 1910 ,

242 1931 350 1991 sanclis
378 1936 441 1994 nasi
474 1936 520 1997 acl
544 1933 678 1995 summos

242 2013 412 2089 Primutes,
437 2022 510 2099 quia
526 2039 589 2078 nou
609 2037 678 2078 om.-

242 2112 297 2155 ues
309 2095 549 2181 Metropolitani
566 2099 679 2158 summi

242 2190 319 2237 sunt
339 2179 504 2242 Primates.
555 2180 597 2244 Et
618 2182 676 2239 boc

186 2333 188 2339 Ι
242 2277 434 2344 summopere
455 2265 496 2326 ab
515 2265 559 2326 eis
581 2281 677 2346 prae-

241 2339 402 2414 videatur,
419 2367 456 2403 ne
472 2345 580 2419 aliqua
594 2343 678 2425 cupi·

242 2419 339 2494 ditate
362 2425 409 2483 vel
430 2426 549 2487 inuidia
565 2425 636 2506 fiat.

144 2498 212 2583 157.
242 2503 331 2580 Quid
347 2505 386 2565 de
397 2491 564 2569 Advocati
583 2527 676 2588 agen-

242 2584 316 2644 dum
333 2589 375 2647 sit
391 2592 445 2671 qui
467 2592 500 2650 in
526 2589 599 2650 dolo
625 2586 698 2674 vel·

235 2665 356 2746 fraude
369 2685 510 2753 repertus
521 2669 634 2751 suerit.

144 2746 213 2810 158.
241 2748 355 2810 Dabis
377 2754 432 2832 qui
453 2767 564 2815 contra
590 2771 678 2812 suam

239 2830 468 2916 professionem
509 2834 564 2895 vel
604 2835 678 2895 sub·

242 2916 443 2999 scriptionem
461 2928 615 2978 venerunt.

144 2993 213 3076 159.
241 2997 290 3056 De
323 2996 453 3058 Clericis
481 2997 535 3058 vel
562 3001 678 3059 Mona-

242 3080 679 3164 cbisautLaicisconspiran-

240 3161 333 3220 tibus.

146 3234 214 3304 16ο.
242 3241 290 3300 De
312 3247 536 3328 pervasoribus
559 3241 680 3330 finium

244 3325 391 3394 aliorum„

146 3401 211 3465 161.
239 3407 288 3470 De
329 3407 528 3484 Presbyteris
561 3408 680 3496 inflatis

244 3489 298 3548 vel
313 3491 447 3554 schisma
456 3489 658 3567 facientibus.

145 3568 211 3632 162.
241 3569 282 3632 Ut
304 3571 485 3648 Presbyteri
512 3573 680 3635 indiscrete

243 3653 456 3735 abEpiscopis
468 3655 523 3714 vel
537 3657 575 3722 ab
595 3655 680 3727 alii-s,

243 3749 297 3795 aut
308 3735 427 3807 Laicis,
436 3757 498 3796 non
509 3738 680 3796 mittantur.
748 3799 752 3805 ,

147 3812 217 3878 165..
240 3817 288 3886 De
320 3819 501 3878 criminibus
538 3817 680 3900 definitis

164 3920 167 3927 ·
244 3901 368 3958 minime
386 3898 584 3978 refricandis.
621 3951 626 3962 .

148 3976 214 4052 164.
244 3980 292 4072 De
318 3981 525 4064 adprobanda
553 3986 688 4042 accusa.

262 4081 342 4121 ione.

147 4139 212 4204 165.
244 4071 292 4198 l)e
311 4119 515 4221 ⁴Presbyteris
547 4145 601 4228 qui
629 4145 687 4203 in-.

248 4225 396 4291 consultis
417 4227 557 4310 propriis
585 4224 680 4309 Epis.-

1195 299 1267 378 ott

827 461 914 545 copis
935 461 969 522 in
987 459 1065 522 locis
1078 477 1142 524 non
1157 482 1269 524 conse·

830 545 925 602 cratis
944 542 1061 604 Missas
1075 559 1179 622 agunt.

734 622 799 688 166.
833 623 875 684 Ut
890 626 1071 702 Presbyteri
1079 627 1268 688 inEoclesiis

829 706 1004 773 inconsulto
1029 706 1188 790 Episcopo
1206 731 1270 770 nou

831 790 1073 860 constituantur,
1100 790 1268 851 veldeEe·

830 871 934 930 clesiis
944 871 1147 954 expellantur
1156 873 1194 933 ab
1210 873 1268 946 ali·

829 972 900 1032 quo.
1253 1001 1264 1024 ,

733 1031 798 1115 167.
827 1033 929 1116 Quod?
950 1034 1014 1094 Dei
1035 1031 1268 1096 ordinationem

828 1129 953 1176 acezcset
966 1117 1021 1200 qui
1038 1117 1196 1199 Episcopo
1216 1115 1269 1176 de·

831 1200 929 1258 trabit
948 1198 1002 1257 vet
1021 1210 1154 1264 accusat.

734 1278 799 1342 168.
827 1278 876 1336 De
892 1280 1056 1340 homicidis
1070 1281 1235 1360 infantum.

733 1361 804 1444 169..
828 1361 938 1421 Deliis
954 1363 1009 1444 qm
1025 1365 1168 1446 rapinam
1179 1358 1267 1440 seced

830 1445 908 1514 rint,
928 1455 981 1502 aut
999 1445 1060 1520 iter
1075 1455 1199 1522 agentes
1212 1440 1267 1499 ad·

832 1525 1005 1595 sallierint,
1028 1538 1081 1584 aut
1101 1524 1267 1584 domorum

828 1607 975 1667 nocturni
994 1607 1179 1686 spoliatores
1189 1603 1266 1684 sue-

831 1690 906 1759 rint,
930 1687 1009 1769 quid
1023 1691 1065 1748 sit
1083 1685 1244 1766 agendum.

733 1765 798 1852 tyo.
829 1768 871 1830 Ut
897 1768 1024 1828 Iudices
1040 1771 1130 1852 prius
1149 1769 1266 1850 capita·-

830 1849 890 1909 lem
914 1871 977 1909 non
995 1851 1162 1935 proferant
1183 1848 1265 1906 Sen-

830 1935 973 2003 tentiam,
998 1954 1090 2014 quam
1114 1941 1168 1990 aut
1194 1951 1264 1988 reus

828 2016 893 2095 ipse
909 2014 1115 2097 confiteatur,
1136 2025 1190 2072 aut
1206 2031 1266 2096 per·

827 2108 918 2154 testes
934 2099 1115 2156 innocentes.
1136 2095 1265 2156 convin-

827 2189 925 2236 entier.

730 2278 799 2341 ¹7¹·
824 2259 872 2334 De
896 2256 1073 2344 Episcopis,
1099 2260 1127 2317 si
1147 2259 1180 2316 in
1198 2277 1264 2317 rea·

828 2353 891 2400 tum
908 2343 1111 2411 incurrerint,
1135 2337 1214 2420 quid
1233 2363 1265 2398 a·

826 2420 960 2500 gendum
981 2425 1031 2482 sit.

731 2523 795 2584 172.
824 2505 873 2565 De
885 2506 935 2565 bis
944 2507 999 2584 qrci
1006 2504 1121 2566 viduas
1136 2501 1190 2562 vel
1199 2505 1252 2563 vir

826 2587 913 2664 gines
938 2586 1114 2648 inconsulto
1136 2585 1265 2668 Episco-

826 2687 869 2751 po
893 2669 993 2729 velare
1012 2681 1222 2751 praesumunt.

732 2749 797 2830 173.
824 2749 873 2807 De
890 2765 1031 2812 accusato
1045 2749 1215 2830 Episcopo,
1237 2750 1265 2808 si

829 2831 1109 2912 comprovinciales
1144 2851 1265 2912 suspec-

828 2924 875 2972 tos
885 2915 1039 2984 babuerit,
1050 2925 1083 2971 ut
1093 2911 1265 2974 Romanum

870 2995 967 3079 pellet
981 2991 1179 3074 Pontificem.

734 3078 799 3158 174.
827 3017 875 3138 llb
896 3079 958 3136 reis
974 3075 1018 3136 acl
1034 3077 1194 3136 eeclesiam
1214 3075 1267 3134 vol

829 3160 942 3220 altaria
960 3179 1065 3223 earum
1088 3154 1266 3236 confugien-

833 3244 936 3312 tibus,
956 3253 1064 3302 utnon
1077 3241 1265 3310 abstraban*

831 3336 891 3387 tur.
1194 3339 1205 3392 J

736 3404 801 3484 ¹75·
829 3407 878 3466 De
891 3425 954 3474 non
969 3401 1157 3487 usurpandis
1167 3401 1266 3488 plebi-

833 3489 888 3552 bus
895 3489 1017 3557 alicnis,
1033 3486 1108 3545 ctcle
1118 3507 1181 3546 non
1192 3507 1266 3565 gra·

807 3573 810 3580 '
836 3569 935 3631 vando
959 3568 1125 3651 Episcopo.

736 3655 809 3734 176
828 3653 876 3712 De
898 3652 945 3712 tis
965 3650 1020 3732 qui
1040 3651 1073 3708 in
1091 3661 1175 3710 recta
1191 3647 1268 3730 fide

832 3733 967 3815 suspecti
982 3743 1065 3805 sunt,
1087 3733 1121 3790 in
1141 3750 1267 3790 accusa»

831 3819 947 3877 tionem
979 3812 1185 3881 Sacerdotum
1216 3813 1271 3872 vel

833 3897 1041 3960 testimonium
1075 3915 1138 3954 non
1175 3896 1271 3954 susci-

831 3977 967 4062 piendis.

737 4083 801 4142 ¹177·
830 4060 919 4144 Quid
941 4060 1005 4118 sint
1026 4055 1196 4128 delatores,
1218 4058 1272 4124 vel
1359 4089 1362 4096 ι

834 4141 914 4224 quid
942 4139 1054 4208 decis
1083 4135 1278 4220 facientium,

837 4227 886 4290 1ἰί.
