2910 4986
203 333 276 408 418
655 339 942 409 ctnramnon

202 503 328 557 sanctae
342 493 403 551 Der
423 487 589 552 Ecclesiae
605 489 859 568 benedictiones,
880 501 912 552 et
931 513 1043 556 manus
1060 495 1336 576 impositionesfet

201 575 366 658 signacula
381 582 508 634 sanctae
528 573 633 634 crucis
650 595 746 656 super
762 574 865 654 capita
876 585 923 646 w)
938 576 1079 638 virorum
1099 581 1185 656 dare,
1204 592 1334 642 necnon

201 669 233 719 et
251 659 357 718 velare
376 655 518 736 virgines
533 677 609 716 cum
625 654 852 717 benedictione
888 655 1087 720 sacerdotali.
1142 661 1239 738 Quod
1265 685 1335 722 om-

201 741 280 799 nino
297 740 315 798 d
332 737 433 814 vobis,
449 739 638 799 sanctissimi
669 739 789 813 PatreS,
816 737 849 795 in
870 740 983 799 vestris
1004 743 1164 824 parochiis
1187 743 1253 804 illis
1282 745 1334 806 iu-

200 819 427 884 terdicendum
446 840 513 881 esse
535 821 657 881 scitote.
700 818 783 880 Ibid.
802 835 827 879 c.
850 821 898 901 74.

387 917 436 984 De
461 925 593 986 'Clericis
616 926 671 1007 qni
684 921 854 1005 refingeret
874 947 939 985 esse
953 928 1135 993 Monachus.

281 1027 417 1097 LXXII.
460 1037 502 1105 Ut
522 1034 572 1093 illi
590 1032 715 1104 Clerici
732 1031 789 1111 qui
803 1054 841 1092 se
860 1033 987 1116 fingunt
1005 1037 1119 1098 habitu
1132 1040 1185 1099 vel
1202 1042 1332 1104 nornine

199 1119 373 1184 Monachos
390 1138 469 1193 esse,
486 1127 518 1176 et
539 1138 605 1176 non
621 1119 713 1190 sunt,
739 1115 930 1178 omnimodis
956 1119 1086 1180 ridetur
1113 1121 1332 1201 (corrigendos

200 1214 294 1285 atquc
316 1199 532 1261 emendandos
554 1197 903 1276 essex),utvelvc1·i
926 1201 1077 1262 Monachi
1097 1205 1166 1264 siut
1190 1206 1240 1265 vel
1262 1203 1332 1267 veri

200 1282 366 1346 Canonici.
408 1281 535 1345 Ibide.
554 1281 602 1360 75.

386 1387 435 1447 Dc
456 1385 707 1470 pseudographis
728 1375 767 1444 et¹
783 1384 888 1446 dubiis
904 1392 1145 1460 narrationibus,

280 1491 438 1555 LXXIII.
478 1489 758 1573 Pseudographiac
772 1487 812 1567 y)
834 1501 865 1554 ct
899 1493 1014 1556 dubiae
1042 1499 1252 1577 narrationes,
1276 1486 1331 1560 vel

199 1599 281 1662 quae
299 1575 431 1637 omnino
447 1584 558 1634 contra
572 1573 668 1634 fidem
686 1572 877 1634 catholIcam
897 1586 982 1654 sunt,
1008 1587 1043 1638 ut
1069 1577 1203 1662 epistola
1227 1581 1332 1663 pessi-

198 1684 249 1730 ma
268 1667 303 1720 et*
321 1655 498 1734 falsissima,
519 1677 616 1736 quam
636 1664 794 1715 transacto
818 1677 902 1716 anno
921 1659 1071 1721 dicebant
1095 1651 1195 1744 aliqui
1218 1669 1330 1724 erratr-

197 1755 246 1806 tes
262 1741 342 1802 etin
360 1760 506 1801 errorum
526 1739 606 1799 alios
620 1747 651 1811 z)
669 1738 830 1798 mittentes
857 1741 947 1819 quod
968 1742 1007 1802 de
1032 1746 1124 1805 coelo
1150 1745 1329 1820 cecidisset,

199 1847 260 1898 nec
279 1823 452 1884 credantur
466 1842 526 1882 nec
540 1821 700 1902 legantur,
722 1819 778 1880 sed
795 1821 1035 1899 comburantur,
1064 1848 1104 1888 ue
1129 1828 1162 1888 in
1187 1848 1331 1888 errorem

197 1929 255 1991 pro
272 1904 329 1966 tali
344 1904 463 1984 scripto
485 1905 624 1985 populus
646 1902 798 1961 mittatur.
841 1904 905 1963 Sed
927 1907 987 1966 soli
1009 1910 1157 1970 canonici
1181 1909 1266 1986 libri,
1296 1921 1330 1970 et

181 1987 349 2053 catholici
366 1995 528 2060 tractatus,
549 1994 581 2045 et
599 1986 790 2046 Sanctorum
807 1987 1010 2050 auctoritates
1026 1999 1057 2052 ct
1076 1992 1160 2052 dicta
1177 1993 1331 2072 legantur

199 2083 231 2135 et
245 2069 426 2131 tradantur.
468 2066 553 2131 Ibid.
572 2088 607 2157 c.x
620 2067 668 2147 76.
939 2084 943 2096 ¹

393 2175 442 2233 Dc
456 2185 549 2234 cantu
562 2173 701 2234 Romano
723 2174 918 2235 &Monachis
935 2179 1123 2260 peragendo

278 2277 429 2345 LXXIV.
451 2278 601 2344 Monachi
617 2288 652 2337 ut
668 2287 796 2338 cantum
803 2281 980 2343 Romanum
1000 2287 1141 2368 pleniter
1154 2298 1187 2350 et
1202 2288 1329 2350 ordinas

198 2366 307 2430 biliter
327 2384 385 2448 per
402 2363 592 2423 nocturnale
606 2362 658 2422 'vel
676 2363 804 2443 gradale
820 2358 959 2424 officium
975 2380 1138 2452 peragant,
1151 2372 1329 2432 secundum

135 2475 137 2478 ·
223 2449 288 2510 uod
308 2445 434 2530 genitor
450 2453 557 2505 noster
573 2442 730 2527 Pippinus
745 2446 813 2506 Rex
829 2445 1005 2510 decertavit
1020 2461 1053 2523 a)
1073 2462 1108 2511 ut
1123 2451 1214 2513 fieret
1227 2473 1330 2536 quana

199 2473 241 2595 ἕο
263 2530 467 2592 Gallicanum
480 2535 609 2586 cantum
629 2527 707 2586 tulit
731 2527 771 2587 ob
794 2527 1034 2592 unanimitatem
1058 2536 1249 2614 apostolicae
1274 2537 1331 2594 Se·

201 2615 250 2680 dis
270 2623 306 2676 'ct
326 2619 452 2674 sanctae
465 2609 527 2670 Dei
542 2608 707 2670 Ecclesiae
721 2607 885 2691 pacificam
905 2615 1119 2692 concordiam.
1144 2605 1263 2682 Ibide.
1280 2614 1330 2697 78.

104 2764 109 2775 ·
200 2721 250 2784 De
272 2717 418 2807 operibus
432 2719 593 2780 servilibus
608 2737 686 2801 quac
706 2716 815 2777 diebus
837 2717 1002 2780 dominicis
1025 2743 1088 2782 non
1112 2720 1335 2810 sunt-agenda,¹

281 2825 415 2889 LXXV.
458 2823 633 2885 Statnimus
669 2844 818 2905 quoque,
851 2827 1029 2887 secundum
1070 2831 1156 2909 quod
1185 2829 1219 2887 in
1256 2830 1330 2908 Iege

199 2911 360 2973 Dominus
386 2908 562 2990 praecepit,
590 2916 626 2967 ut
651 2927 747 2988 opera
772 2907 901 2967 servilia
924 2909 1036 2970 diebus
1061 2911 1230 2972 dominicis
1262 2931 1330 2970 nou

201 3002 348 3076 agantur,
368 2992 451 3052 sIcut
468 2998 499 3048 et
519 2990 623 3048 bonae
642 2987 813 3048 memoriae
834 2990 961 3069 genitor
978 3013 1065 3054 meus
1086 2993 1119 3050 in
1148 2995 1213 3056 suls
1232 3014 1330 3074 syno-
1356 3005 1358 3012 ’

201 3076 328 3138 daIibus
347 3072 460 3135 edictis
477 3070 641 3148 mandavit
656 3070 743 3151 quod
760 3091 820 3130 nec
836 3071 897 3131 viri
915 3075 1036 3133 ruralia
1056 3086 1229 3136 exerceant
1251 3095 1331 3155 ope*

201 3180 255 3228 ra;
285 3157 319 3216 id
339 3150 395 3229 est,
412 3174 480 3234 ¹nec
505 3154 633 3214 vineam
659 3144 808 3229 colendo,
835 3154 949 3213 necin
972 3157 1090 3238 campis
1112 3158 1243 3234 arando,
1270 3176 1330 3215 nec

201 3240 237 3300 iu
261 3237 424 3312 metend0,
446 3234 500 3294 vel
522 3235 654 3294 foenum
671 3233 820 3311 secando,
842 3236 893 3295 vel
914 3259 1020 3317 sepem
1034 3240 1198 3321 ponendo,
1215 3260 1275 3299 nec
1295 3238 1330 3296 in

203 3321 301 3404 sylvis
329 3317 504 3398 stirpando,
536 3317 589 3378 rel
612 3317 738 3376 arbores
763 3317 907 3393 caedere,
927 3321 979 3378 rel
1002 3320 1034 3379 in
1054 3321 1154 3403 petris
1172 3323 1330 3390 laborare,

203 3425 265 3464 nec
283 3402 393 3462 domos
417 3408 551 3472 struere,
575 3420 634 3459 nec
652 3400 686 3457 in
701 3398 795 3457 horto
812 3399 968 3477 laborare,
984 3424 1044 3462 nce
1064 3403 1104 3462 ad
1124 3404 1241 3484 placita
1256 3422 1332 3462 con*

204 3484 347 3559 veniant,
362 3503 423 3541 nec
442 3480 629 3542 venationes
642 3489 822 3540 exerceant.
847 3483 910 3542 Sed
924 3484 985 3542 tria
995 3483 1131 3544 carraria
1146 3506 1242 3566 opera
1254 3485 1335 3560 licet

204 3567 274 3629 fieri
287 3565 320 3624 in
341 3563 393 3624 die
406 3560 578 3637 dominico,
591 3563 626 3623 id
645 3571 702 3636 est,
714 3559 849 3645 {hostilia
878 3585 977 3643 carra,
995 3566 1047 3626 vel
1064 3565 1228 3644 victualia,
1249 3576 1281 3625 et
1304 3562 1331 3624 si

204 3653 288 3713 forte
302 3643 540 3707 necessefuerit
553 3642 855 3726 corpusculuslihet
866 3645 939 3705 duci
954 3648 992 3707 ad
1010 3648 1225 3729 sepulchrum.
1251 3649 1333 3707 Item

205 3732 343 3794 feminae
359 3748 455 3810 opera
468 3725 609 3798 textrilia
623 3746 687 3785 non
709 3725 839 3802 faciant,
858 3749 918 3789 uec
939 3730 1091 3810 capulent
1108 3730 1253 3807 vestitus,
1270 3746 1332 3790 nec

207 3810 374 3888 consuant,
389 3809 442 3872 rel
452 3807 622 3890 acupictile
637 3803 793 3880 bjfacian't
803 3819 845 3888 c),
864 3832 927 3874 nec
942 3812 1046 3872 lanam
1059 3833 1202 3896 carpere,
1215 3833 1274 3874 nec
1289 3812 1332 3872 lia

212 3965 494 3990 Μ
578 3978 580 3982 .

241 4083 281 4142 w)
299 4076 333 4127 al.
352 4091 411 4124 mss.
432 4077 521 4142 caput.
780 4124 783 4128 ,
828 4076 860 4139 ‘'z)
877 4074 911 4124 al.
930 4092 989 4127 mss.
1008 4077 1126 4148 aliquos.

242 4154 275 4212 x)
294 4145 327 4196 al.
364 4159 424 4193 mss.
454 4143 633 4212 corrigantur
663 4152 745 4216 atque
830 4150 864 4208 u)
881 4141 997 4198 alsinse
1013 4145 1184 4210 decretavit;
1203 4141 1334 4195 decredit.

213 4218 218 4227 '
294 4211 478 4266 emendentur.
659 4216 660 4223 ’
829 4214 862 4281 i)
879 4213 913 4263 al.
932 4219 991 4267 mss.
1019 4217 1208 4288 aquopictile‚·
1223 4213 1335 4284 aliqua-

224 4283 275 4356 γ)
293 4284 327 4336 al.
346 4301 405 4336 mas.
423 4279 660 4361 Pseudograp'liaae.
875 4285 972 4352 pictile
981 4305 994 4354 ,⁴
1027 4285 1211 4357 acupiculaej
1240 4286 1335 4354 acutri*
