2948 4990
203 284 277 359 682
652 303 940 366 canrucnmun

148 459 152 468 '
204 445 274 511 268.
303 443 346 506 lit
368 445 560 527 posteriores
592 442 743 529 Episcopi
791 445 861 512 281.
890 449 940 510 De
958 452 1143 532 purgatione
1168 451 1334 516 Sacerdo-

305 547 367 586 non
389 547 422 586 se
438 540 636 611 praeponant
649 531 741 614 prio·
896 532 1212 614 tum,qnnliterfaota
1223 535 1335 615 suerit

205 661 207 666 .
304 611 399 671 ribus.
672 665 676 674 ‚
845 686 847 692 Α
896 611 1238 683 Ψανιηαοία.εεευηιίιι
1256 621 1338 679 vice.

201 693 274 774 269.
309 692 350 752 Ut
372 692 487 754 Clerici
502 695 557 775 qui
574 697 642 755 sine
658 695 742 778 epis·
791 692 861 757 282.
889 696 943 758 De
953 707 1038 756 recto
1050 695 1169 758 iudicio
1181 700 1218 759 ab
1228 704 1334 762 omni·

305 776 377 834 tolis
397 775 549 860 Episcopi
573 778 622 836 sui
651 789 744 838 extra
896 778 952 837 bus
969 777 1150 840 iudicando.
1173 781 1216 840 Et
1233 781 1334 842 deli-

303 879 467 942 proprtem
475 862 657 942 parochiam
665 879 743 940 pro·
893 860 973 920 tibus
987 872 1016 919 et
1025 863 1274 924 contentionibus
1282 885 1338 924 ca·

299 939 383 1021 fecti
391 942 529 1022 suerint,·
550 941 742 1006 concnrnnio-
811 967 814 976 »
891 941 1014 1006 vendis.

207 1065 213 1074 .
309 1027 527 1104 neprioentur.
548 1024 745 1084 Etsiincor-
792 1018 863 1085 285.
896 1021 937 1082 Ut
957 1037 1068 1094 testes,
1089 1025 1274 1107 priusquam
1293 1026 1335 1087 de

204 1149 217 1158 -.
307 1104 445 1184 rigibiles
454 1108 666 1191 apparuerint,
675 1121 745 1164 ver·
895 1125 989 1164 causa
1005 1107 1255 1184 interrogentur,
1279 1130 1334 1168 sa-

308 1188 430 1250 beribus
448 1202 622 1253 arceuntnr.
893 1200 1049 1247 cremento
1071 1191 1337 1268 constringantur.

207 1285 276 1346 270.
304 1269 354 1328 De
370 1272 513 1342 Clericis,
527 1273 556 1329 si
566 1272 746 1332 ebrietatem
794 1264 864 1346 284.
895 1267 937 1329 Ut
962 1269 1133 1353 Episcopus
1152 1271 1199 1329 uel
1218 1271 1337 1337 Sacer-

207 1389 210 1396 *
307 1373 371 1412 nort
390 1356 564 1424 vitaverint,
580 1366 613 1411 ut
623 1373 746 1413 excom·
895 1352 997 1423 dotes,
1013 1365 1067 1410 ant
1078 1351 1227 1424 Clericus,
1241 1357 1275 1412 in
1282 1356 1334 1413 iu-

307 1435 747 1498 manneaeantoerberentan
776 1499 781 1506 ,
897 1433 990 1494 diciis
1014 1435 1204 1494 secularibus
1229 1436 1340 1495 nullus.

158 1539 160 1550 ¹
206 1531 278 1594 271.
307 1516 355 1574 De
370 1520 479 1598 bisqui
488 1540 548 1600 per
561 1518 744 1576 calumniam
896 1527 1026 1580 accuset.

308 1597 480 1661 Ecclesiam
511 1613 566 1660 nect
592 1599 746 1658 Clericum
796 1596 856 1661 285
895 1599 943 1657 Dc
965 1598 1143 1681 privilegiis
1172 1598 1339 1660 Ecclesia-

302 1677 443 1760 sutigare
461 1683 658 1742 tentaverint.
796 1707 799 1716 ·
896 1701 964 1739 runt
978 1680 1207 1740 etClericorum
1216 1703 1280 1742 non
1293 1683 1339 1742 at·-

209 1776 279 1838 272.
310 1761 351 1822 Ut
369 1764 459 1824 Laici
478 1787 541 1824 non
561 1764 748 1824 ordinentur
893 1761 1029 1822 olandis.

311 1845 374 1902 nisi
393 1847 543 1926 religione
563 1846 746 1925 praem-issa.
795 1842 866 1907 286.
898 1842 939 1903 Ut
952 1845 1106 1927 mancipia
1124 1862 1202 1924 quae
1220 1843 1338 1927 ludaei

311 1923 353 1984 Et
367 1941 401 1985 nt
418 1929 613 1988 monasteriis
628 1925 748 2002 puella-
895 1927 1026 1984 emerint
1050 1937 1104 1984 aut
1127 1927 1338 1986 circumcide-

313 2029 383 2066 rnrn
395 2010 545 2092 probatae
577 2011 661 2068 vitae
688 2009 748 2069 bo·
896 2009 972 2079 rint,
996 2009 1034 2068 ab
1052 2028 1158 2068 eorum
1179 2021 1338 2091 potestate

312 2090 409 2151 mines
429 2088 653 2171 praefigantur.
895 2089 1087 2169 ataserantur.

211 2170 281 2248 275.
310 2171 422 2230 Deliis
443 2175 498 2254 qui
520 2171 747 2231 districtionem
796 2167 865 2252 287.
896 2172 1005 2230 Deliis
1027 2193 1105 2250 quae
1129 2169 1148 2228 ia
1172 2170 1337 2253 prioribus

207 2295 213 2305 -
312 2251 749 2336 Episcoporurncircaseaus-
897 2253 1096 2336 Principibus
1117 2254 1201 2312 circa
1221 2251 1336 2312 Eccle-

314 2338 461 2396 teriorem
466 2336 660 2420 putaverint,
672 2333 750 2416 qnid
898 2336 1014 2394 siarum
1029 2336 1179 2394 utilitates
1195 2347 1267 2392 sunt
1279 2354 1336 2392 oe·-

212 2458 214 2462 ⁴
313 2417 464 2493 agendum
484 2419 533 2478 sit.
899 2415 1337 2498 &reatamtimmotaperma-

213 2497 282 2577 274.
311 2499 358 2560 De
372 2502 600 2582 conspiratione
614 2499 749 2560 Clerico·
897 2507 989 2558 neunt
1010 2518 1139 2582 semper.

315 2583 748 2658 runevelMonacborum,aut
797 2577 867 2642 288.
896 2581 943 2638 De
966 2583 1087 2660 integra
1109 2577 1315 2638 restitutione.

314 2663 490 2728 Laicorum.
798 2661 868 2744 289.
895 2661 943 2721 De
964 2663 1012 2721 lais
1028 2684 1106 2744 quae
1121 2663 1233 2720 iniuste
1247 2659 1337 2718 able-

214 2741 283 2823 275.
312 2745 360 2804 De
382 2749 430 2806 bis
445 2748 500 2828 qui
518 2767 568 2806 res
590 2745 748 2806 Ecclesiae
901 2759 932 2804 ta
951 2758 1033 2820 stent,
1046 2757 1079 2803 ut
1099 2746 1177 2802 iuste
1201 2740 1337 2818 Legibus

317 2827 449 2888 traditas
463 2828 671 2888 invaduntuel
680 2848 751 2888 nas·
901 2828 934 2886 in
949 2827 1101 2905 integrum
1123 2827 1340 2884 restituantur.

316 2922 393 2986 tant,
415 2923 468 2971 aut
489 2913 604 2990 absque
625 2910 751 2993 proprii
799 2925 869 2988 290.
907 2909 948 2969 Ut
961 2902 1337 2967 EcclesiarumoelCleri·

313 2991 464 3076 Episcopi
488 3013 637 3065 consensu
666 2991 751 3050 acci·
900 3011 1006 3050 corum
1020 2990 1157 3049 servosla
1174 2984 1337 3046 Iudicibns

313 3076 418 3156 pinnt,
441 3073 520 3158 quid
532 3073 684 3150 agendum
700 3074 751 3132 sit.
900 3093 963 3132 non
982 3071 1074 3132 liceat
1090 3071 1215 3130 vexari.

214 3152 283 3234 276.
312 3156 420 3216 Deliis
434 3179 512 3238 quae
524 3155 575 3214 die
593 3155 754 3216 dontinico
800 3173 869 3234 ²9¹·
904 3147 1342 3232 Uidecriminibusdefint'tis·

317 3241 367 3316 agi
389 3239 596 3321 probibentur
618 3237 665 3295 vel
675 3257 751 3320 per·
901 3231 1341 3317 nonliceatpostmodummo-

317 3322 490 3382 mittuntur.
774 3316 777 3324 '
902 3337 970 3376 vere
992 3329 1155 3376 certarnen.

216 3416 285 3480 277.
312 3401 361 3460 De
387 3403 435 3460 bis
457 3403 511 3482 qni
534 3413 603 3460 ante
618 3401 752 3484 finitum
802 3417 875 3479 292ι
903 3398 944 3459 Ut
959 3397 1047 3458 dotes
1066 3395 1278 3456 Ecclesiurum
1292 3395 1341 3452 si·-

316 3485 447 3544 Missam
460 3483 499 3542 de
512 3481 654 3544 Ecclesia
665 3503 753 3562 egre·
902 3480 967 3540 mul
991 3501 1060 3539 eum
1086 3480 1162 3561 ipsis
1188 3475 1345 3538 Ecclesiis

316 3563 352 3623 di
368 3576 578 3649 praesumunt.
903 3582 1025 3645 semper
1032 3560 1076 3622 ud
1082 3561 1207 3644 proprii
1211 3557 1343 3640 Episco-

215 3646 285 3725 278.
314 3648 362 3706 De
374 3651 484 3729 bisqui
493 3651 526 3706 in
535 3646 751 3707 Ecclesiacum
901 3646 938 3728 pi
950 3644 1127 3727 pertineant
1140 3640 1341 3722 disposition.

317 3732 412 3788 erneis
424 3734 542 3790 intrare
575 3743 753 3789 raesurnunt
803 3727 876 3811 295.
906 3725 946 3786 Ut
960 3724 1110 3807 Episcopi
1120 3741 1343 3804 semperprne-

215 3831 285 3892 279.
319 3811 361 3871 Ut
378 3812 468 3872 Laici
486 3813 519 3869 in
538 3750 681 3870 Ecclesia
702 3813 753 3870 in·
903 3808 1026 3866 uideant
1050 3805 1186 3886 qrcaliter
1213 3801 1342 3870 Iudices

309 3893 369 3974 fre
399 3894 552 3954 cancellos
580 3907 663 3954 ,stare
690 3915 754 3954 non
804 3923 806 3928 ¹
905 3911 972 3951 cum
1000 3889 1141 3948 omnibus
1170 3885 1232 3946 sibi
1256 3905 1343 3946 com-

315 3989 524 4058 praesumant.
622 4005 624 4012 ·
905 3971 1007 4032 missis
1030 3981 1131 4048 agunt.

217 4057 288 4120 280.
317 4060 364 4116 De
377 4059 424 4116 bis
436 4056 632 4139 quiSabbuto
646 4069 752 4118 sancto
803 4055 875 4140 294.
902 4056 950 4114 De
983 4051 1108 4110 deuotis
1140 4048 1345 4132 peccantibus

125 4135 128 4147 '
317 4139 456 4199 Pascleae
480 4139 557 4198 bora
580 4161 662 4202 nona
674 4141 753 4200 ieiu·
904 4157 967 4198 non
978 4131 1177 4216 recipiendis,
1197 4131 1259 4192 nisi
1272 4151 1346 4213 pce·

317 4223 403 4282 nium
422 4220 558 4285 solvunt.
646 4263 649 4272 .
690 4279 692 4284 ,
834 4252 837 4261 ·
905 4236 975 4282 care
992 4213 1154 4278 desierint.
1240 4285 1246 4295 .
