2926 4984
534 301 652 364 *LIBER
687 303 864 368 naturus
1175 287 1250 368 403

143 453 270 540 capitula
284 448 410 536 legibus
426 446 545 512 divinis
562 447 749 529 regulisque
772 446 936 510 canonicis
959 448 1157 510 concordare
1186 468 1252 508 non

149 541 290 622 ignorent.
330 529 441 594 Tertio
454 529 620 612 siquidem
639 531 671 588 in
695 530 819 607 libello,
839 542 910 612 post
922 529 1064 591 eiusdem
1083 531 1189 592 libelli
1205 553 1255 591 ca-

147 621 307 704 pitulorum
327 635 512 690 numerum,
539 612 696 694 quaedam
718 635 757 674 ex
778 615 954 674 canonibus
970 635 987 672 a
1005 613 1143 675 Paulino
1164 613 1256 694 Epis-

140 724 215 784 copo
235 709 265 760 et
279 698 397 758 Albino
413 696 561 778 magistro
578 694 779 776 reliquisque
804 696 943 758 iussione
959 695 1071 756 Karoli
1086 694 1258 757 invictissi-

142 786 181 843 mi
192 781 346 862 Principis
368 778 525 860 magistris
543 777 675 859 sparsim
691 779 826 838 collecta
848 789 922 840 sunt
950 777 1070 838 inserta
1090 777 1255 862 capitula;

142 865 366 946 etquibusdam
386 859 600 942 interpositis,
616 871 804 940 sequuntur
829 862 890 922 alia
913 861 1043 942 regulae
1063 860 1256 952 monasticae

141 945 356 1028 congruentia;
381 953 413 1004 et
438 942 566 1002 demum
583 963 619 1002 ea
645 963 726 1024 quae
753 954 953 1026 sequuntur,
984 943 1024 1004 ad
1043 953 1167 1004 sanctae
1193 943 1256 1034 Der

139 1029 293 1090 Ecclesiae
308 1046 538 1105 servorumque
556 1023 625 1085 eius
647 1035 741 1106 atque
759 1028 858 1088 totius
873 1025 1050 1088 Christiani
1070 1025 1181 1109 populi
1197 1032 1258 1082 uti-

140 1112 253 1170 litatem
263 1119 340 1172 sunt
355 1107 536 1190 conscripta
558 1107 715 1190 capitula,
737 1109 821 1170 sicut
843 1110 877 1169 in
909 1108 1023 1170 eodem
1048 1109 1258 1199 continentur

139 1194 252 1256 libello.
295 1192 468 1253 Precamur
486 1210 615 1271 quoque
632 1192 783 1254 Lectores
799 1214 926 1267 omnes,
948 1199 1145 1272 cunctosque
1162 1187 1257 1250 ludr-

133 1297 187 1336 ces
199 1283 229 1334 et
243 1273 402 1356 sapientes
415 1280 451 1330 ut
466 1292 531 1332 non
548 1293 584 1331 eu
600 1271 727 1333 sinistra
747 1271 1011 1358 interpretatione
1027 1273 1095 1333 ullo
1114 1289 1259 1353 unquam

132 1367 271 1440 tempore
296 1355 472 1438 dignentur
493 1374 666 1436 exponere,
688 1365 743 1415 aut
756 1374 949 1438 quemquam
962 1355 1080 1417 iniuste
1101 1353 1257 1429 indicare,

137 1442 186 1500 sel
204 1461 241 1499 eo
260 1439 350 1519 qnod
364 1458 429 1496 non
451 1435 515 1497 sint
529 1437 685 1517 quaedam
704 1460 745 1499 ex
765 1440 815 1501 his
832 1441 921 1500 iuxta
937 1439 1081 1520 regulam
1101 1457 1257 1520 gramma-

133 1521 212 1582 ticae
228 1521 304 1580 artis
322 1517 493 1600 composita
520 1518 771 1600 reprehendere-5
794 1522 851 1583 sed
877 1543 936 1605 pro
957 1521 1033 1602 ipsis
1053 1517 1259 1612 Principibus

139 1623 307 1683 eorumque
324 1611 355 1661 et
377 1609 503 1660 sanctae
519 1599 683 1662 Ecclesiae
705 1603 872 1681 fidelibus,
894 1603 949 1685 qui
969 1603 1050 1664 haec
1078 1603 1189 1663 eadem
1214 1622 1258 1661 ei-

139 1687 200 1744 mul
216 1684 349 1745 cumeis
365 1691 601 1760 tractaverunt,
625 1691 719 1764 atque
745 1708 803 1768 pro
832 1686 944 1764 nobis,
966 1685 1022 1766 qui
1048 1706 1084 1746 ea
1104 1683 1258 1763 colligere

141 1789 175 1828 ac
189 1765 367 1828 describere
382 1763 564 1825 'curavimus
580 1809 588 1840 ,
612 1786 701 1828 orare
722 1768 888 1845 studea-nt,
912 1776 944 1828 et
956 1767 1103 1828 iamdicta
1118 1765 1259 1847 capitula

137 1848 250 1930 pariter
268 1847 437 1907 nobiseum
464 1847 513 1905 illi
540 1848 711 1928 amplecti,
733 1851 899 1925 venerari,
921 1870 1044 1926 amare,
1068 1848 1258 1930 legibusque

140 1940 242 1990 tenere
259 1931 444 2005 decertent,
467 1939 628 1989 annuente
645 1931 805 2010 Domino,
828 1942 863 1992 ut
887 1953 996 2014 parem
1014 1951 1125 1993 omnes
1139 1950 1179 1992 ex
1195 1929 1259 1990 hoc

139 2011 316 2073 mercedem
331 2010 652 2074 haberemereamur.
695 2014 807 2075 Amen.
848 2017 952 2080 Fiuir.

237 2139 429 2196 INCIPIUNT
456 2140 592 2196 VERSUS
619 2143 666 2194 DE
692 2143 901 2197 PRAEDICTIS
920 2143 1150 2198 rmuclrlens.

270 2233 360 2286 Aurea
376 2233 533 2303 progenies,
553 2231 628 2286 ielici
644 2245 784 2290 stemmate
809 2237 931 2308 pollens,

312 2304 474 2356 Francorum
490 2301 573 2355 virtus
591 2316 804 2378 perpetuumque
821 2309 921 2373 decus,

274 2374 400 2443 Pippinus
416 2373 552 2444 quondam
567 2376 663 2426 micuit
685 2376 845 2441 sublimiter,
866 2388 950 2449 atque

312 2443 507 2494 Karlomannus
528 2460 606 2508 agens
619 2463 689 2516 quae
705 2448 831 2515 placuere
845 2449 915 2504 Deo.

278 2510 406 2564 Censores
425 2513 524 2564 etenim
538 2514 612 2576 veri,
631 2517 739 2584 pietatis
759 2535 865 2584 amore,

239 2613 242 2621 ,
315 2582 452 2634 Ecclesiae
471 2583 541 2647 leges
558 2584 698 2637 instituere
716 2605 811 2641 sacras.
899 2652 903 2657 .

278 2649 352 2718 Quas
367 2653 432 2703 dum
447 2652 534 2703 lector
551 2670 632 2706 ouans
644 2655 778 2726 descripta
792 2657 888 2724 legerit
901 2658 978 2721 istie,

316 2721 373 2773 Nec
387 2723 474 2773 minus
489 2732 517 2772 et
532 2722 591 2774 iura
605 2726 749 2793 posteriora
767 2727 845 2793 legat.

284 2791 354 2843 llinc
369 2791 465 2854 Caesar
481 2792 614 2856 Karolut,
635 2795 725 2848 divino
743 2813 854 2850 munere
867 2797 971 2860 fretus,

316 2860 449 2912 Nobiliter
461 2878 582 2929 proceres
597 2865 667 2916 rexit
682 2866 712 2916 in
728 2865 792 2920 orbe
805 2885 883 2920 suos:

278 2929 402 3000 Quorum
416 2940 521 2999 sceptra
544 2933 593 3002 piis
610 2952 664 2984 una
681 2936 833 2989 moderatus
845 2935 976 3001 habenis,

317 3001 481 3052 Cunctorum
499 3002 564 3053 uicit
577 3003 671 3055 inclita
686 3015 758 3069 gesta
772 3016 895 3078 patrum,

282 3071 420 3125 Virtutum
434 3073 541 3135 gemmis
556 3073 644 3126 David
659 3075 833 3148 reliquosque
850 3084 980 3140 secutus,

319 3140 420 3205 insigni
435 3139 504 3192 fama
520 3142 595 3192 fulsit
609 3142 710 3212 ubique
723 3145 773 3201 sui.

282 3210 356 3280 Quid
377 3225 520 3262 memorem
538 3212 636 3263 multas
651 3214 756 3266 domuit
770 3230 837 3285 quur
855 3214 975 3286 denique
990 3223 1099 3284 genten,

318 3279 339 3330 E
357 3276 416 3348 quis
432 3288 460 3330 et
476 3297 595 3333 remeans
611 3283 682 3334 clara
694 3283 821 3354 trophaea
835 3281 921 3337 tulit?

283 3349 340 3402 Nec
355 3348 470 3409 mirum,
489 3351 577 3406 coluit
594 3351 658 3404 dum
674 3355 748 3420 Regis
766 3355 836 3408 iussa
849 3356 974 3426 superni,

312 3419 470 3470 rDecernens
490 3421 587 3472 sanctis
611 3421 668 3474 iura
686 3424 805 3478 tenenda
824 3426 901 3492 viris,

284 3486 328 3539 Ob
349 3504 419 3558 quae
434 3491 580 3558 promeruit
595 3493 723 3545 coelestia
740 3497 869 3548 scandere
887 3511 980 3560 regne,

321 3557 383 3625 Qua
400 3575 510 3628 quoque
532 3562 652 3628 percepit
669 3567 785 3633 proemia
802 3566 960 3632 largetatis.

285 3625 355 3679 Inde
375 3626 560 3682 llludouvicus
575 3648 655 3697 regno
672 3637 802 3688 suecessit
820 3636 906 3697 avito,

317 3695 437 3748 Eximius
462 3699 605 3768 Princeps,
626 3702 703 3754 divus
718 3715 745 3756 et
761 3705 831 3757 orbis
849 3721 934 3773 apex:

284 3763 404 3831 Augusto
420 3765 502 3819 nituit
521 3769 570 3820 sub
588 3788 642 3840 quo
657 3773 799 3827 Germania
814 3775 909 3837 cultu,

319 3835 423 3885 Cultori
437 3837 559 3891 tribuens
580 3843 719 3894 commodo
736 3845 823 3897 inulta
842 3862 900 3899 suo.

284 3904 359 3956 Pacis
378 3916 479 3958 amarer
496 3909 570 3960 enim
589 3910 702 3973 Caesar,
721 3915 828 3983 pietatis
848 3924 876 3967 et
898 3912 1002 3976 dinae,

320 3974 464 4028 Consuluit
482 3979 607 4047 populis,
627 3981 754 4050 plebibus
767 3995 849 4054 atquc
869 3982 933 4036 suis.

286 4039 399 4095 Scilicet
413 4054 444 4095 ut
460 4047 561 4113 Regum
577 4067 706 4103 renovans
722 4055 824 4106 sancita
847 4055 978 4122 priorum,

320 4114 470 4166 Prudenter
494 4119 590 4170 titulos
612 4121 724 4174 adderet
738 4125 794 4193 ipse
817 4122 884 4193 pios.

283 4178 454 4253 Quapropter
467 4188 579 4240 moriens
599 4195 749 4259 penetravit
767 4195 852 4244 sidera
872 4191 958 4254 coeli,

321 4252 432 4315 Soluens
448 4259 585 4326 praecelso
603 4262 708 4314 cantica
723 4264 807 4332 digna
821 4263 889 4316 Deo.
