2948 4990
580 353 695 411 nean
725 357 883 414 sextus:
1216 333 1288 406 nat

150 489 300 551 ¹Scabinis
321 500 460 573 septem,
482 493 546 576 qui
565 494 604 555 ad
629 489 742 558 onmia⁴
759 491 874 579 placita
895 516 962 558 csse
986 491 1112 556 debent.
1177 491 1282 576 Sapra

153 572 223 637 Lib.
249 577 315 636 ΙΙΙ.
334 594 359 634 c.
375 577 426 650 4ο.
871 595 873 599 ·

415 683 463 742 De
471 681 569 763 salsis
589 687 716 748 testibus
737 707 799 748 non
820 649 1019 770 recipiendis.

239 784 441 853 CCXXXIX.
482 791 525 849 Ut
545 791 616 853 falsi
635 801 730 852 testes
748 791 879 852 minime
905 790 1111 874 recipiantur.
1135 789 1182 852 lb.
1201 787 1286 862 cili·

245 893 388 975 Qualiter
404 894 562 976 fidelibus
594 898 782 957 Christianis
820 899 938 958 incesta
959 895 1097 956 cavenda
1119 897 1190 973 sint.

204 1035 207 1041 ·
239 997 361 1062 CCXL.
402 999 529 1061 Placuit
567 1012 604 1063 ut
638 1002 749 1064 fideles
784 1011 958 1084 agnoscant
995 999 1136 1082 qualiter
1168 999 1289 1060 incesta

153 1080 349 1141 Christianis
371 1085 513 1143 cavenda
529 1085 613 1162 sint,
637 1094 668 1146 et
685 1086 772 1166 quod
794 1085 864 1145 loca
882 1087 952 1144 Deo
978 1084 1080 1143 dicata
1099 1082 1288 1162 frequenti·
1351 1101 1353 1106 ·

157 1185 195 1234 us
214 1162 426 1250 devotiusque
456 1167 496 1226 ad
516 1169 621 1228 Deum
644 1165 859 1242 exorandum,
887 1167 1012 1246 sibique
1043 1163 1218 1246 propitium
1244 1166 1288 1222 ia-

158 1246 322 1319 ciendum,
345 1247 470 1327 saepius
494 1271 590 1332 quam
616 1249 771 1311 hactenus
798 1251 966 1325 fecissent,
992 1249 1223 1326 frequentent;
1257 1255 1289 1308 et

157 1328 246 1408 quod
264 1331 297 1386 in
316 1328 454 1391 basilicis
468 1335 537 1392 Deo
555 1333 666 1394 dicatis
683 1355 746 1393 non
772 1334 813 1394 sit
836 1332 952 1392 fabulis
973 1327 1100 1402 otiosis,
1127 1327 1288 1408 turpibus-

157 1429 222 1490 que
235 1420 279 1470 ·et
300 1411 467 1473 obscoenis
491 1415 813 1476 sermocinationibus
831 1414 1018 1486 vacandum,
1041 1419 1073 1472 et
1094 1410 1223 1492 negotia
1240 1429 1289 1469 se*
1336 1440 1343 1467 t

157 1491 491 1576 culariapublicaque
508 1498 625 1578 placita
649 1497 815 1566 babenda;
846 1506 879 1557 et
899 1496 987 1576 quod
1009 1493 1045 1552 bi
1063 1491 1120 1572 qui
1150 1491 1229 1552 haec
1252 1490 1285 1550 in

158 1574 315 1637 Ecclesiis
336 1576 472 1654 faciunt,
494 1580 613 1640 maiora
632 1581 693 1642 sibi
710 1588 838 1662 peccata
854 1578 1067 1656 accumulent,

431 1687 479 1745 De
499 1709 562 1748 non
573 1688 708 1748 iurando
721 1709 782 1771 per-
794 1689 885 1749 vitam
905 1687 1005 1764 Regis.

241 1751 379 1856 CCXLI.
419 1794 462 1852 Ut
476 1793 585 1854 nullus
603 1804 783 1876 praesumat
797 1815 855 1876 per
875 1791 971 1853 vitam
988 1790 1083 1871 Regis
1098 1799 1131 1849 et
1144 1786 1284 1847 filiorum

158 1873 228 1933 eins
250 1873 367 1948 iurare,
410 1873 494 1935 Ibid.
516 1896 542 1934 c.
565 1877 615 1950 42.

184 1976 226 2038 Ut
245 1979 336 2039 Misst
359 2001 422 2040 non
440 1980 540 2039 solnm
557 1979 597 2039 de
620 1981 874 2057 adnuntiatione,
895 1980 954 2040 sed
977 1981 1071 2038 etiam
1089 1975 1128 2036 cle
1147 1994 1260 2056 opere,

466 2109 468 2114 .
579 2063 684 2123 breves
705 2062 851 2144 afferant.

242 2166 396 2228 CCXLll.
438 2167 479 2227 Ut
491 2166 578 2228 Missi
601 2168 719 2244 nostii,
742 2167 798 2248 qui
820 2167 883 2227 iam
902 2169 1015 2229 breves
1030 2141 1219 2227 detulerunt
1243 2161 1282 2222 de

159 2249 416 2326 adnuntiatione,
439 2249 544 2310 adhuc
569 2249 729 2311 adducant
745 2259 777 2310 et
800 2250 839 2312 dc
866 2271 972 2333 opere.
1014 2249 1095 2330 App.
1118 2250 1164 2310 ΙΙ.
1186 2266 1212 2304 c.
1232 2265 1262 2326 9.

161 2353 201 2416 Ut
228 2356 330 2416 nallns
352 2368 534 2440 praesumat
560 2356 734 2454 teloneum,
766 2354 967 2424 rodaticum,
1000 2366 1031 2412 et
1052 2351 1282 2434 pulveraticum

645 2458 793 2523 recipere,

237 2510 406 2607 cnxmn.
448 2545 491 2604 Ut
509 2543 618 2604 nullus
638 2543 734 2623 homo
750 2551 930 2624 praesumat
942 2542 1108 2601 teloneum
1128 2557 1187 2618 per
1204 2537 1281 2614 vias,

156 2648 217 2689 uec
240 2649 299 2710 per
320 2625 412 2687 villas
436 2625 626 2703 rodaticum,
650 2645 710 2687 nec
729 2621 966 2707 pulveraticum
987 2622 1144 2703 recipere.

411 2729 453 2791 Ut
472 2731 600 2792 Fideles
626 2734 712 2792 insta
733 2729 852 2791 indicia
869 2729 1017 2789 iudicent.

237 2837 406 2902 CCXLlV.
448 2835 576 2898 Placuit
596 2845 632 2897 ut
656 2834 787 2897 Fideles
815 2835 897 2896 iusta
928 2828 1047 2895 iudicia
1076 2831 1231 2908 iudicent,
1254 2842 1285 2891 et

154 2942 288 2981 munera
303 2942 360 3002 pro
379 2918 441 2981 hoc
465 2941 530 2980 uon
548 2919 718 3002 accipiant,
742 2929 774 2978 et
797 2927 833 2978 ut
857 2919 973 2978 falsum
992 2913 1212 2977 testimonium
1236 2913 1285 2973 vi-

152 3012 235 3078 tent,
258 3012 290 3062 et
311 3005 328 3062 a
354 3002 551 3062 detractione
575 3025 607 3064 se
629 3000 821 3076 abstineant,
845 3021 971 3062 necnon
995 3002 1013 3060 al
1036 2995 1169 3058 caeteris
1194 2995 1285 3056 malis

82 3161 84 3168 ,
153 3106 236 3168 quac
262 3085 394 3168 longum
419 3093 466 3144 est
486 3084 697 3145 dinumerare.

363 3190 404 3252 Ut
422 3189 581 3251 Ecclesiae
600 3201 705 3250 earnm
720 3191 873 3248 iustitiam
896 3180 1064 3249 obtineant

200 3313 206 3322 ‘
236 3297 387 3358 CCXLV.
430 3295 469 3355 ln
497 3296 607 3378 primis
634 3295 778 3357 omnium
805 3289 983 3355 iubendum
1011 3304 1058 3355 est
1089 3303 1125 3352 ut
1147 3292 1286 3353 babeant

152 3379 317 3440 Ecclesiae
336 3399 445 3438 earnm
467 3377 622 3456 iustitias,
646 3386 678 3440 et
704 3378 737 3438 in
762 3375 828 3438 vita
851 3377 983 3438 illorum
1005 3375 1062 3457 qui
1085 3375 1232 3436 habitant
1251 3376 1283 3434 in

152 3461 230 3542 ipsis
256 3460 426 3536 Ecclesiis,
450 3468 591 3542 etpost,
614 3471 679 3522 tam
703 3459 735 3520 in
752 3459 1013 3544 pecuniis'quam
1033 3469 1064 3519 et
1082 3459 1121 3518 in
1137 3457 1285 3520 substan-

152 3545 205 3605 tiis
226 3566 345 3606 earum.
390 3542 525 3626 Capital.
546 3539 607 3605 IV.
630 3569 658 3604 a.
680 3543 751 3606 806.
773 3565 800 3603 c.
826 3565 851 3602 1.

156 3674 197 3734 Ut
214 3673 579 3757 potestatemepiscopi
602 3676 707 3733 oinnes
727 3671 916 3752 intelligant,
941 3687 971 3732 et
991 3675 1188 3730 instruantur
1207 3691 1285 3750 qua-

156 3757 230 3816 liter
252 3759 319 3818 sine
338 3755 508 3816 secandam
527 3758 728 3826 canonicam,
751 3756 814 3814 siae
834 3755 1003 3816 secundnm
1018 3754 1221 3813 monasticam
1240 3770 1297 3808 ree

495 3838 616 3916 galam,
639 3839 683 3896 eis
702 3836 870 3897 vivendum
889 3839 939 3901 sit.

233 3945 398 4008 CCXLVI.
442 3944 483 4001 Ut
502 3963 611 4002 omncs
632 3939 784 4023 Episcopi
807 3947 997 4022 potestatem
1020 3937 1230 4022 intellegant,
1254 3951 1286 4000 et

150 4027 353 4086 instruantur
377 4033 413 4086 ut
433 4024 486 4085 vel
507 4023 686 4085 secundum
711 4022 910 4100 canonicam,
935 4023 990 4084 vel
1013 4020 1190 4084 secundum
1216 4044 1285 4081 mo·

150 4108 304 4168 nastioam
323 4106 469 4189 regulam
485 4115 640 4188 regantur
663 4125 775 4166 eorum
798 4105 989 4178 ministerio,
1012 4114 1076 4164 tam
1103 4100 1138 4164 in
1159 4119 1285 4175 monas-

149 4189 241 4250 teriis
266 4189 410 4252 virorum
433 4204 529 4270 quam
547 4196 581 4250 et
601 4187 634 4248 in
656 4187 849 4268 puellarum,
873 4188 956 4248 etin
978 4184 1162 4250 forensibus
1189 4187 1285 4264 Eres-

149 4271 282 4354 bytcris,
305 4294 361 4334 seu
377 4271 506 4354 reliquo
527 4270 649 4355 populo
673 4269 744 4335 Dei.
787 4268 870 4330 laid.
893 4290 918 4330 c.
942 4291 968 4334 a.
