2910 4986
186 321 259 396 tlt
340 323 342 332 ’
522 422 528 431 Ι
610 343 898 402 carnumtuun

180 479 221 544 ad
247 481 420 544 clericatus
451 477 591 543 officium
620 484 690 544 sine
714 481 836 546 domini
864 488 914 548 sui
944 489 1110 553 voluntate
1131 512 1325 574 promovere

179 575 370 650 praesumat.
389 567 433 626 Et
450 565 513 626 hoc
532 569 719 648 stssgrense
738 564 925 632 Concilium
941 571 1101 653 prohihet.
1128 573 1212 639 tttd.
1230 597 1257 640 e.
1271 575 1323 640 56.

343 671 399 735 De
420 671 646 732 Sacerdotibus
669 687 778 735 contra
798 675 970 736 decretalia
991 680 1161 758 agentibus

257 777 349 844 LVI.
386 779 473 839 'ltcm
494 778 656 856 eiusdem,
681 789 717 840 ut
733 780 760 840 si
785 781 858 864 quis
881 783 1090 847 Sacerdotum
1112 795 1222 846 contra
1239 809 1348 851 coss-.

179 863 290 923 stituta
318 861 493 922 decretalia
520 863 773 944 praesumptiose
806 882 903 947 agens
932 870 1058 952 corrigi-V
1078 869 1246 947 noluerit,
1280 871 1321 929 ab

181 945 285 1007 officio
301 966 359 1006 suo
374 944 615 1005 submoveatur.
658 945 737 1007 Jtid
750 968 776 1011 c.
797 947 845 1028 57.

433 1051 489 1113 De
508 1051 617 1112 uiduis
628 1096 641 1123 ,
661 1052 681 1110 ia
698 1053 809 1135 quibus
824 1075 887 1114 non
903 1057 1057 1122 velentur.

259 1147 357 1224 LVII.
401 1158 438 1216 Iu
463 1154 602 1216 decretis
626 1155 747 1217 Gelasii
772 1157 901 1240 Papae,
932 1162 969 1221 ut
999 1163 1110 1226 nullus
1136 1165 1318 1250 Episcopus

177 1243 294 1307 viduas
309 1241 418 1304 velare
432 1239 631 1321 praesumat.
673 1238 757 1303 laid.
777 1259 804 1300 e.
826 1241 876 1304 58.

342 1349 397 1408 De
416 1341 493 1428 fide
516 1343 672 1404 eatlsolica
696 1357 726 1404 et
747 1349 852 1430 primo
873 1364 1042 1434 praecepto
1064 1353 1151 1432 legis,

259 1451 373 1517 LVIII,
414 1450 524 1511 Primo
547 1449 692 1508 omnium
715 1451 923 1515 admonemus
946 1465 982 1515 ut
998 1457 1077 1518 fides
1100 1460 1256 1520 catholica
1276 1461 1316 1520 ab

177 1537 344 1620 Episcopis
373 1543 405 1594 et
430 1532 827 1626 Presbyterisldiligenter
848 1535 990 1618 legatur,
1017 1542 1169 1624 omnique
1190 1543 1314 1624 populo

176 1619 397 1703 praedicetur;
420 1616 496 1697 quia
516 1615 579 1675 hoc
597 1635 738 1696 primum
755 1628 961 1700 praeceptum
976 1622 1107 1682 Domini
1122 1625 1183 1685 Dei
1204 1626 1312 1684 omni-

177 1702 321 1785 potentis·
338 1707 384 1760 est
401 1700 434 1760 iu
451 1701 557 1779 Lege:
576 1696 684 1769 Audi,
711 1700 833 1771 Israel,
860 1704 935 1781 quia
957 1703 1113 1764 Dominus
1131 1709 1223 1768 Deus
1242 1720 1313 1766 terres

59 1825 67 1852 a
177 1806 255 1844 nisus
274 1796 341 1844 est:
363 1792 395 1841 et
414 1790 451 1840 ut
466 1780 521 1840 ille
540 1780 692 1861 diligatur
713 1801 753 1840 ex
771 1784 969 1861 totocorde,
995 1794 1026 1845 et
1047 1808 1087 1846 ex
1105 1796 1172 1849 tota
1190 1797 1311 1868 mente,

177 1877 210 1929 et
229 1889 269 1928 ex
288 1875 353 1926 tota
373 1864 496 1940 anima,
520 1871 550 1922 et
568 1883 609 1922 ex
625 1871 691 1923 tota
707 1863 839 1925 virtute.
881 1866 965 1933 laid.
982 1888 1007 1932 c.
1026 1868 1075 1950 59.

328 1977 329 1980 ’
452 1972 507 2032 De
529 1990 607 2051 pace
629 1983 659 2028 et
678 1968 848 2030 concordia
867 1973 1035 2038 seruanda.

258 2077 347 2144 LlX.
390 2081 432 2138 [u
452 2097 515 2159 pax
537 2076 578 2136 sit
598 2085 629 2134 et
652 2075 826 2136 concordia
850 2087 881 2137 et
903 2079 1095 2144 unanimitas
1120 2103 1193 2142 cnm
1220 2083 1309 2142 omni
1374 2090 1379 2098 '

175 2163 298 2246 populo
323 2161 529 2235 Christiano,
562 2157 648 2218 inter
669 2159 864 2240 Episcopus,
893 2160 1047 2240 Abbates,
1068 2165 1227 2242 Comites,
1251 2167 1308 2224 Iu-

177 2246 285 2322 dices,
313 2253 345 2304 et
372 2263 482 2304 omnes
503 2241 624 2321 ubique
647 2261 705 2300 scu
729 2241 864 2303 maiores
890 2264 948 2303 seu
966 2245 1111 2306 minores
1133 2267 1307 2328 personas:

176 2329 254 2411 quia
271 2326 354 2386 nihil
368 2327 438 2386 Deo
458 2323 527 2384 sine
540 2343 619 2405 pace
634 2323 758 2403 placet,
781 2345 842 2384 nec
854 2347 972 2386 munus
990 2335 1116 2388 sanctae
1138 2330 1309 2390 oblationis

177 2410 347 2486 adultere,
364 2409 448 2468 sicut
461 2406 494 2464 in
509 2405 676 2486 evangelio
693 2405 761 2486 ipso
773 2406 911 2468 Domino
926 2411 1146 2490 praecipiente
1162 2411 1308 2494 legimus.

175 2495 219 2556 Et
229 2501 266 2552 ut
280 2502 327 2553 est
339 2490 422 2550 illud
439 2489 617 2551 secundum
629 2488 859 2570 mandatumin
873 2491 975 2571 Lege:
991 2493 1112 2569 Diliges
1124 2496 1310 2575 proximum

177 2590 264 2636 tuum
275 2572 355 2634 sicut
369 2587 397 2632 te
409 2576 520 2656 ipsum.
536 2572 616 2631 Item
628 2569 661 2628 iu
675 2570 869 2651 Evangelio:
889 2572 979 2630 Beati
992 2571 1142 2658 pacifici,
1161 2577 1311 2655 quoniam

166 2656 241 2743 filii
260 2659 327 2720 Dei
345 2657 549 2718 vocabuntur,
565 2653 608 2712 Et
624 2652 758 2711 iterum:
780 2653 820 2711 In
836 2655 894 2712 troc
906 2668 1092 2732 cognoscent
1105 2679 1210 2716 onmes
1232 2659 1309 2738 qssia

176 2742 238 2800 mei
263 2733 414 2822 discipuli
434 2739 532 2807 estis,
557 2738 584 2794 si
605 2734 805 2794 dilectionem
826 2735 998 2796 habueritis
1021 2737 1065 2796 ad
1085 2740 1230 2804 inuicem,
1273 2740 1311 2797 In

147 2831 150 2836 '
175 2823 239 2884 hoc
260 2823 347 2885 enirn
367 2828 538 2916 praecepto
561 2817 791 2878 discernuntur
805 2817 867 2876 -filii
878 2815 940 2876 Dei
956 2828 988 2893 ct
1003 2819 1062 2878 filii
1080 2820 1218 2897 diaboli,
1234 2821 1312 2901 quia

176 2906 236 2966 filii
257 2904 378 2965 diaboh
397 2923 523 2985 semper
545 2899 760 2960 dissensiones
775 2909 807 2959 et
820 2899 995 2962 discordias
1010 2923 1138 2962 movere
1153 2911 1310 2985 satagunt,

176 2987 236 3049 filii
253 2997 361 3048 autem
381 2987 443 3047 Dei
466 3004 591 3067 semper
606 2982 677 3064 paci
695 2989 726 3041 et
743 2981 911 3042 dilectioni
932 2985 1071 3045 student.
1111 2985 1193 3050 Ibid.
1213 3007 1239 3050 c.
1259 2985 1309 3058 60.

626 3088 674 3146 De
692 3084 865 3150 [adtritas.

260 3199 330 3265 LX.
373 3200 416 3257 Ut
436 3195 554 3277 quihus
580 3192 651 3252 data
676 3200 724 3253 est
746 3198 886 3274 potestus
907 3191 1093 3272 iudicandi,
1112 3191 1200 3258 'iuste
1221 3197 1308 3256 iudi.

179 3294 270 3361 cent,
291 3284 374 3342 sicut
394 3280 630 3362 scriptumest:
660 3272 745 3335 Iusti
760 3272 898 3335 iudicate
908 3319 921 3346 ,
934 3273 1009 3357 filit
1026 3278 1193 3343 tantinum.
1235 3281 1306 3339 Non

179 3368 213 3426 in
241 3363 449 3439 mutieribus,
472 3359 548 3441 quia
567 3378 700 3418 munera
723 3366 898 3416 excoecant
919 3357 1016 3416 corda
1038 3361 1250 3440 prudentium
1274 3372 1306 3422 et

178 3450 370 3510 subvertunt
392 3443 489 3506 verba
507 3442 672 3502 iustorum.
714 3439 786 3497 Non
809 3438 842 3497 in
867 3438 1067 3516 adulatione,
1096 3444 1207 3503 necin
1228 3465 1307 3503 con.

178 3530 373 3594 sideratione
388 3545 561 3610 personae,
573 3522 657 3583 sicut
673 3521 706 3578 in
724 3522 977 3583 Deuteronomio
995 3521 1190 3584 dictumest:
1215 3523 1311 3607 Quod

90 3660 102 3677 ,·
178 3609 510 3674 iustnmestindicute.
554 3603 879 3673 sinemurensem,
907 3606 973 3662 siue
989 3608 1192 3687 peregrinus,
1220 3608 1309 3665 realta

8 3738 16 3748 =·
86 3750 88 3756 .
127 3709 130 3714 '
180 3699 221 3756 sit
237 3695 388 3755 distantia
431 3687 718 3768 ersonarum;qnin
732 3685 794 3743 Dei
806 3685 957 3746 iudicium
971 3700 1025 3750 est.
1047 3688 1154 3748 Primo
1170 3709 1308 3770 namque

179 3780 214 3837 iu
230 3777 351 3838 iudicio
373 3713 549 3854 diligenter
567 3768 768 3828 discernatur
783 3767 836 3827 lex
851 3768 868 3826 is
884 3769 1080 3849 sapientibus
1095 3793 1159 3854 pop
1186 3771 1210 3831 li
1226 3793 1309 3832 com·
1339 3802 1340 3806 ,

178 3860 298 3943 posita,
326 3880 366 3919 ue
388 3877 447 3938 per
465 3851 707 3936 ignorantiama
728 3849 781 3910 via
800 3849 945 3911 veritatis
964 3863 1057 3913 erret.
1098 3855 1140 3913 Et
1161 3793 1309 3914 dumille

178 3936 488 4018 rectumintellegit
516 3933 690 4008 iudicium,
714 3941 887 4012 caveatnc
909 3933 1053 3995 declinet
1072 3945 1128 3995 aut
1145 3959 1205 4018 per
1227 3937 1309 3996 adu-

179 4027 333 4086 lationem
347 4022 548 4103 aliquorum,
566 4025 620 4076 aut
636 4035 697 4098 per
720 4032 859 4080 umorem
869 4015 1043 4077 cuiuslibet
1053 4018 1164 4096 amici,
1185 4029 1239 4078 unt
1251 4039 1310 4100 pcr

8 4131 9 4138 ¹
81 4175 88 4192 Ι
146 4104 475 4169 .timoremalicuius
487 4099 645 4183 potentis,
668 4107 723 4158 aut
740 4105 872 4178 propter
892 4099 1085 4178 praemium,
1110 4102 1235 4162 alrccto
1255 4103 1306 4158 iu-

180 4191 275 4253 dicio.
311 4191 447 4249 Rectum
468 4191 628 4243 autemet
650 4180 820 4240 honestum
841 4179 970 4242 videtur
989 4191 1025 4243 ut
1050 4183 1175 4246 Iudices
1203 4181 1307 4244 ieiuni

81 4271 86 4284 '
181 4293 290 4335 causas
308 4269 439 4336 audiunt
457 4277 488 4328 et
509 4265 701 4327 discernunt.
734 4260 816 4326 Ibid,
836 4282 862 4328 c,
877 4261 926 4323 δι.
