2910 4986
171 258 250 338 448
325 237 328 246 ⁴
548 326 551 332 ,
592 277 883 347 carnucsuuun

105 415 106 420 ¹
171 423 222 482 De
243 421 302 482 boc
324 429 358 479 ot
377 413 417 480 ab
438 415 644 492 incestuosis,
666 433 697 480 et
716 420 755 482 ab
777 421 825 480 bis
846 421 903 505 qui
923 417 1060 482 decimus
1075 437 1138 481 non
1152 415 1251 492 dant,
1275 429 1309 483 et

121 567 124 574 ,
212 501 442 577 bPrcsbyteris
457 501 648 580 negligenter
669 495 849 564 uiuentibus
866 503 971 564 wadii
985 524 1048 563 non
1061 503 1266 644 accipiantur.

254 585 402 648 XXXIX.
444 583 576 644 Dictum
593 583 897 665 estnobisquodin
913 584 1103 667 quibusdam
1136 583 1310 667 ocisEpis·

173 666 246 751 copi
261 676 293 728 et
307 666 448 727 Comites
463 666 501 728 ab
519 666 725 744 incestuosis,
740 675 772 727 et
785 668 824 729 ab
839 667 889 728 his
906 668 963 748 qui
981 663 1121 728 decimas
1135 687 1200 726 non
1217 666 1307 743 dant,

172 749 292 826 wadios
313 747 489 830 accipiant,
512 758 545 808 et
557 750 575 809 d
588 748 787 831 Presbyterjs
800 771 858 833 pro
877 751 1070 831 quibusdam
1087 748 1308 830 negligentiis,

174 842 207 894 et
224 832 310 892 inter
327 852 360 892 se
381 830 553 912 pecuniam
578 830 733 892 dividant
777 832 875 912 Quod
886 832 1012 913 penitus
1033 831 1229 892 abolendum
1248 831 1310 892 de-

173 914 352 989 crevimus,
376 935 417 973 ne
438 912 522 974 forte
544 913 692 974 avaritiae
709 915 799 979 locus
821 915 925 975 detur.
967 916 1008 976 Et
1028 913 1252 976 constituimus
1271 921 1310 973 ut

173 996 350 1058 incestuosi
370 995 458 1055 iuxtb
476 995 663 1056 canonicam
684 995 1098 1079 sententiam'poenitentia
1116 996 1309 1060 multentur.

173 1078 246 1157 Qui,
259 1100 335 1140 vero
355 1079 494 1138 decimas
518 1087 589 1160 post
608 1077 815 1141 creberrimas
840 1079 1074 1140 admonitiones
1095 1089 1128 1139 ct
1144 1078 1310 1160 praedica·

172 1163 279 1223 tiones
297 1160 506 1221 Sacerdotem
529 1161 604 1221 dare
628 1161 850 1243 neglexerint,
873 1160 1205 1224 excommunicentur.
1249 1161 1310 1221 lu-

171 1252 318 1338 ramento
351 1237 430 1305 ve'ro
464 1264 517 1304 eos
542 1244 730 1326 ,constringi
759 1247 928 1324 nolumus,
959 1254 1092 1328 propter
1124 1243 1310 1326 periculum

171 1326 319 1409 periurii.
379 1351 382 1356 ·

172 1433 222 1504 De
247 1431 436 1492 discretione
458 1432 491 1490 in
512 1433 656 1512 corporis
682 1446 713 1493 et
737 1434 898 1513 sanguinis
927 1431 1079 1494 dominici
1095 1433 1309 1528 perceptione.

255 1515 321 1579 XL.
363 1513 402 1572 ln
418 1514 625 1595 perceptione
643 1515 784 1598 corporis
797 1523 829 1576 et
846 1515 1010 1598 sanguinis
1024 1515 1178 1576 dominici
1195 1531 1312 1607 magua
1388 1577 1390 1582 Ι
1445 1508 1446 1545 ss

173 1595 325 1658 discretio
339 1595 521 1656 adhibenda
537 1605 591 1660 est.
635 1599 822 1658 Cavendum
843 1607 891 1658 est
913 1597 1000 1656 enim
1018 1619 1059 1657 ne
1076 1598 1103 1658 si
1122 1598 1259 1658 nimium
1272 1615 1309 1654 ιιι

172 1679 308 1760 longum
322 1677 740 1757 differatur,adperniciem
754 1681 876 1740 animae
893 1679 1071 1760 pertineat,
1095 1679 1225 1742 dicente
1242 1681 1310 1739 Do·

172 1763 279 1822 mino:
302 1757 658 1819 Nisi‘manducuveritis
677 1760 881 1846 carncmfiiii
898 1763 1052 1832 bominiS,
1074 1775 1112 1833 et¹
1124 1763 1310 1841 sanguinem

173 1845 240 1906 eius
258 1843 421 1913 biberitis,
444 1862 508 1902 non
528 1841 680 1903 babebitis
698 1846 796 1903 citam
815 1846 848 1903 in
862 1845 961 1904 cobis.
990 1842 1024 1903 Si
1042 1865 1121 1904 vero
1137 1839 1312 1904 indiscrete

174 1924 353 2007 accipiatur
364 1970 371 2001 ‚
381 1990 383 1994 ,
393 1923 574 1984 timendum
589 1934 636 1985 est
654 1925 737 1986 illud
758 1926 846 2008 quod
862 1926 907 1986 ait
922 1923 1114 2008 Apostolus:
1139 1927 1203 2009 Qui
1217 1945 1312 1984 muu-

174 2007 270 2070 ducat
289 2018 318 2066 ct
337 2007 416 2068 bibit
431 2004 581 2084 indigni,
602 2007 755 2068 iudicium
773 2010 834 2069 sibi
847 2006 1015 2068 manducat
1035 2021 1065 2068 ct
1078 2009 1165 2070 bibit.
1213 2003 1309 2066 tuxia

174 2089 322 2152 eiusdem
340 2109 417 2170 ergo
441 2086 586 2168 Apostoli
617 2089 845 2150 documentum
865 2090 1000 2172 probare
1020 2111 1053 2150 se
1078 2090 1171 2150 debet
1190 2089 1312 2164 homo,

175 2180 209 2232 et
228 2171 274 2231 sic
291 2172 330 2231 de
348 2191 430 2252 pane
449 2169 507 2228 illo
523 2170 733 2249 manducare,
749 2183 779 2233 et
794 2173 833 2233 de
849 2172 947 2233 calice
961 2170 1087 2249 bibere,
1104 2181 1140 2232 ut
1150 2170 1313 2252 'videlieet

174 2253 337 2314 abstinens
359 2253 485 2333 aliquot
504 2251 618 2314 diebus
639 2255 677 2313 ab
691 2254 841 2335 operibus
861 2253 981 2329 carnis,
1006 2264 1037 2314 et
1054 2253 1226 2338 purificans
1242 2272 1314 2313 cor-

174 2357 235 2419 pus
257 2336 459 2416 animamque
482 2356 590 2410 suam,
614 2346 782 2416 praeparet
800 2359 833 2398 se
856 2337 897 2396 ad
914 2336 1160 2418 percipiendum
1182 2345 1312 2396 tantum

154 2427 429 2494 sacramentum,
453 2417 601 2497 exemplo
625 2419 747 2494 David,
779 2419 836 2502 qui
860 2418 922 2480 nisi
946 2439 979 2478 se
1004 2420 1168 2485 confessus
1194 2417 1312 2477 fuisset

176 2500 366 2572 abstinuisse
390 2501 428 2558 ab
450 2519 546 2581 opere
569 2499 791 2582 coniugaliab
810 2500 881 2562 heri
902 2509 934 2561 et
952 2501 1069 2562 nudius
1094 2501 1229 2578 tertius,
1249 2519 1313 2560 ne·
1338 2503 1339 2506 ’

176 2603 339 2667 quaquam
358 2603 457 2664 panes
481 2581 709 2663 propositionis
730 2584 747 2643 t
767 2584 940 2644 Sacerdote
962 2585 1146 2666 accepisset.

218 2689 267 2750 De
289 2689 465 2749 bominibus
487 2683 680 2746 diuersurum
706 2688 940 2761 conditionum,
965 2700 996 2748 et
1017 2687 1057 2750 de
1078 2692 1127 2750 bis
1148 2689 1203 2773 qui
1224 2689 1270 2748 eis

179 2777 183 2785 '
304 2792 305 2795 ¹
418 2834 420 2838 ι
627 2772 768 2853 praelati
787 2783 868 2831 sunt.

259 2853 343 2916 XLI.
386 2849 470 2929 Quia
495 2861 571 2934 ergo
595 2862 717 2919 constat
738 2853 770 2911 in
797 2851 943 2915 Ecclesia
970 2853 1167 2914 diversarum
1193 2849 1311 2928 condi-=

177 2938 304 3002 tionum
322 2935 469 2994 homines
496 2955 582 3010 esse,
605 2943 641 2993 ut
656 2935 719 2995 sint
736 2935 860 2996 nobiles
881 2945 912 2995 et
933 2935 1107 3018 ignobiles,
1129 2935 1229 3012 servi,
1253 2929 1311 2994 co-‘

177 3022 268 3096 loni,
298 3017 472 3097 inquilini,
503 3025 534 3077 et
560 3025 689 3081 ,caetera
722 3017 944 3078 huiuscemodi
972 3019 1096 3095 omnia,
1126 3025 1253 3099 oportet
1274 3023 1313 3075 ut

178 3105 366 3184 quicunque
386 3098 431 3158 eis
448 3098 583 3181 praelati
601 3108 697 3176 sunt,
724 3100 790 3160 sire
812 3099 932 3161 Clerici
955 3100 1022 3162 sive
1042 3101 1147 3178 Laici,
1170 3101 1312 3160 clemen·

178 3194 235 3252 ter¹
248 3203 322 3262 erga
344 3201 397 3240 eos
422 3190 535 3262 agant,
567 3189 600 3240 et
631 3181 881 3244 misericorditer
908 3203 962 3243 eos
988 3192 1145 3260 tractent,
1179 3181 1246 3242 sive
1276 3180 1311 3238 in

180 3262 348 3346 exigendis
360 3264 398 3322 ab
415 3264 460 3323 eis
473 3263 643 3344 operibus,
658 3265 723 3325 sive
735 3264 768 3322 in
779 3264 974 3346 accipiendis
989 3266 1116 3326 tributis
1130 3274 1165 3326 et
1180 3263 1313 3344 quibus·

179 3349 252 3408 dam
268 3345 393 3405 debitis.
408 3344 581 3426 Sciantque
596 3366 648 3406 eos
663 3348 775 3407 fratres
791 3368 863 3407 suos
879 3367 957 3423 esse,
976 3357 1008 3409 et
1021 3370 1122 3406 unum
1136 3368 1245 3407 secum
1259 3366 1314 3424 pa-

179 3439 262 3490 trem
272 3425 390 3486 habere
404 3429 526 3502 Deum,
536 3427 589 3488 cui
608 3428 763 3488 clamant:
781 3431 879 3488 Pater
890 3443 1013 3506 noster,
1035 3431 1089 3511 qui
1103 3451 1135 3488 es
1148 3430 1182 3487 in
1195 3429 1291 3490 coelis
1299 3451 1312 3494 ;

179 3521 212 3573 et
226 3531 322 3571 unam
334 3518 465 3567 matrem
479 3519 618 3568 sanctam
631 3511 827 3586 Ecclesiam,
851 3531 932 3592 quae
953 3533 1007 3572 eos
1024 3511 1213 3570 intemerato
1229 3507 1313 3570 sacri

178 3595 279 3654 fontis
293 3601 384 3651 utero
400 3590 510 3672 gignit.
531 3591 712 3672 Disciplina
726 3592 1187 3674 igitureismisericordissima
1204 3601 1235 3664 et
1256 3613 1313 3674 gu·

177 3674 326 3752 bernatio
345 3681 524 3754 opportuna
537 3672 719 3734 adhibenda
731 3685 793 3752 est,
817 3675 997 3756 disciplina,
1014 3697 1054 3737 ne
1073 3672 1313 3755 indisciplinate

179 3758 321 3820 vivendo
332 3764 495 3816 auctorem
505 3776 598 3815 suum
609 3755 787 3834 offendant,¹
803 3758 1003 3838 gubernatio,
1017 3779 1057 3818 ne
1070 3759 1103 3817 in
1114 3756 1313 3839 quotidianis
1375 3777 1377 3780 ·

185 3841 271 3902 vitae
293 3837 520 3914 commeatibus
543 3839 760 3919 praelatorum
778 3840 975 3900 adminiculo
997 3840 1139 3902 destituti
1158 3841 1316 3901 fatescant

182 3958 231 4018 Dc
245 3955 379 4039 seminis
402 3965 432 4014 et
451 3951 646 4026 Abbatissis,
675 3955 782 4037 quales
810 3956 873 4014 sint
899 3975 977 4036 quae
1004 3955 1201 4016 monasteriis
1214 3949 1314 4036 ,paet-

529 4035 647 4095 laribus
666 4035 826 4118 praeferri
846 4035 968 4098 debent.

264 4118 365 4178 XLII.
407 4117 609 4178 Monasteriis
624 4118 699 4180 sanb
712 4119 911 4200 puellaribus
926 4118 1006 4178 tales
1021 4115 1177 4198 praeferri
1194 4116 1315 4178 debent

182 4201 321 4264 feminae
336 4207 368 4262 et
382 4199 566 4263 Abbatissae
582 4201 669 4264 credi
681 4222 764 4284 quae
776 4209 809 4262 et
822 4224 854 4263 se
873 4210 906 4263 et
917 4199 1077 4262 subditum
1095 4221 1223 4282 gregem
1240 4220 1316 4260 cum
