2910 4986
183 329 257 404 412
602 352 891 414 cnrnussmun

648 497 694 559 De
715 496 856 556 avaritia.

266 601 415 664 XXXIII.
458 604 538 665 Item
571 603 604 664 In
642 604 775 682 eodem,
809 602 848 664 de
877 602 1253 685 prohibendaavaritia,
1284 615 1321 671 ut

184 685 294 826 nullus
315 687 437 748 alienos
456 688 535 749 lines
559 695 692 770 usurpet
713 687 765 751 vel
786 687 941 748 terminos
960 695 1087 770 patrum
1103 687 1320 748 transcendat.

181 768 376 834 1t1·.c.32.

417 852 467 912 De
490 854 538 912 lais
559 854 615 937 qiei
635 875 667 913 se
689 867 876 915 convertunt
896 853 941 914 ad
960 854 1071 913 Deum.

263 935 412 996 XXXIV.
454 934 537 996 Item
556 937 587 995 in
613 937 743 1011 eo'dem,
768 937 807 997 de
827 935 878 997 his
901 938 958 1018 qui
978 936 1010 997 in
1029 933 1175 1016 periculo
1197 936 1318 996 consti-

181 1016 243 1075 tuti
260 1026 337 1077 sunt
347 1062 356 1094 ,
378 1027 410 1078 et
427 1029 621 1080 convertunt
634 1040 667 1079 se
688 1019 729 1079 ad
747 1022 869 1093 Deum,
889 1027 925 1078 ut
938 1017 1093 1080 canonice
1110 1016 1319 1096 inquirantur

182 1097 221 1160 de
236 1100 521 1180 reconciliatione,
544 1111 576 1163 et
598 1102 753 1163 canonice
772 1101 1036 1164 reconcilientur.
1078 1099 1162 1163 Ilid.
1184 1119 1208 1158 c.
1226 1101 1274 1159 53.

370 1206 420 1268 De
439 1208 489 1267 tis
508 1209 563 1288 qui
580 1229 644 1269 non
666 1219 738 1286 sunt
760 1208 858 1269 bonae
881 1208 1136 1268 conversationis.

262 1289 395 1352 XXXV.
437 1290 518 1349 Item
534 1289 568 1349 in
592 1291 724 1367 eodem,
750 1289 832 1350 utlri
855 1290 911 1370 qui
932 1311 996 1349 non
1019 1295 1094 1349 sunt
1113 1288 1216 1351 bonae
1236 1312 1316 1351 con-

181 1370 392 1450 versationis,
416 1381 449 1433 et
469 1394 581 1433 eorum
599 1372 664 1434 vita
686 1383 733 1434 est
751 1372 959 1450 accusabilis,
981 1394 1045 1432 non
1069 1373 1208 1433 audeant
1220 1372 1317 1456 Epis-

181 1473 278 1535 copos
295 1455 346 1515 vel
365 1455 501 1516 maiores
519 1464 595 1516 natu
612 1477 772 1517 accusare.
814 1455 897 1517 Itid.
920 1477 946 1516 c.
962 1456 1012 1530 54.

345 1571 394 1628 De
413 1571 463 1631 Isis
486 1573 541 1654 qzri
558 1574 828 1633 excommunicato
844 1573 1149 1636 communicaverint.

265 1652 413 1715 XXXVI.
455 1653 537 1714 Item
559 1653 593 1713 in
625 1654 757 1731 eodem,
784 1663 821 1714 nt
845 1653 902 1736 qui
924 1655 1201 1714 excommunicate
1221 1676 1316 1737 prae-

179 1734 353 1818 sumptiose
367 1735 664 1821 communicaverit,
681 1737 979 1798 excommunicetur
993 1744 1024 1796 et
1038 1735 1114 1818 ipse.
1135 1736 1254 1802 ibide.
1265 1738 1315 1802 35.

478 1843 526 1902 Dc
546 1843 735 1903 stebiectione
757 1843 1024 1918 Presbyterornm,
1314 1879 1315 1882 =

261 1924 426 1987 XXXVII.
468 1922 553 1986 Item
575 1924 609 1984 in
635 1926 749 1987 eodem
777 1924 927 1986 Concilio
953 1924 1038 1984 infra
1063 1926 1128 1986 duo
1156 1926 1315 2006 capitula,

179 2006 530 2150 ἳὲῧῑιίἰυὲἔιόεὺγῑει·
545 2016 658 2071 contra
677 2030 771 2070 suum
792 2007 988 2092 Episcopum
1005 2005 1170 2090 superbire
1189 2009 1315 2069 audeat.

218 2110 229 2147 ι
256 2109 312 2154 .c.
370 2138 378 2154 .

452 2173 501 2233 De
526 2173 658 2245 Clericis
681 2172 884 2234 ecclesiastici
902 2171 1035 2236 ordinis.

263 2253 445 2320 XXXVIII.
488 2255 571 2318 Item
598 2257 632 2316 in
659 2256 791 2331 eodem,
823 2265 859 2315 ut
879 2255 999 2316 Clerici
1023 2253 1231 2316 ecclesiastici
1261 2276 1315 2315 ore

180 2334 285 2415 dinis,
306 2336 333 2399 si
360 2338 489 2419 culpam
511 2338 729 2418 incurrerint«,
759 2337 845 2421 apud
867 2335 1099 2400 ecclesiasticos
1129 2337 1317 2399 iudicentur

180 2438 247 2480 non
270 2421 356 2508 apud
378 2422 548 2484 seculares.
590 2420 675 2485 Ibid.
697 2443 722 2486 c.
745 2421 794 2501 37.
958 2427 964 2436 '
1367 2431 1369 2438 ’

508 2529 558 2588 De
577 2528 752 2606 virginibus
773 2528 842 2587 Deo
867 2526 991 2592 dicatis,

263 2611 410 2672 XXXIX.
453 2609 493 2673 In
523 2610 673 2673 Concilio
702 2609 855 2670 Africano
883 2610 1083 2693 praecipitur
1112 2620 1148 2670 ut
1173 2610 1316 2693 virgines

177 2695 250 2755 Deo
270 2702 475 2755 consecratae
491 2693 511 2754 t
527 2692 728 2776 gravioribus
746 2692 893 2776 personis
914 2690 1063 2775 diligenti
1086 2693 1230 2756 custodia
1253 2715 1318 2755 ser-

182 2785 309 2838 ventur.
350 2775 435 2842 [bid.
459 2797 486 2842 c.
506 2777 555 2858 59.

417 2882 466 2942 De
477 2883 585 2978 princi
606 2880 651 2942 ali
670 2881 821 2942 cathedra
838 2877 1077 2967 Episcopornm.

262 2964 328 3026 XL.
371 2963 454 3027 Item
475 2986 509 3023 m
529 2903 659 3043 emiim,
680 2972 717 3024 nt
733 2985 799 3026 non
815 2964 912 3026 liceat
928 2966 1089 3046 Episcopo
1103 2963 1318 3046 principalem

180 3045 367 3107 cathedram
382 3068 458 3108 suae
479 3048 649 3128 parochiae
669 3046 859 3129 neglegere.
882 3055 914 3108 et
932 3048 1072 3130 aliquam
1085 3046 1263 3109 Ecclesiam
1281 3047 1316 3106 in

178 3147 235 3191 sua
252 3127 391 3193 dioecesi
408 3129 509 3213 magis
532 3134 750 3214 frequentare.
788 3129 872 3196 [bid.
890 3153 915 3195 c.
929 3131 980 3206 40.

463 3231 509 3296 De
521 3235 621 3317 salsis
644 3237 820 3298 nominibus
839 3219 1037 3302 Sanctorum.

262 3318 343 3378 XLI.
386 3315 471 3378 Item
490 3320 524 3379 in
542 3317 680 3397 eodem,
710 3327 747 3379 ut
762 3318 842 3379 falsa
864 3319 995 3380 nomina
1015 3321 1192 3400 Martyrum
1210 3329 1242 3382 et
1263 3319 1317 3380 in-

180 3407 287 3461 certae
307 3408 490 3462 sanctorum
509 3402 681 3463 memoriae
701 3422 767 3462 non
785 3411 992 3462 venerentur.
1034 3403 1118 3469 ibid.
1136 3424 1162 3468 c.
1178 3405 1228 3480 4¹·

512 3507 561 3567 De
581 3529 684 3568 uxore
706 3509 726 3567 ic
749 3508 815 3567 uiro
838 3502 979 3574 dimissa.
1035 3519 1037 3524 '

261 3587 360 3649 XLII.
402 3586 487 3656 Item
504 3588 540 3648 in
555 3589 690 3665 eodem,
705 3599 742 3648 ut
763 3609 824 3651 nec
844 3591 959 3650 uxoria
980 3590 1051 3653 viro
1073 3588 1202 3650 dimissa
1217 3588 1318 3653 alium

179 3668 316 3753 accipiat
330 3668 438 3732 virum
450 3669 583 3734 vivente
597 3671 666 3733 viro
682 3693 759 3749 suo,
783 3694 843 3734 nec
858 3673 909 3754 vir
924 3672 1024 3734 alium
1037 3672 1173 3755 accipiat
1187 3670 1315 3734 vivente

181 3771 282 3814 uxore
300 3753 419 3836 priore.
462 3751 546 3818 Ibid.
565 3774 591 3819 c.
613 3755 664 3832 42.
1031 3751 1035 3757 ’

392 3859 441 3924 De
455 3858 618 3922 lodicibus
637 3861 657 3920 lc
680 3859 928 3942 Metropolitnno
945 3862 1099 3946 prohetia.

262 3942 375 4007 XLIII.
418 3942 502 4004 Item
526 3941 560 4001 in
584 3943 718 4018 eodem,
749 3950 785 4001 ut
804 3942 930 4023 probati
950 3945 968 4005 a
988 3942 1240 4025 Metropolitano
1259 3940 1318 4003 Iu-

180 4023 269 4088 dices
295 4045 360 4084 non
378 4034 580 4109 spernantur.
620 4024 703 4088 lbid.
721 4045 747 4089 c.
765 4025 817 4100 45.

320 4165 326 4172 ·
437 4132 485 4191 De
505 4131 701 4191 accusatione
725 4129 832 4189 vilium
848 4150 1064 4211 personarum,

261 4211 377 4274 XLIV.
418 4211 501 4274 Item
524 4212 569 4271 iu·
581 4212 694 4274 eodem
714 4211 800 4272 infra
819 4212 883 4272 duo
905 4211 1068 4293 capitula,
1093 4220 1127 4270 ut
1146 4213 1225 4274 viles
1242 4233 1317 4294 per-

180 4317 276 4356 sonae
302 4315 368 4355 nou
391 4293 530 4359 habeant
554 4303 744 4378 potestatem
766 4294 947 4358 accusandi.
989 4296 1031 4356 Et
1052 4303 1087 4355 ut
1108 4294 1133 4354 si
1157 4296 1190 4356 in
1213 4296 1317 4379 primo
