2948 4990
545 321 659 378 uum
688 279 850 406 sexsus.
1118 399 1119 404 .
1182 313 1254 388 627

538 464 586 526 De
598 464 843 547 propinquitate.

210 565 328 633 cclx.
371 567 409 628 ln
437 575 553 649 quarta
568 565 809 650 propinquitate
835 569 959 646 carnis,
988 570 1117 653 quinta,
1146 565 1268 638 setta:

126 672 192 734 que
211 651 367 711 nonlicet
384 650 523 729 nubere,
545 643 629 712 sicut
647 649 679 708 in
703 650 773 730 lege
789 651 942 734 scriptum
965 662 1029 713 est:
1049 655 1171 718 Omnis
1194 661 1253 720 bo·

127 755 178 794 mo
195 732 240 793 ad
251 735 461 818 propinquam
480 735 639 813 sanguinis
660 733 709 790 sui
726 753 788 791 non
810 732 957 806 accedat,
981 749 1015 795 ut
1042 740 1156 800 revelet
1172 755 1254 802 ‘trer-

124 815 303 898 pitudinem
322 817 412 884 etas,
437 815 548 893 idest,
570 835 671 898 usque
690 815 861 894 septimum
877 818 1019 897 gradum.
1060 822 1255 904 Legitimum

128 897 316 978 coniugium
338 919 403 957 non
420 897 497 969 licet
514 898 655 980 separari
675 896 744 956 sine
768 919 925 958 consensu
945 901 1127 981 amborum,
1149 905 1191 964 ita
1204 915 1255 969 ta-

127 1001 203 1040 men
221 989 258 1038 ut
282 979 374 1040 ambo
390 981 460 1040 Deo
474 981 616 1042 serviant
632 979 773 1062 innupti.
814 982 924 1042 Potest
943 993 1049 1043 autem
1062 986 1143 1046 alter
1157 988 1255 1054 alteri

127 1061 292 1122 licentiam
309 1062 383 1122 dare
409 1063 561 1123 accedere
576 1063 616 1122 ad
632 1061 799 1122 servitium
824 1062 905 1138 Dei,
928 1063 953 1124 si
976 1067 1043 1147 ipse
1068 1077 1173 1128 tamen
1202 1070 1255 1129 in-

127 1153 247 1225 nuptus
268 1145 322 1204 vel
338 1145 473 1227 innupta
490 1143 709 1226 permanserit.
730 1145 733 1150 ’
753 1145 789 1203 ln
806 1145 906 1205 veteri
933 1155 1121 1211 testamento
1147 1153 1256 1212 taliter

126 1227 305 1308 legitur'de
320 1227 407 1287 coitu
427 1249 500 1287 cum
518 1225 706 1308 pecoribus:
729 1227 848 1286 Mulier
865 1248 943 1308 quae
965 1231 1165 1293 ,subcubuerit
1187 1235 1256 1295 orri-

126 1310 205 1370 tibet
234 1309 391 1379 iumento,
429 1311 524 1368 simul
562 1308 773 1392 interficiatur
805 1331 874 1369 eum
909 1331 955 1370 eo.
1005 1314 1041 1370 ln
1067 1336 1150 1375 novo
1176 1315 1254 1392 illa,

126 1389 303 1467 sioutille,
326 1391 381 1472 qui
404 1411 478 1451 cum
491 1391 660 1476 pecoribus
683 1389 819 1466 coierit,
852 1391 1039 1484 quindecim
1061 1397 1169 1476 annis,
1199 1399 1256 1459 alii

126 1473 277 1534 undecim
294 1473 467 1554 poeniteat.
508 1473 765 1534 Animaliacoitu
782 1472 950 1534 hominum
968 1477 1093 1556 polluta
1107 1479 1256 1548 occidan-

126 1564 191 1634 tur,
210 1576 386 1636 carnesque
406 1555 538 1616 canibus
550 1555 763 1639 proiciantur;
786 1555 842 1616 sed
858 1557 945 1616 coria
957 1578 1068 1618 eorum
1088 1561 1255 1622 adsuman-

126 1647 190 1698 tur.
232 1637 294 1698 Ubi
308 1647 414 1698 autem
433 1639 568 1699 dubium
583 1647 649 1716 est,
672 1659 739 1698 non
758 1637 957 1698 occidantur.

168 1743 218 1802 De
234 1762 327 1802 servo
344 1745 399 1824 qui
419 1741 567 1803 damnum
581 1741 708 1816 cuilibet
727 1742 880 1819 intulerit,
893 1741 974 1826 quid
990 1746 1144 1824 agendum
1162 1753 1212 1811 sit.

210 1822 310 1886 CCX.
350 1824 479 1886 Nemini
499 1825 595 1886 liceat
618 1847 748 1886 servum
764 1845 856 1886 suum
879 1837 1012 1908 propter
1040 1829 1192 1892 damnum
1217 1837 1256 1896 ab

129 1909 189 1969 illo
211 1905 345 1970 cuilibet
365 1907 502 1967 inlatum
522 1907 702 1985 dimittere,
724 1906 780 1967 sed
808 1906 898 1966 iuxta
927 1909 1114 1989 qualitatem
1147 1916 1256 1976 damni

128 1991 277 2053 dominus
294 2010 351 2071 pro
365 1990 434 2071 ipso
454 1991 666 2072 respondeat,
689 1988 742 2051 vel
762 1989 884 2049 eumin
912 1993 1176 2074 compositionem
1202 2009 1257 2058 aut

127 2075 169 2134 ad
188 2095 324 2152 poenam
349 2073 480 2154 petitori
497 2071 617 2133 offerat.
659 2070 694 2133 si
711 2079 817 2143 autem
829 2079 943 2133 servus
956 2085 1140 2156 perpetrato
1158 2082 1258 2142 scele-

126 2178 163 2218 re
178 2155 314 2236 fugerit,
337 2156 380 2214 ita
399 2165 434 2214 ut
453 2157 470 2216 a
492 2155 622 2216 domino
644 2153 774 2237 penitus
800 2154 939 2213 inveniri
967 2177 1031 2214 non
1053 2161 1176 2242 possit,
1206 2185 1257 2224 sa-

128 2248 290 2300 cramento
307 2258 339 2298 se
357 2238 504 2300 dominus
526 2258 677 2298 excusare
698 2236 823 2296 studeat
844 2238 931 2316 quod
958 2259 1019 2298 nec
1039 2260 1114 2302 sirac
1138 2245 1257 2304 volun-

126 2321 202 2382 tatis
224 2341 285 2380 nec
311 2319 526 2380 conscientiae
555 2321 669 2382 fuisset
694 2316 916 2399 'quodservus
946 2320 1014 2380 eius
1040 2322 1102 2384 tale
1130 2325 1257 2388 facinus

125 2403 293 2466 commisit.
336 2402 425 2462 Sicut
439 2403 628 2485 petierunt,
650 2402 695 2462 ita
713 2403 859 2461 Domnus
879 2401 1056 2484 Imperator
1084 2408 1257 2473 consensit.

132 2486 239 2570 Supra
250 2485 323 2545 tit.
335 2485 398 2545 III.
414 2506 440 2549 c.
453 2486 504 2562 44.

124 2595 174 2654 De
191 2612 227 2652 eo
267 2592 299 2648 ui
317 2589 362 2649 ad
376 2591 507 2650 mallum
529 2589 648 2669 legibus
663 2590 818 2649 mannitus
829 2586 951 2668 filerit,
982 2602 1012 2650 el
1041 2613 1104 2652 non
1130 2599 1257 2663 uenerit.

208 2613 324 2736 Clin.
348 2672 382 2731 Si
397 2673 468 2754 quis
488 2672 528 2733 ad
542 2672 674 2732 mallum
688 2671 816 2753 legibus
828 2671 989 2732 mannitus
1008 2673 1118 2750 fuerit,
1140 2685 1172 2736 ct
1189 2699 1256 2738 non

124 2757 274 2832 venerit,
297 2755 323 2816 si
342 2776 415 2814 eum
431 2755 540 2817 sonnis
553 2770 623 2816 'non
642 2753 829 2829 detinuerit,
852 2753 1039 2834 quindecim
1060 2756 1170 2819 solidis
1190 2761 1258 2820 oul-

123 2839 240 2922 pabilis
257 2837 428 2898 iudicetur.
471 2837 628 2898 Similiter
643 2835 683 2896 ad
698 2834 872 2898 secundum
891 2843 921 2895 et
947 2837 1083 2899 tertiam.
1139 2841 1173 2902 Si
1184 2837 1186 2840 ’
1197 2838 1260 2902 au-'

123 2933 190 2984 ’cem
205 2921 243 2981 ad
265 2929 410 3001 quartam
425 2921 537 2981 venire
556 2918 800 3000 contempserit,
833 2917 988 2998 possessio
1014 2919 1082 2982 eius
1109 2921 1143 2982 in
1174 2924 1257 2983 ban·
1289 2969 1290 2974 κ

124 3026 204 3064 num
224 3003 368 3062 mittatur
383 3002 486 3062 donec
500 3003 627 3078 veniat,
651 3012 684 3062 et
697 3000 736 3061 de
751 3022 786 3061 re
803 3022 867 3081 qua
894 2999 1118 3083 interpellatus
1142 3005 1258 3084 fuerit,

124 3087 278 3147 iustitiam
292 3083 395 3148 faciat.
439 3085 471 3144 si
497 3085 579 3144 infra
595 3105 715 3143 annum
737 3105 801 3144 non
822 3082 966 3159 venerit,
997 3082 1036 3143 de
1060 3085 1159 3154 rebus¹
1186 3089 1255 3150 eius

124 3191 207 3248 quae
227 3167 260 3226 in
280 3166 423 3226 bannum
436 3167 552 3242 missae
568 3175 642 3228 sunt
655 3168 724 3226 Rex
743 3166 970 3246 interrogetur,
993 3173 1023 3225 et
1037 3167 1194 3250 quicquid
1210 3170 1256 3229 in.

124 3252 165 3310 de
185 3249 377 3310 iudicaverit
395 3249 456 3313 fiat.
493 3248 601 3311 Prima
615 3247 772 3307 mannitio
788 3268 895 3328 super
912 3257 1022 3308 noctes
1039 3271 1096 3327 vu,
1113 3255 1260 3314 secunda·
1318 3253 1323 3260 ’

123 3354 223 3414 super
237 3355 301 3408 xiv,
319 3331 412 3391 tertia
430 3351 527 3413 super
542 3353 604 3407 xxi,
628 3341 739 3411 quarta
753 3351 849 3410 super
864 3351 937 3389 riu.
980 3328 1137 3394 Similiter
1155 3345 1187 3396 et
1214 3337 1261 3398 de'
1334 3390 1336 3394 ,

122 3414 283 3475 beneficio
305 3413 462 3493 homini-s,
484 3413 510 3474 si
534 3415 617 3474 forte
639 3435 689 3474 res
713 3412 856 3494 proprias
875 3431 940 3470 non
963 3410 1129 3493 habuerit,
1152 3418 1255 3478 mitta-

122 3509 179 3559 tur
207 3497 240 3556 in
269 3497 413 3556 bannum
438 3517 541 3577 usque
568 3495 644 3556 dum
664 3497 734 3555 Rex
753 3495 978 3576 interrogetur.
1019 3496 1103 3564 Ilia.
1123 3501 1224 3576 σ.45.·
1253 3513 1258 3518 “

123 3605 173 3664 De
197 3623 234 3664 co
255 3606 310 3686 qui
316 3601 413 3686 filios
428 3623 491 3662 non
507 3603 665 3678 babuerit,
688 3613 718 3661 et
739 3603 772 3660 iu
791 3621 902 3668 ,eorsum
924 3599 994 3660 loco
1015 3598 1111 3662 alium
1129 3606 1191 3666 sibi
1204 3609 1255 3667 lie·

483 3684 591 3742 rodem
600 3682 711 3763 sacere
733 3685 880 3746 uoluerit.
903 3691 905 3696 '
1000 3696 1002 3703 '
1111 3699 1113 3704 ·

209 3765 332 3830 CCXII
338 3813 344 3826 .
389 3759 455 3845 Qui
474 3766 557 3826 filios
580 3786 644 3824 non
664 3765 823 3842 habuerit,
840 3773 871 3822 et
889 3765 987 3824 alium
1007 3765 1186 3846 quemlibet
1199 3768 1263 3832 be·'

122 3850 309 3913 redcmsibi
325 3851 430 3910 facere
450 3847 607 3922 voluerit,
630 3868 738 3908 coram
753 3849 837 3928 Rege
855 3847 907 3906 vel
929 3869 1037 3907 coram
1064 3849 1187 3910 Comite
1222 3861 1257 3912 et

123 3934 308 4009 Scahineis,
328 3934 381 3992 vel
400 3932 503 3998 Missis
518 3929 704 4007 dominicis,
726 3930 783 4012 ‘lui
802 3931 841 3989 ab
858 3949 896 3987 eo
911 3929 951 3988 ad
968 3929 1104 3990 iustitias
1118 3932 1254 4007 'facien-

123 4019 179 4077 das
201 4016 234 4074 in
254 4015 419 4097 provincia
443 4014 568 4075 luerint
594 4011 751 4090 ordinati,
772 4009 979 4073 traditionem
991 4012 1096 4072 faciat.
1119 4011 1260 4097 Capitul.

121 4099 306 4164 IV.a.80.⁷>
328 4119 353 4156 c.
375 4098 426 4172 48.

288 4181 337 4238 De
357 4179 582 4254 denarialibus,
600 4177 734 4260 qualiter
752 4175 874 4258 possint
901 4176 1089 4238 hereditare.
1259 4256 1261 4260 ,

209 4259 366 4328 CCXllI.
405 4263 506 4322 Homo
522 4258 693 4322 denarialis
715 4278 779 4318 non
798 4265 890 4319 antea
906 4257 1088 4322 hereditare
1110 4261 1144 4328 in
1166 4283 1254 4326 suam
