<?xml version="1.0" encoding="UTF-8"?>
<!DOCTYPE html PUBLIC "-//W3C//DTD XHTML 1.0 Transitional//EN"
    "http://www.w3.org/TR/xhtml1/DTD/xhtml1-transitional.dtd">
<html xmlns="http://www.w3.org/1999/xhtml" xml:lang="en" lang="en">
 <head>
  <title>
</title>
<meta http-equiv="Content-Type" content="text/html;charset=utf-8" />
  <meta name='ocr-system' content='tesseract 3.04.00' />
  <meta name='ocr-capabilities' content='ocr_page ocr_carea ocr_par ocr_line ocrx_word'/>
</head>
<body>
  <div class='ocr_page' id='page_1' title='image "./corpusiurisgerm04visigoog_0064.png"; bbox 0 0 2910 4986; ppageno 0'>
   <div class='ocr_carea' id='block_1_1' title="bbox 534 313 1257 398">
    <p class='ocr_par' dir='ltr' id='par_1_1' title="bbox 534 313 1257 398">
     <span class='ocr_line' id='line_1_1' title="bbox 534 313 1257 398; baseline -0.012 -2"><span class='ocrx_word' id='word_1_1' title='bbox 534 340 656 398; x_wconf 44' lang='lat' dir='ltr'><strong>&#39;arsen</strong></span> <span class='ocrx_word' id='word_1_2' title='bbox 680 337 855 398; x_wconf 77' lang='lat' dir='ltr'><strong>renuas,</strong></span> <span class='ocrx_word' id='word_1_3' title='bbox 1185 313 1257 388; x_wconf 81' lang='lat' dir='ltr'><strong>tut</strong></span> 
     </span>
    </p>
   </div>
   <div class='ocr_carea' id='block_1_2' title="bbox 67 475 1206 567">
    <p class='ocr_par' dir='ltr' id='par_1_2' title="bbox 67 475 1206 567">
     <span class='ocr_line' id='line_1_2' title="bbox 67 475 1206 567; baseline -0.007 -20"><span class='ocrx_word' id='word_1_4' title='bbox 67 557 71 567; x_wconf 45' lang='grc'>,</span> <span class='ocrx_word' id='word_1_5' title='bbox 178 483 228 546; x_wconf 77' lang='lat' dir='ltr'><strong>De</strong></span> <span class='ocrx_word' id='word_1_6' title='bbox 243 483 352 545; x_wconf 74' lang='lat' dir='ltr'><strong>liberis</strong></span> <span class='ocrx_word' id='word_1_7' title='bbox 374 481 551 549; x_wconf 75' lang='lat' dir='ltr'><strong>honu&#39;nibus</strong></span> <span class='ocrx_word' id='word_1_8' title='bbox 577 485 633 566; x_wconf 88' lang='lat' dir='ltr'><strong>qui</strong></span> <span class='ocrx_word' id='word_1_9' title='bbox 654 481 700 543; x_wconf 83' lang='lat' dir='ltr'><strong>ad</strong></span> <span class='ocrx_word' id='word_1_10' title='bbox 712 481 841 542; x_wconf 84' lang='lat' dir='ltr'><strong>mallum</strong></span> <span class='ocrx_word' id='word_1_11' title='bbox 857 479 966 540; x_wconf 81' lang='lat' dir='ltr'><strong>uenire</strong></span> <span class='ocrx_word' id='word_1_12' title='bbox 983 475 1116 558; x_wconf 78' lang='lat' dir='ltr'><strong>cogendi</strong></span> <span class='ocrx_word' id='word_1_13' title='bbox 1134 475 1206 540; x_wconf 86' lang='lat' dir='ltr'><strong>sint.</strong></span> 
     </span>
    </p>
   </div>
   <div class='ocr_carea' id='block_1_3' title="bbox 119 581 1262 838">
    <p class='ocr_par' dir='ltr' id='par_1_3' title="bbox 119 581 1262 838">
     <span class='ocr_line' id='line_1_3' title="bbox 207 581 1262 666; baseline -0.008 -16"><span class='ocrx_word' id='word_1_14' title='bbox 207 590 261 651; x_wconf 88' lang='lat' dir='ltr'><strong>LI.</strong></span> <span class='ocrx_word' id='word_1_15' title='bbox 305 593 349 651; x_wconf 82' lang='lat' dir='ltr'><strong>ut</strong></span> <span class='ocrx_word' id='word_1_16' title='bbox 365 592 475 652; x_wconf 90' lang='lat' dir='ltr'><strong>nullus</strong></span> <span class='ocrx_word' id='word_1_17' title='bbox 496 589 577 650; x_wconf 87' lang='lat' dir='ltr'><strong>alius</strong></span> <span class='ocrx_word' id='word_1_18' title='bbox 595 589 634 649; x_wconf 90' lang='lat' dir='ltr'><strong>de</strong></span> <span class='ocrx_word' id='word_1_19' title='bbox 647 587 759 648; x_wconf 88' lang='lat' dir='ltr'><strong>liberis</strong></span> <span class='ocrx_word' id='word_1_20' title='bbox 774 585 960 648; x_wconf 88' lang='lat' dir='ltr'><strong>hominibus</strong></span> <span class='ocrx_word' id='word_1_21' title='bbox 980 586 1019 646; x_wconf 93' lang='lat' dir='ltr'><strong>ad</strong></span> <span class='ocrx_word' id='word_1_22' title='bbox 1036 583 1191 666; x_wconf 86' lang='lat' dir='ltr'><strong>placitum</strong></span> <span class='ocrx_word' id='word_1_23' title='bbox 1207 581 1262 644; x_wconf 77' lang='lat' dir='ltr'><strong>rel</strong></span> 
     </span>
     <span class='ocr_line' id='line_1_4' title="bbox 119 667 1262 756; baseline -0.01 -20"><span class='ocrx_word' id='word_1_24' title='bbox 119 674 166 740; x_wconf 78' lang='lat' dir='ltr'><strong>,ud</strong></span> <span class='ocrx_word' id='word_1_25' title='bbox 182 674 318 733; x_wconf 88' lang='lat' dir='ltr'><strong>mallum</strong></span> <span class='ocrx_word' id='word_1_26' title='bbox 339 674 452 735; x_wconf 86' lang='lat' dir='ltr'><strong>venire</strong></span> <span class='ocrx_word' id='word_1_27' title='bbox 473 684 627 756; x_wconf 78' lang='lat' dir='ltr'>cogatur,</span> <span class='ocrx_word' id='word_1_28' title='bbox 650 670 793 752; x_wconf 86' lang='lat' dir='ltr'><strong>exceptis</strong></span> <span class='ocrx_word' id='word_1_29' title='bbox 811 668 976 731; x_wconf 80' lang='lat' dir='ltr'><strong>scabineis</strong></span> <span class='ocrx_word' id='word_1_30' title='bbox 999 668 1052 729; x_wconf 90' lang='lat' dir='ltr'><strong>vel</strong></span> <span class='ocrx_word' id='word_1_31' title='bbox 1073 667 1181 729; x_wconf 80' lang='lat' dir='ltr'>Vassis</span> <span class='ocrx_word' id='word_1_32' title='bbox 1202 667 1262 726; x_wconf 90' lang='lat' dir='ltr'><strong>Co-</strong></span> 
     </span>
     <span class='ocr_line' id='line_1_5' title="bbox 124 748 1261 838; baseline -0.004 -21"><span class='ocrx_word' id='word_1_33' title='bbox 124 758 250 834; x_wconf 85' lang='lat' dir='ltr'><strong>mitum,</strong></span> <span class='ocrx_word' id='word_1_34' title='bbox 261 755 322 816; x_wconf 88' lang='lat' dir='ltr'><strong>nisi</strong></span> <span class='ocrx_word' id='word_1_35' title='bbox 340 756 399 838; x_wconf 92' lang='lat' dir='ltr'><strong>qui</strong></span> <span class='ocrx_word' id='word_1_36' title='bbox 417 775 543 818; x_wconf 83' lang='lat' dir='ltr'><strong>causam</strong></span> <span class='ocrx_word' id='word_1_37' title='bbox 561 777 653 818; x_wconf 87' lang='lat' dir='ltr'><strong>suam</strong></span> <span class='ocrx_word' id='word_1_38' title='bbox 669 754 840 837; x_wconf 74' lang='lat' dir='ltr'><strong>adquirere</strong></span> <span class='ocrx_word' id='word_1_39' title='bbox 853 751 973 812; x_wconf 86' lang='lat' dir='ltr'><strong>dehent</strong></span> <span class='ocrx_word' id='word_1_40' title='bbox 984 761 1038 810; x_wconf 89' lang='lat' dir='ltr'><strong>aut</strong></span> <span class='ocrx_word' id='word_1_41' title='bbox 1054 748 1261 831; x_wconf 82' lang='lat' dir='ltr'><strong>respondere.</strong></span> 
     </span>
    </p>
   </div>
   <div class='ocr_carea' id='block_1_4' title="bbox 139 857 1240 942">
    <p class='ocr_par' dir='ltr' id='par_1_4' title="bbox 139 857 1240 942">
     <span class='ocr_line' id='line_1_6' title="bbox 139 857 1240 942; baseline -0.005 -22"><span class='ocrx_word' id='word_1_42' title='bbox 139 865 194 923; x_wconf 75' lang='lat' dir='ltr'><strong>‚De</strong></span> <span class='ocrx_word' id='word_1_43' title='bbox 215 862 363 939; x_wconf 84' lang='lat' dir='ltr'><strong>testibus,</strong></span> <span class='ocrx_word' id='word_1_44' title='bbox 381 862 425 922; x_wconf 83' lang='lat' dir='ltr'><strong>ad</strong></span> <span class='ocrx_word' id='word_1_45' title='bbox 440 864 649 924; x_wconf 84' lang='lat' dir='ltr'><strong>testimonium</strong></span> <span class='ocrx_word' id='word_1_46' title='bbox 676 858 841 920; x_wconf 81' lang='lat' dir='ltr'><strong>dicendum</strong></span> <span class='ocrx_word' id='word_1_47' title='bbox 868 859 1005 942; x_wconf 79' lang='lat' dir='ltr'><em>qualiter</em></span> <span class='ocrx_word' id='word_1_48' title='bbox 1021 857 1240 918; x_wconf 77' lang='lat' dir='ltr'><strong>adhibeantur.</strong></span> 
     </span>
    </p>
   </div>
   <div class='ocr_carea' id='block_1_5' title="bbox 122 963 1263 1300">
    <p class='ocr_par' dir='ltr' id='par_1_5' title="bbox 122 963 1263 1300">
     <span class='ocr_line' id='line_1_7' title="bbox 205 963 1260 1046; baseline -0.005 -20"><span class='ocrx_word' id='word_1_49' title='bbox 205 967 275 1028; x_wconf 88' lang='lat' dir='ltr'><strong>LII.</strong></span> <span class='ocrx_word' id='word_1_50' title='bbox 319 971 361 1028; x_wconf 89' lang='lat' dir='ltr'><strong>Ut</strong></span> <span class='ocrx_word' id='word_1_51' title='bbox 388 977 485 1030; x_wconf 89' lang='lat' dir='ltr'><strong>testes</strong></span> <span class='ocrx_word' id='word_1_52' title='bbox 515 971 557 1030; x_wconf 82' lang='lat' dir='ltr'><strong>ad</strong></span> <span class='ocrx_word' id='word_1_53' title='bbox 584 966 807 1030; x_wconf 86' lang='lat' dir='ltr'><strong>testimonium</strong></span> <span class='ocrx_word' id='word_1_54' title='bbox 832 965 1005 1026; x_wconf 88' lang='lat' dir='ltr'><strong>dicendum</strong></span> <span class='ocrx_word' id='word_1_55' title='bbox 1026 963 1168 1046; x_wconf 87' lang='lat' dir='ltr'><strong>praemio</strong></span> <span class='ocrx_word' id='word_1_56' title='bbox 1194 984 1260 1021; x_wconf 92' lang='lat' dir='ltr'><strong>non</strong></span> 
     </span>
     <span class='ocr_line' id='line_1_8' title="bbox 122 1048 1262 1122; baseline -0.01 -9"><span class='ocrx_word' id='word_1_57' title='bbox 122 1051 352 1113; x_wconf 68' lang='lat' dir='ltr'><strong>conducantur</strong></span> <span class='ocrx_word' id='word_1_58' title='bbox 362 1077 370 1122; x_wconf 89' lang='lat'>;</span> <span class='ocrx_word' id='word_1_59' title='bbox 390 1062 422 1114; x_wconf 88' lang='lat' dir='ltr'><strong>et</strong></span> <span class='ocrx_word' id='word_1_60' title='bbox 433 1061 469 1111; x_wconf 88' lang='lat' dir='ltr'><strong>ut</strong></span> <span class='ocrx_word' id='word_1_61' title='bbox 489 1053 599 1115; x_wconf 91' lang='lat' dir='ltr'><strong>nullus</strong></span> <span class='ocrx_word' id='word_1_62' title='bbox 615 1050 835 1114; x_wconf 88' lang='lat' dir='ltr'><strong>testimonium</strong></span> <span class='ocrx_word' id='word_1_63' title='bbox 855 1048 939 1108; x_wconf 89' lang='lat' dir='ltr'><strong>dicat</strong></span> <span class='ocrx_word' id='word_1_64' title='bbox 956 1056 1011 1107; x_wconf 89' lang='lat' dir='ltr'><strong>aut</strong></span> <span class='ocrx_word' id='word_1_65' title='bbox 1028 1053 1262 1110; x_wconf 89' lang='lat' dir='ltr'><strong>sacramentum</strong></span> 
     </span>
     <span class='ocr_line' id='line_1_9' title="bbox 126 1126 1263 1215; baseline -0.006 -22"><span class='ocrx_word' id='word_1_66' title='bbox 126 1135 228 1210; x_wconf 91' lang='lat' dir='ltr'><strong>iuret,</strong></span> <span class='ocrx_word' id='word_1_67' title='bbox 253 1134 315 1193; x_wconf 90' lang='lat' dir='ltr'><strong>nisi</strong></span> <span class='ocrx_word' id='word_1_68' title='bbox 334 1134 473 1199; x_wconf 90' lang='lat' dir='ltr'><strong>ieiunus.</strong></span> <span class='ocrx_word' id='word_1_69' title='bbox 514 1138 557 1197; x_wconf 87' lang='lat' dir='ltr'><strong>Et</strong></span> <span class='ocrx_word' id='word_1_70' title='bbox 576 1145 611 1195; x_wconf 90' lang='lat' dir='ltr'><strong>ut</strong></span> <span class='ocrx_word' id='word_1_71' title='bbox 629 1143 725 1195; x_wconf 86' lang='lat' dir='ltr'><strong>testes</strong></span> <span class='ocrx_word' id='word_1_72' title='bbox 745 1133 932 1215; x_wconf 81' lang='lat' dir='ltr'><strong>priusquam</strong></span> <span class='ocrx_word' id='word_1_73' title='bbox 951 1129 1069 1207; x_wconf 89' lang='lat' dir='ltr'><strong>iurent,</strong></span> <span class='ocrx_word' id='word_1_74' title='bbox 1092 1126 1263 1208; x_wconf 87' lang='lat' dir='ltr'><strong>separatim</strong></span> 
     </span>
     <span class='ocr_line' id='line_1_10' title="bbox 127 1209 1261 1300; baseline -0.006 -23"><span class='ocrx_word' id='word_1_75' title='bbox 127 1215 344 1277; x_wconf 77' lang='lat' dir='ltr'><strong>discutiantur</strong></span> <span class='ocrx_word' id='word_1_76' title='bbox 361 1218 441 1300; x_wconf 91' lang='lat' dir='ltr'><strong>quid</strong></span> <span class='ocrx_word' id='word_1_77' title='bbox 458 1218 565 1280; x_wconf 84' lang='lat' dir='ltr'><strong>dicere</strong></span> <span class='ocrx_word' id='word_1_78' title='bbox 595 1218 697 1278; x_wconf 85' lang='lat' dir='ltr'><strong>velint</strong></span> <span class='ocrx_word' id='word_1_79' title='bbox 720 1217 760 1277; x_wconf 93' lang='lat' dir='ltr'><strong>de</strong></span> <span class='ocrx_word' id='word_1_80' title='bbox 784 1216 840 1275; x_wconf 89' lang='lat' dir='ltr'><strong>illa</strong></span> <span class='ocrx_word' id='word_1_81' title='bbox 868 1235 903 1274; x_wconf 88' lang='lat' dir='ltr'><strong>re</strong></span> <span class='ocrx_word' id='word_1_82' title='bbox 934 1213 1021 1274; x_wconf 89' lang='lat' dir='ltr'><strong>unde</strong></span> <span class='ocrx_word' id='word_1_83' title='bbox 1040 1209 1261 1291; x_wconf 76' lang='lat' dir='ltr'><strong>testimonium</strong></span> 
     </span>
    </p>
   </div>
   <div class='ocr_carea' id='block_1_6' title="bbox 125 1297 1137 1485">
    <p class='ocr_par' dir='ltr' id='par_1_6' title="bbox 125 1297 1137 1485">
     <span class='ocr_line' id='line_1_11' title="bbox 125 1297 899 1384; baseline -0.005 -24"><span class='ocrx_word' id='word_1_84' title='bbox 125 1298 262 1360; x_wconf 86' lang='lat' dir='ltr'><strong>reddere</strong></span> <span class='ocrx_word' id='word_1_85' title='bbox 286 1299 414 1360; x_wconf 89' lang='lat' dir='ltr'><strong>debent.</strong></span> <span class='ocrx_word' id='word_1_86' title='bbox 460 1300 594 1384; x_wconf 80' lang='lat' dir='ltr'><strong>Capitol.</strong></span> <span class='ocrx_word' id='word_1_87' title='bbox 616 1301 660 1364; x_wconf 90' lang='lat' dir='ltr'><strong>II.</strong></span> <span class='ocrx_word' id='word_1_88' title='bbox 686 1324 714 1364; x_wconf 85' lang='lat' dir='ltr'><strong>a.</strong></span> <span class='ocrx_word' id='word_1_89' title='bbox 733 1299 804 1381; x_wconf 85' lang='lat'><strong>809.</strong></span> <span class='ocrx_word' id='word_1_90' title='bbox 823 1317 849 1357; x_wconf 82' lang='lat' dir='ltr'><strong>e.</strong></span> <span class='ocrx_word' id='word_1_91' title='bbox 870 1297 899 1357; x_wconf 91' lang='lat'><strong>6.</strong></span> 
     </span>
     <span class='ocr_line' id='line_1_12' title="bbox 248 1399 1137 1485; baseline 0.002 -21"><span class='ocrx_word' id='word_1_92' title='bbox 248 1405 298 1464; x_wconf 92' lang='lat' dir='ltr'><strong>De</strong></span> <span class='ocrx_word' id='word_1_93' title='bbox 318 1407 440 1466; x_wconf 75' lang='lat' dir='ltr'><strong>iustitie</strong></span> <span class='ocrx_word' id='word_1_94' title='bbox 461 1408 629 1467; x_wconf 84' lang='lat' dir='ltr'><strong>cuiuslibet</strong></span> <span class='ocrx_word' id='word_1_95' title='bbox 651 1406 670 1465; x_wconf 77' lang='lat' dir='ltr'><strong>t</strong></span> <span class='ocrx_word' id='word_1_96' title='bbox 691 1403 777 1464; x_wconf 87' lang='lat' dir='ltr'><strong>nullo</strong></span> <span class='ocrx_word' id='word_1_97' title='bbox 800 1403 939 1485; x_wconf 79' lang='lat' dir='ltr'><strong>qtcolibet</strong></span> <span class='ocrx_word' id='word_1_98' title='bbox 963 1399 1137 1467; x_wconf 78' lang='lat' dir='ltr'><strong>dilatanda.</strong></span> 
     </span>
    </p>
   </div>
   <div class='ocr_carea' id='block_1_7' title="bbox 122 1509 1263 1924">
    <p class='ocr_par' dir='ltr' id='par_1_7' title="bbox 122 1509 1263 1924">
     <span class='ocr_line' id='line_1_13' title="bbox 157 1509 1263 1593; baseline 0.001 -22"><span class='ocrx_word' id='word_1_99' title='bbox 157 1583 159 1588; x_wconf 17' lang='grc' dir='ltr'>ι</span> <span class='ocrx_word' id='word_1_100' title='bbox 206 1509 294 1571; x_wconf 89' lang='lat' dir='ltr'><strong>LIII.</strong></span> <span class='ocrx_word' id='word_1_101' title='bbox 338 1513 379 1572; x_wconf 92' lang='lat' dir='ltr'><strong>Ut</strong></span> <span class='ocrx_word' id='word_1_102' title='bbox 394 1512 503 1573; x_wconf 88' lang='lat' dir='ltr'><strong>nullus</strong></span> <span class='ocrx_word' id='word_1_103' title='bbox 529 1512 667 1593; x_wconf 87' lang='lat' dir='ltr'><strong>quilibet</strong></span> <span class='ocrx_word' id='word_1_104' title='bbox 680 1510 792 1570; x_wconf 89' lang='lat' dir='ltr'><strong>Missus</strong></span> <span class='ocrx_word' id='word_1_105' title='bbox 810 1519 929 1583; x_wconf 90' lang='lat' dir='ltr'><strong>noster,</strong></span> <span class='ocrx_word' id='word_1_106' title='bbox 947 1529 1053 1588; x_wconf 90' lang='lat' dir='ltr'><strong>neque</strong></span> <span class='ocrx_word' id='word_1_107' title='bbox 1071 1511 1263 1586; x_wconf 89' lang='lat' dir='ltr'><strong>Comes,ne·</strong></span> 
     </span>
     <span class='ocr_line' id='line_1_14' title="bbox 125 1591 1262 1676; baseline 0 -23"><span class='ocrx_word' id='word_1_108' title='bbox 125 1614 188 1676; x_wconf 85' lang='lat' dir='ltr'><strong>que</strong></span> <span class='ocrx_word' id='word_1_109' title='bbox 212 1594 326 1671; x_wconf 85' lang='lat' dir='ltr'><strong>ludex,</strong></span> <span class='ocrx_word' id='word_1_110' title='bbox 345 1604 400 1654; x_wconf 89' lang='lat' dir='ltr'><strong>aut</strong></span> <span class='ocrx_word' id='word_1_111' title='bbox 414 1595 604 1672; x_wconf 81' lang='lat' dir='ltr'><strong>scabineus,</strong></span> <span class='ocrx_word' id='word_1_112' title='bbox 627 1593 798 1656; x_wconf 89' lang='lat' dir='ltr'><strong>cuiuslibet</strong></span> <span class='ocrx_word' id='word_1_113' title='bbox 824 1591 976 1651; x_wconf 88' lang='lat' dir='ltr'><strong>iustitiam</strong></span> <span class='ocrx_word' id='word_1_114' title='bbox 999 1592 1135 1654; x_wconf 89' lang='lat' dir='ltr'><strong>dilatare</strong></span> <span class='ocrx_word' id='word_1_115' title='bbox 1166 1615 1262 1674; x_wconf 89' lang='lat' dir='ltr'><strong>prae-</strong></span> 
     </span>
     <span class='ocr_line' id='line_1_15' title="bbox 122 1674 1261 1760; baseline -0.004 -22"><span class='ocrx_word' id='word_1_116' title='bbox 122 1686 238 1752; x_wconf 89' lang='lat' dir='ltr'><strong>sumat,</strong></span> <span class='ocrx_word' id='word_1_117' title='bbox 249 1676 275 1736; x_wconf 86' lang='lat' dir='ltr'><strong>si</strong></span> <span class='ocrx_word' id='word_1_118' title='bbox 288 1678 395 1737; x_wconf 88' lang='lat' dir='ltr'><strong>statim</strong></span> <span class='ocrx_word' id='word_1_119' title='bbox 411 1678 584 1758; x_wconf 88' lang='lat' dir='ltr'><strong>adimpleta</strong></span> <span class='ocrx_word' id='word_1_120' title='bbox 598 1677 740 1760; x_wconf 86' lang='lat' dir='ltr'><strong>potuerit</strong></span> <span class='ocrx_word' id='word_1_121' title='bbox 751 1697 817 1736; x_wconf 88' lang='lat' dir='ltr'><strong>esse</strong></span> <span class='ocrx_word' id='word_1_122' title='bbox 828 1674 1006 1735; x_wconf 87' lang='lat' dir='ltr'><strong>secuudum</strong></span> <span class='ocrx_word' id='word_1_123' title='bbox 1020 1675 1261 1754; x_wconf 85' lang='lat' dir='ltr'><strong>rectitudinem,</strong></span> 
     </span>
     <span class='ocr_line' id='line_1_16' title="bbox 126 1756 1263 1842; baseline 0 -24"><span class='ocrx_word' id='word_1_124' title='bbox 126 1779 234 1839; x_wconf 88' lang='lat' dir='ltr'><strong>neque</strong></span> <span class='ocrx_word' id='word_1_125' title='bbox 263 1759 404 1840; x_wconf 88' lang='lat' dir='ltr'><strong>praemia</strong></span> <span class='ocrx_word' id='word_1_126' title='bbox 426 1783 484 1842; x_wconf 90' lang='lat' dir='ltr'><strong>pro</strong></span> <span class='ocrx_word' id='word_1_127' title='bbox 509 1758 570 1821; x_wconf 93' lang='lat' dir='ltr'><strong>hoc</strong></span> <span class='ocrx_word' id='word_1_128' title='bbox 593 1783 610 1818; x_wconf 87' lang='lat' dir='ltr'><strong>a</strong></span> <span class='ocrx_word' id='word_1_129' title='bbox 631 1759 778 1842; x_wconf 87' lang='lat' dir='ltr'><strong>quolibet</strong></span> <span class='ocrx_word' id='word_1_130' title='bbox 793 1757 923 1817; x_wconf 91' lang='lat' dir='ltr'><strong>homine</strong></span> <span class='ocrx_word' id='word_1_131' title='bbox 938 1777 997 1839; x_wconf 89' lang='lat' dir='ltr'><strong>per</strong></span> <span class='ocrx_word' id='word_1_132' title='bbox 1013 1756 1146 1839; x_wconf 85' lang='lat' dir='ltr'><strong>aliquod</strong></span> <span class='ocrx_word' id='word_1_133' title='bbox 1168 1756 1263 1840; x_wconf 81' lang='lat' dir='ltr'><strong>inge-</strong></span> 
     </span>
     <span class='ocr_line' id='line_1_17' title="bbox 129 1839 957 1924; baseline 0.005 -24"><span class='ocrx_word' id='word_1_134' title='bbox 129 1841 219 1900; x_wconf 89' lang='lat' dir='ltr'><strong>nium</strong></span> <span class='ocrx_word' id='word_1_135' title='bbox 246 1843 365 1902; x_wconf 87' lang='lat' dir='ltr'><strong>malum</strong></span> <span class='ocrx_word' id='word_1_136' title='bbox 388 1854 569 1924; x_wconf 88' lang='lat' dir='ltr'><strong>praesumat</strong></span> <span class='ocrx_word' id='word_1_137' title='bbox 584 1843 739 1924; x_wconf 89' lang='lat' dir='ltr'><strong>accipere.</strong></span> <span class='ocrx_word' id='word_1_138' title='bbox 782 1839 865 1902; x_wconf 79' lang='lat' dir='ltr'><strong>thid.</strong></span> <span class='ocrx_word' id='word_1_139' title='bbox 883 1862 908 1900; x_wconf 88' lang='lat' dir='ltr'><strong>e.</strong></span> <span class='ocrx_word' id='word_1_140' title='bbox 930 1862 957 1919; x_wconf 83' lang='lat'><strong>7.</strong></span> 
     </span>
    </p>
   </div>
   <div class='ocr_carea' id='block_1_8' title="bbox 221 1947 1099 2032">
    <p class='ocr_par' dir='ltr' id='par_1_8' title="bbox 221 1947 1099 2032">
     <span class='ocr_line' id='line_1_18' title="bbox 221 1947 1099 2032; baseline -0.003 -24"><span class='ocrx_word' id='word_1_141' title='bbox 221 2017 223 2022; x_wconf 15' lang='lat' dir='ltr'>y</span> <span class='ocrx_word' id='word_1_142' title='bbox 290 1948 339 2008; x_wconf 89' lang='lat' dir='ltr'><strong>De</strong></span> <span class='ocrx_word' id='word_1_143' title='bbox 363 1971 426 2009; x_wconf 86' lang='lat' dir='ltr'><strong>non</strong></span> <span class='ocrx_word' id='word_1_144' title='bbox 449 1947 588 2029; x_wconf 85' lang='lat' dir='ltr'><strong>cogendo</strong></span> <span class='ocrx_word' id='word_1_145' title='bbox 603 1947 648 2007; x_wconf 84' lang='lat' dir='ltr'><strong>od</strong></span> <span class='ocrx_word' id='word_1_146' title='bbox 658 1960 785 2032; x_wconf 84' lang='lat' dir='ltr'><strong>pontem</strong></span> <span class='ocrx_word' id='word_1_147' title='bbox 801 1948 848 2006; x_wconf 85' lang='lat' dir='ltr'><strong>ire</strong></span> <span class='ocrx_word' id='word_1_148' title='bbox 866 1968 959 2007; x_wconf 81' lang='lat' dir='ltr'><strong>causa</strong></span> <span class='ocrx_word' id='word_1_149' title='bbox 976 1947 1099 2012; x_wconf 85' lang='lat' dir='ltr'><strong>telonei.</strong></span> 
     </span>
    </p>
   </div>
   <div class='ocr_carea' id='block_1_9' title="bbox 123 2051 1273 2468">
    <p class='ocr_par' dir='ltr' id='par_1_9' title="bbox 123 2051 1273 2468">
     <span class='ocr_line' id='line_1_19' title="bbox 209 2051 1273 2136; baseline 0.004 -24"><span class='ocrx_word' id='word_1_150' title='bbox 209 2054 292 2115; x_wconf 90' lang='lat' dir='ltr'><strong>LIV.</strong></span> <span class='ocrx_word' id='word_1_151' title='bbox 336 2057 378 2114; x_wconf 88' lang='lat' dir='ltr'><strong>Ut</strong></span> <span class='ocrx_word' id='word_1_152' title='bbox 401 2054 511 2115; x_wconf 93' lang='lat' dir='ltr'><strong>nullus</strong></span> <span class='ocrx_word' id='word_1_153' title='bbox 533 2062 665 2136; x_wconf 78' lang='lat' dir='ltr'><strong>cogatur</strong></span> <span class='ocrx_word' id='word_1_154' title='bbox 681 2053 721 2112; x_wconf 91' lang='lat' dir='ltr'><strong>ad</strong></span> <span class='ocrx_word' id='word_1_155' title='bbox 736 2061 865 2136; x_wconf 89' lang='lat' dir='ltr'><strong>pontem</strong></span> <span class='ocrx_word' id='word_1_156' title='bbox 883 2052 928 2112; x_wconf 89' lang='lat' dir='ltr'><strong>ire</strong></span> <span class='ocrx_word' id='word_1_157' title='bbox 950 2052 987 2113; x_wconf 89' lang='lat' dir='ltr'><strong>ad</strong></span> <span class='ocrx_word' id='word_1_158' title='bbox 1006 2051 1142 2115; x_wconf 88' lang='lat' dir='ltr'><strong>fluvium</strong></span> <span class='ocrx_word' id='word_1_159' title='bbox 1162 2059 1273 2116; x_wconf 69' lang='lat' dir='ltr'><strong>trans·</strong></span> 
     </span>
     <span class='ocr_line' id='line_1_20' title="bbox 125 2134 1259 2218; baseline 0.002 -23"><span class='ocrx_word' id='word_1_160' title='bbox 125 2135 271 2196; x_wconf 82' lang='lat' dir='ltr'><strong>eundum</strong></span> <span class='ocrx_word' id='word_1_161' title='bbox 289 2146 423 2218; x_wconf 87' lang='lat' dir='ltr'><strong>propter</strong></span> <span class='ocrx_word' id='word_1_162' title='bbox 444 2137 565 2197; x_wconf 89' lang='lat' dir='ltr'><strong>telonei</strong></span> <span class='ocrx_word' id='word_1_163' title='bbox 585 2159 694 2196; x_wconf 89' lang='lat' dir='ltr'><strong>causas</strong></span> <span class='ocrx_word' id='word_1_164' title='bbox 712 2136 842 2218; x_wconf 91' lang='lat' dir='ltr'><strong>quando</strong></span> <span class='ocrx_word' id='word_1_165' title='bbox 864 2136 920 2195; x_wconf 89' lang='lat' dir='ltr'><strong>ille</strong></span> <span class='ocrx_word' id='word_1_166' title='bbox 937 2134 970 2194; x_wconf 90' lang='lat' dir='ltr'><strong>in</strong></span> <span class='ocrx_word' id='word_1_167' title='bbox 993 2135 1056 2194; x_wconf 88' lang='lat' dir='ltr'><strong>alio</strong></span> <span class='ocrx_word' id='word_1_168' title='bbox 1078 2136 1150 2197; x_wconf 91' lang='lat' dir='ltr'><strong>loco</strong></span> <span class='ocrx_word' id='word_1_169' title='bbox 1170 2158 1259 2196; x_wconf 85' lang='lat' dir='ltr'><strong>com·</strong></span> 
     </span>
     <span class='ocr_line' id='line_1_21' title="bbox 125 2217 1261 2302; baseline 0 -24"><span class='ocrx_word' id='word_1_170' title='bbox 125 2218 314 2298; x_wconf 89' lang='lat' dir='ltr'><strong>pendiosius</strong></span> <span class='ocrx_word' id='word_1_171' title='bbox 338 2219 420 2279; x_wconf 89' lang='lat' dir='ltr'><strong>illud</strong></span> <span class='ocrx_word' id='word_1_172' title='bbox 438 2218 556 2279; x_wconf 89' lang='lat' dir='ltr'><strong>flumen</strong></span> <span class='ocrx_word' id='word_1_173' title='bbox 573 2219 707 2280; x_wconf 89' lang='lat' dir='ltr'><strong>transire</strong></span> <span class='ocrx_word' id='word_1_174' title='bbox 724 2227 837 2299; x_wconf 90' lang='lat' dir='ltr'><strong>potest.</strong></span> <span class='ocrx_word' id='word_1_175' title='bbox 879 2217 1036 2277; x_wconf 83' lang='lat' dir='ltr'><strong>Similiter</strong></span> <span class='ocrx_word' id='word_1_176' title='bbox 1058 2219 1140 2277; x_wconf 88' lang='lat' dir='ltr'><strong>etin</strong></span> <span class='ocrx_word' id='word_1_177' title='bbox 1163 2219 1261 2302; x_wconf 91' lang='lat' dir='ltr'><strong>plano</strong></span> 
     </span>
     <span class='ocr_line' id='line_1_22' title="bbox 125 2299 1262 2384; baseline 0.002 -24"><span class='ocrx_word' id='word_1_178' title='bbox 125 2321 256 2382; x_wconf 89' lang='lat' dir='ltr'><strong>campo,</strong></span> <span class='ocrx_word' id='word_1_179' title='bbox 280 2301 335 2360; x_wconf 88' lang='lat' dir='ltr'><strong>ubi</strong></span> <span class='ocrx_word' id='word_1_180' title='bbox 358 2323 418 2362; x_wconf 91' lang='lat' dir='ltr'><strong>nec</strong></span> <span class='ocrx_word' id='word_1_181' title='bbox 442 2324 523 2383; x_wconf 90' lang='lat' dir='ltr'><strong>pons</strong></span> <span class='ocrx_word' id='word_1_182' title='bbox 540 2323 600 2362; x_wconf 89' lang='lat' dir='ltr'><strong>nec</strong></span> <span class='ocrx_word' id='word_1_183' title='bbox 614 2302 767 2363; x_wconf 88' lang='lat' dir='ltr'><strong>treiectus</strong></span> <span class='ocrx_word' id='word_1_184' title='bbox 784 2310 851 2373; x_wconf 89' lang='lat' dir='ltr'><strong>est,</strong></span> <span class='ocrx_word' id='word_1_185' title='bbox 874 2299 919 2358; x_wconf 90' lang='lat' dir='ltr'><strong>ibi</strong></span> <span class='ocrx_word' id='word_1_186' title='bbox 937 2299 1127 2361; x_wconf 89' lang='lat' dir='ltr'><strong>omnimodis</strong></span> <span class='ocrx_word' id='word_1_187' title='bbox 1139 2301 1262 2384; x_wconf 87' lang='lat' dir='ltr'><strong>praeci·</strong></span> 
     </span>
     <span class='ocr_line' id='line_1_23' title="bbox 123 2382 945 2468; baseline -0.001 -26"><span class='ocrx_word' id='word_1_188' title='bbox 123 2383 231 2465; x_wconf 89' lang='lat' dir='ltr'><strong>pimus</strong></span> <span class='ocrx_word' id='word_1_189' title='bbox 252 2393 288 2442; x_wconf 90' lang='lat' dir='ltr'><strong>ut</strong></span> <span class='ocrx_word' id='word_1_190' title='bbox 307 2405 370 2443; x_wconf 93' lang='lat' dir='ltr'><strong>non</strong></span> <span class='ocrx_word' id='word_1_191' title='bbox 390 2384 557 2448; x_wconf 87' lang='lat' dir='ltr'><strong>teloneum</strong></span> <span class='ocrx_word' id='word_1_192' title='bbox 575 2385 729 2468; x_wconf 82' lang='lat' dir='ltr'><strong>exigatur.</strong></span> <span class='ocrx_word' id='word_1_193' title='bbox 773 2382 858 2444; x_wconf 80' lang='lat' dir='ltr'><strong>ltid.</strong></span> <span class='ocrx_word' id='word_1_194' title='bbox 873 2404 898 2442; x_wconf 87' lang='lat' dir='ltr'><strong>c.</strong></span> <span class='ocrx_word' id='word_1_195' title='bbox 916 2404 945 2464; x_wconf 80' lang='lat'><strong>9.</strong></span> 
     </span>
    </p>
   </div>
   <div class='ocr_carea' id='block_1_10' title="bbox 124 2485 1263 3168">
    <p class='ocr_par' dir='ltr' id='par_1_10' title="bbox 167 2485 1220 2634">
     <span class='ocr_line' id='line_1_24' title="bbox 167 2485 1220 2567; baseline 0.001 -20"><span class='ocrx_word' id='word_1_196' title='bbox 167 2487 218 2547; x_wconf 90' lang='lat' dir='ltr'><strong>De</strong></span> <span class='ocrx_word' id='word_1_197' title='bbox 237 2489 295 2549; x_wconf 77' lang='lat' dir='ltr'><strong>ltoc</strong></span> <span class='ocrx_word' id='word_1_198' title='bbox 317 2491 345 2548; x_wconf 84' lang='lat' dir='ltr'><strong>si</strong></span> <span class='ocrx_word' id='word_1_199' title='bbox 364 2490 536 2567; x_wconf 82' lang='lat' dir='ltr'><strong>Presbyter</strong></span> <span class='ocrx_word' id='word_1_200' title='bbox 551 2504 693 2552; x_wconf 53' lang='lat' dir='ltr'><strong>sanctum.</strong></span> <span class='ocrx_word' id='word_1_201' title='bbox 712 2491 849 2549; x_wconf 78' lang='lat' dir='ltr'><strong>chrisma</strong></span> <span class='ocrx_word' id='word_1_202' title='bbox 866 2486 992 2547; x_wconf 84' lang='lat' dir='ltr'><strong>dederit</strong></span> <span class='ocrx_word' id='word_1_203' title='bbox 1007 2487 1053 2547; x_wconf 82' lang='lat' dir='ltr'><strong>ad</strong></span> <span class='ocrx_word' id='word_1_204' title='bbox 1067 2485 1220 2548; x_wconf 85' lang='lat' dir='ltr'><strong>iudicium</strong></span> 
     </span>
     <span class='ocr_line' id='line_1_25' title="bbox 309 2571 824 2634; baseline -0.006 -1"><span class='ocrx_word' id='word_1_205' title='bbox 309 2587 310 2592; x_wconf 77' lang='grc'>’</span> <span class='ocrx_word' id='word_1_206' title='bbox 586 2571 824 2634; x_wconf 81' lang='lat' dir='ltr'><strong>subvertendum</strong></span> 
     </span>
    </p>

    <p class='ocr_par' dir='ltr' id='par_1_11' title="bbox 124 2650 1262 3065">
     <span class='ocr_line' id='line_1_26' title="bbox 211 2650 1262 2737; baseline -0.001 -25"><span class='ocrx_word' id='word_1_207' title='bbox 211 2651 280 2713; x_wconf 88' lang='lat' dir='ltr'><strong>LV.</strong></span> <span class='ocrx_word' id='word_1_208' title='bbox 322 2655 366 2712; x_wconf 89' lang='lat' dir='ltr'><strong>Ut</strong></span> <span class='ocrx_word' id='word_1_209' title='bbox 384 2655 555 2737; x_wconf 85' lang='lat' dir='ltr'><strong>Presbyter</strong></span> <span class='ocrx_word' id='word_1_210' title='bbox 572 2655 629 2736; x_wconf 90' lang='lat' dir='ltr'><strong>qui</strong></span> <span class='ocrx_word' id='word_1_211' title='bbox 651 2665 795 2716; x_wconf 86' lang='lat' dir='ltr'><strong>sanctum</strong></span> <span class='ocrx_word' id='word_1_212' title='bbox 811 2653 948 2715; x_wconf 89' lang='lat' dir='ltr'><strong>chrisma</strong></span> <span class='ocrx_word' id='word_1_213' title='bbox 965 2650 1133 2712; x_wconf 88' lang='lat' dir='ltr'><strong>donaverit</strong></span> <span class='ocrx_word' id='word_1_214' title='bbox 1155 2651 1195 2712; x_wconf 87' lang='lat' dir='ltr'><strong>ad</strong></span> <span class='ocrx_word' id='word_1_215' title='bbox 1210 2651 1262 2711; x_wconf 89' lang='lat' dir='ltr'><strong>iu-</strong></span> 
     </span>
     <span class='ocr_line' id='line_1_27' title="bbox 124 2731 1260 2819; baseline 0.002 -25"><span class='ocrx_word' id='word_1_216' title='bbox 124 2731 250 2796; x_wconf 89' lang='lat' dir='ltr'><strong>dicium</strong></span> <span class='ocrx_word' id='word_1_217' title='bbox 269 2735 542 2814; x_wconf 81' lang='lat' dir='ltr'><strong>subvertendum,</strong></span> <span class='ocrx_word' id='word_1_218' title='bbox 564 2747 732 2819; x_wconf 87' lang='lat' dir='ltr'><strong>postquam</strong></span> <span class='ocrx_word' id='word_1_219' title='bbox 749 2736 788 2796; x_wconf 88' lang='lat' dir='ltr'><strong>dc</strong></span> <span class='ocrx_word' id='word_1_220' title='bbox 808 2737 908 2819; x_wconf 81' lang='lat' dir='ltr'><strong>gradu</strong></span> <span class='ocrx_word' id='word_1_221' title='bbox 922 2755 980 2797; x_wconf 91' lang='lat' dir='ltr'><strong>suo</strong></span> <span class='ocrx_word' id='word_1_222' title='bbox 998 2734 1162 2816; x_wconf 89' lang='lat' dir='ltr'><strong>depositus</strong></span> <span class='ocrx_word' id='word_1_223' title='bbox 1187 2736 1260 2796; x_wconf 85' lang='lat' dir='ltr'><strong>fue-</strong></span> 
     </span>
     <span class='ocr_line' id='line_1_28' title="bbox 126 2819 733 2895; baseline 0 -17"><span class='ocrx_word' id='word_1_224' title='bbox 126 2819 191 2895; x_wconf 90' lang='lat' dir='ltr'><strong>rit,</strong></span> <span class='ocrx_word' id='word_1_225' title='bbox 214 2839 346 2878; x_wconf 86' lang='lat' dir='ltr'><strong>manum</strong></span> <span class='ocrx_word' id='word_1_226' title='bbox 364 2820 495 2885; x_wconf 88' lang='lat' dir='ltr'><strong>amittat.</strong></span> <span class='ocrx_word' id='word_1_227' title='bbox 537 2821 620 2886; x_wconf 83' lang='lat' dir='ltr'><strong>ltid.</strong></span> <span class='ocrx_word' id='word_1_228' title='bbox 637 2843 662 2880; x_wconf 88' lang='lat' dir='ltr'><strong>c.</strong></span> <span class='ocrx_word' id='word_1_229' title='bbox 689 2841 733 2880; x_wconf 89' lang='lat'><strong>10.</strong></span> 
     </span>
     <span class='ocr_line' id='line_1_29' title="bbox 126 2922 1259 3065; baseline -0.003 -79"><span class='ocrx_word' id='word_1_230' title='bbox 126 2925 177 2986; x_wconf 87' lang='lat' dir='ltr'><strong>De</strong></span> <span class='ocrx_word' id='word_1_231' title='bbox 199 2923 381 3001; x_wconf 73' lang='lat' dir='ltr'><strong>iudicibus,</strong></span> <span class='ocrx_word' id='word_1_232' title='bbox 403 2924 601 3003; x_wconf 85' lang='lat' dir='ltr'><strong>Advocatis,</strong></span> <span class='ocrx_word' id='word_1_233' title='bbox 622 2924 841 3065; x_wconf 57' lang='lat' dir='ltr'><strong>anepositis,</strong></span> <span class='ocrx_word' id='word_1_234' title='bbox 864 2936 894 2982; x_wconf 87' lang='lat' dir='ltr'><strong>et</strong></span> <span class='ocrx_word' id='word_1_235' title='bbox 924 2923 1054 3006; x_wconf 86' lang='lat' dir='ltr'><strong>reliquis</strong></span> <span class='ocrx_word' id='word_1_236' title='bbox 1078 2922 1238 3012; x_wconf 86' lang='lat' dir='ltr'><strong>Ministris</strong></span> <span class='ocrx_word' id='word_1_237' title='bbox 1246 2968 1259 2997; x_wconf 87' lang='lat'><strong>,</strong></span> 
     </span>
    </p>

    <p class='ocr_par' dir='ltr' id='par_1_12' title="bbox 211 3009 1263 3168">
     <span class='ocr_line' id='line_1_30' title="bbox 724 3009 797 3064; baseline 0 0"><span class='ocrx_word' id='word_1_238' title='bbox 724 3009 752 3064; x_wconf 90' lang='lat' dir='ltr'><strong>si</strong></span> <span class='ocrx_word' id='word_1_239' title='bbox 776 3018 797 3064; x_wconf 88' lang='lat' dir='ltr'><strong>t.</strong></span> 
     </span>
     <span class='ocr_line' id='line_1_31' title="bbox 211 3028 1263 3168; baseline -0.004 -20"><span class='ocrx_word' id='word_1_240' title='bbox 211 3089 293 3150; x_wconf 88' lang='lat' dir='ltr'><strong>LVI.</strong></span> <span class='ocrx_word' id='word_1_241' title='bbox 336 3091 377 3148; x_wconf 92' lang='lat' dir='ltr'><strong>Ut</strong></span> <span class='ocrx_word' id='word_1_242' title='bbox 394 3089 536 3168; x_wconf 86' lang='lat' dir='ltr'><strong>ludices,</strong></span> <span class='ocrx_word' id='word_1_243' title='bbox 559 3028 734 3166; x_wconf 62' lang='lat' dir='ltr'><strong>Adliciii,</strong></span> <span class='ocrx_word' id='word_1_244' title='bbox 754 3029 953 3168; x_wconf 71' lang='lat' dir='ltr'><strong>I’raepositi,</strong></span> <span class='ocrx_word' id='word_1_245' title='bbox 976 3086 1183 3162; x_wconf 87' lang='lat' dir='ltr'><strong>Centenarii,</strong></span> <span class='ocrx_word' id='word_1_246' title='bbox 1206 3086 1263 3150; x_wconf 91' lang='lat' dir='ltr'><strong>Vi·</strong></span> 
     </span>
    </p>
   </div>
   <div class='ocr_carea' id='block_1_11' title="bbox 125 3169 1262 3317">
    <p class='ocr_par' dir='ltr' id='par_1_13' title="bbox 125 3169 1262 3317">
     <span class='ocr_line' id='line_1_32' title="bbox 125 3169 1262 3253; baseline 0.003 -24"><span class='ocrx_word' id='word_1_247' title='bbox 125 3169 228 3247; x_wconf 83' lang='lat' dir='ltr'><strong>carii,</strong></span> <span class='ocrx_word' id='word_1_248' title='bbox 254 3169 421 3247; x_wconf 87' lang='lat' dir='ltr'><strong>Scabinei,</strong></span> <span class='ocrx_word' id='word_1_249' title='bbox 443 3174 553 3253; x_wconf 91' lang='lat' dir='ltr'><strong>quales</strong></span> <span class='ocrx_word' id='word_1_250' title='bbox 575 3173 724 3232; x_wconf 88' lang='lat' dir='ltr'><strong>meliores</strong></span> <span class='ocrx_word' id='word_1_251' title='bbox 739 3171 880 3230; x_wconf 88' lang='lat' dir='ltr'><strong>inveniri</strong></span> <span class='ocrx_word' id='word_1_252' title='bbox 904 3177 1047 3253; x_wconf 90' lang='lat' dir='ltr'><strong>possunt,</strong></span> <span class='ocrx_word' id='word_1_253' title='bbox 1067 3170 1262 3232; x_wconf 86' lang='lat' dir='ltr'><strong>constituan-</strong></span> 
     </span>
     <span class='ocr_line' id='line_1_33' title="bbox 126 3252 967 3317; baseline 0.002 -5"><span class='ocrx_word' id='word_1_254' title='bbox 126 3262 182 3312; x_wconf 85' lang='lat' dir='ltr'><strong>tur</strong></span> <span class='ocrx_word' id='word_1_255' title='bbox 211 3253 252 3314; x_wconf 90' lang='lat' dir='ltr'><strong>ad</strong></span> <span class='ocrx_word' id='word_1_256' title='bbox 266 3275 324 3314; x_wconf 88' lang='lat' dir='ltr'><strong>sua</strong></span> <span class='ocrx_word' id='word_1_257' title='bbox 342 3252 520 3315; x_wconf 86' lang='lat' dir='ltr'><strong>ministeria</strong></span> <span class='ocrx_word' id='word_1_258' title='bbox 540 3254 728 3317; x_wconf 80' lang='lat' dir='ltr'><strong>exercenda.</strong></span> <span class='ocrx_word' id='word_1_259' title='bbox 772 3252 856 3314; x_wconf 87' lang='lat' dir='ltr'><strong>lbid.</strong></span> <span class='ocrx_word' id='word_1_260' title='bbox 872 3275 898 3313; x_wconf 89' lang='lat' dir='ltr'><strong>c.</strong></span> <span class='ocrx_word' id='word_1_261' title='bbox 921 3275 967 3315; x_wconf 86' lang='lat'><strong>11.</strong></span> 
     </span>
    </p>
   </div>
   <div class='ocr_carea' id='block_1_12' title="bbox 522 3360 846 3442">
    <p class='ocr_par' dir='ltr' id='par_1_14' title="bbox 522 3360 846 3442">
     <span class='ocr_line' id='line_1_34' title="bbox 522 3360 846 3442; baseline 0.009 -22"><span class='ocrx_word' id='word_1_262' title='bbox 522 3362 570 3420; x_wconf 86' lang='lat' dir='ltr'><strong>De</strong></span> <span class='ocrx_word' id='word_1_263' title='bbox 591 3360 686 3420; x_wconf 86' lang='lat' dir='ltr'><strong>mallo</strong></span> <span class='ocrx_word' id='word_1_264' title='bbox 708 3360 846 3442; x_wconf 81' lang='lat' dir='ltr'><strong>publico.</strong></span> 
     </span>
    </p>
   </div>
   <div class='ocr_carea' id='block_1_13' title="bbox 124 3464 1263 3715">
    <p class='ocr_par' dir='ltr' id='par_1_15' title="bbox 124 3464 1263 3715">
     <span class='ocr_line' id='line_1_35' title="bbox 208 3464 1261 3550; baseline 0.009 -28"><span class='ocrx_word' id='word_1_265' title='bbox 208 3465 309 3528; x_wconf 83' lang='lat' dir='ltr'><strong>LVII.</strong></span> <span class='ocrx_word' id='word_1_266' title='bbox 353 3468 396 3526; x_wconf 89' lang='lat' dir='ltr'><strong>Ut</strong></span> <span class='ocrx_word' id='word_1_267' title='bbox 427 3466 458 3524; x_wconf 90' lang='lat' dir='ltr'><strong>in</strong></span> <span class='ocrx_word' id='word_1_268' title='bbox 487 3467 567 3528; x_wconf 92' lang='lat' dir='ltr'><strong>locis</strong></span> <span class='ocrx_word' id='word_1_269' title='bbox 594 3467 648 3526; x_wconf 88' lang='lat' dir='ltr'><strong>ubi</strong></span> <span class='ocrx_word' id='word_1_270' title='bbox 672 3465 786 3525; x_wconf 89' lang='lat' dir='ltr'><strong>mallos</strong></span> <span class='ocrx_word' id='word_1_271' title='bbox 809 3464 956 3545; x_wconf 88' lang='lat' dir='ltr'><strong>publicos</strong></span> <span class='ocrx_word' id='word_1_272' title='bbox 979 3465 1098 3529; x_wconf 87' lang='lat' dir='ltr'><strong>habere</strong></span> <span class='ocrx_word' id='word_1_273' title='bbox 1132 3469 1261 3550; x_wconf 85' lang='lat' dir='ltr'><strong>solent,</strong></span> 
     </span>
     <span class='ocr_line' id='line_1_36' title="bbox 124 3546 1263 3630; baseline 0.006 -24"><span class='ocrx_word' id='word_1_274' title='bbox 124 3557 249 3608; x_wconf 85' lang='lat' dir='ltr'><strong>tectum</strong></span> <span class='ocrx_word' id='word_1_275' title='bbox 264 3548 327 3610; x_wconf 87' lang='lat' dir='ltr'><strong>talc</strong></span> <span class='ocrx_word' id='word_1_276' title='bbox 349 3549 589 3609; x_wconf 88' lang='lat' dir='ltr'><strong>constituantur</strong></span> <span class='ocrx_word' id='word_1_277' title='bbox 604 3550 692 3630; x_wconf 91' lang='lat' dir='ltr'><strong>quod</strong></span> <span class='ocrx_word' id='word_1_278' title='bbox 712 3548 745 3606; x_wconf 94' lang='lat' dir='ltr'><strong>in</strong></span> <span class='ocrx_word' id='word_1_279' title='bbox 761 3546 907 3630; x_wconf 84' lang='lat' dir='ltr'><strong>hyberno</strong></span> <span class='ocrx_word' id='word_1_280' title='bbox 931 3549 1007 3610; x_wconf 91' lang='lat' dir='ltr'><strong>etin</strong></span> <span class='ocrx_word' id='word_1_281' title='bbox 1027 3560 1143 3614; x_wconf 86' lang='lat' dir='ltr'><strong>aestate</strong></span> <span class='ocrx_word' id='word_1_282' title='bbox 1157 3552 1263 3615; x_wconf 89' lang='lat' dir='ltr'><strong>obser·</strong></span> 
     </span>
     <span class='ocr_line' id='line_1_37' title="bbox 128 3631 797 3715; baseline 0.007 -27"><span class='ocrx_word' id='word_1_283' title='bbox 128 3639 238 3715; x_wconf 65' lang='lat' dir='ltr'><strong>ratum</strong></span> <span class='ocrx_word' id='word_1_284' title='bbox 258 3650 325 3690; x_wconf 87' lang='lat' dir='ltr'><strong>esse</strong></span> <span class='ocrx_word' id='word_1_285' title='bbox 352 3631 460 3712; x_wconf 88' lang='lat' dir='ltr'><strong>possit.</strong></span> <span class='ocrx_word' id='word_1_286' title='bbox 503 3631 587 3692; x_wconf 80' lang='lat' dir='ltr'><strong>Jttd.</strong></span> <span class='ocrx_word' id='word_1_287' title='bbox 602 3653 628 3692; x_wconf 87' lang='lat' dir='ltr'><strong>c.</strong></span> <span class='ocrx_word' id='word_1_288' title='bbox 648 3633 693 3708; x_wconf 56' lang='grc' dir='ltr'><strong>[ὅ.</strong></span> <span class='ocrx_word' id='word_1_289' title='bbox 795 3667 797 3674; x_wconf 69' lang='lat'><strong>,</strong></span> 
     </span>
    </p>
   </div>
   <div class='ocr_carea' id='block_1_14' title="bbox 326 3737 1076 3821">
    <p class='ocr_par' dir='ltr' id='par_1_16' title="bbox 326 3737 1076 3821">
     <span class='ocr_line' id='line_1_38' title="bbox 326 3737 1076 3821; baseline 0.005 -26"><span class='ocrx_word' id='word_1_290' title='bbox 326 3737 375 3795; x_wconf 86' lang='lat' dir='ltr'><strong>De</strong></span> <span class='ocrx_word' id='word_1_291' title='bbox 404 3739 607 3798; x_wconf 83' lang='lat' dir='ltr'><strong>sacramentis</strong></span> <span class='ocrx_word' id='word_1_292' title='bbox 638 3737 684 3798; x_wconf 83' lang='lat' dir='ltr'><strong>ad</strong></span> <span class='ocrx_word' id='word_1_293' title='bbox 700 3738 855 3821; x_wconf 84' lang='lat' dir='ltr'><strong>palatium</strong></span> <span class='ocrx_word' id='word_1_294' title='bbox 880 3737 1076 3800; x_wconf 82' lang='lat' dir='ltr'><strong>adrhamitis.</strong></span> 
     </span>
    </p>
   </div>
   <div class='ocr_carea' id='block_1_15' title="bbox 128 3837 1263 4173">
    <p class='ocr_par' dir='ltr' id='par_1_17' title="bbox 128 3837 1263 4173">
     <span class='ocr_line' id='line_1_39' title="bbox 209 3837 1263 3926; baseline 0.009 -28"><span class='ocrx_word' id='word_1_295' title='bbox 209 3837 334 3926; x_wconf 66' lang='lat' dir='ltr'><strong>LVIII.¹</strong></span> <span class='ocrx_word' id='word_1_296' title='bbox 373 3844 416 3902; x_wconf 88' lang='lat' dir='ltr'><strong>Ut</strong></span> <span class='ocrx_word' id='word_1_297' title='bbox 434 3852 631 3903; x_wconf 86' lang='lat' dir='ltr'><strong>sacramenta</strong></span> <span class='ocrx_word' id='word_1_298' title='bbox 651 3865 733 3925; x_wconf 88' lang='lat' dir='ltr'><strong>quae</strong></span> <span class='ocrx_word' id='word_1_299' title='bbox 751 3844 794 3924; x_wconf 87' lang='lat' dir='ltr'><strong>ad</strong></span> <span class='ocrx_word' id='word_1_300' title='bbox 814 3843 968 3925; x_wconf 86' lang='lat' dir='ltr'><strong>palatium</strong></span> <span class='ocrx_word' id='word_1_301' title='bbox 988 3845 1123 3905; x_wconf 84' lang='lat' dir='ltr'><strong>fuerunt</strong></span> <span class='ocrx_word' id='word_1_302' title='bbox 1146 3847 1263 3907; x_wconf 86' lang='lat' dir='ltr'><strong>adrha-</strong></span> 
     </span>
     <span class='ocr_line' id='line_1_40' title="bbox 128 3919 1263 4005; baseline 0.009 -26"><span class='ocrx_word' id='word_1_303' title='bbox 128 3919 224 3997; x_wconf 86' lang='lat' dir='ltr'><strong>mita,</strong></span> <span class='ocrx_word' id='word_1_304' title='bbox 247 3919 280 3979; x_wconf 90' lang='lat' dir='ltr'><strong>in</strong></span> <span class='ocrx_word' id='word_1_305' title='bbox 303 3924 422 4004; x_wconf 89' lang='lat' dir='ltr'><strong>palatio</strong></span> <span class='ocrx_word' id='word_1_306' title='bbox 444 3925 663 4005; x_wconf 84' lang='lat' dir='ltr'><strong>perficiantur.</strong></span> <span class='ocrx_word' id='word_1_307' title='bbox 705 3927 748 3986; x_wconf 88' lang='lat' dir='ltr'><strong>Et</strong></span> <span class='ocrx_word' id='word_1_308' title='bbox 773 3925 799 3987; x_wconf 92' lang='lat' dir='ltr'><strong>si</strong></span> <span class='ocrx_word' id='word_1_309' title='bbox 828 3926 1136 3992; x_wconf 84' lang='lat' dir='ltr'><strong>consacramentales</strong></span> <span class='ocrx_word' id='word_1_310' title='bbox 1156 3928 1263 3989; x_wconf 78' lang='lat' dir='ltr'><strong>honi-</strong></span> 
     </span>
     <span class='ocr_line' id='line_1_41' title="bbox 131 4003 1261 4085; baseline 0.009 -23"><span class='ocrx_word' id='word_1_311' title='bbox 131 4023 186 4062; x_wconf 89' lang='lat' dir='ltr'><strong>nes</strong></span> <span class='ocrx_word' id='word_1_312' title='bbox 200 4023 279 4061; x_wconf 86' lang='lat' dir='ltr'><strong>cum</strong></span> <span class='ocrx_word' id='word_1_313' title='bbox 292 4003 361 4085; x_wconf 89' lang='lat' dir='ltr'><strong>ipso</strong></span> <span class='ocrx_word' id='word_1_314' title='bbox 382 4008 494 4068; x_wconf 82' lang='lat' dir='ltr'><strong>venire</strong></span> <span class='ocrx_word' id='word_1_315' title='bbox 512 4006 692 4085; x_wconf 86' lang='lat' dir='ltr'><strong>renuerint,</strong></span> <span class='ocrx_word' id='word_1_316' title='bbox 709 4008 849 4069; x_wconf 89' lang='lat' dir='ltr'><strong>iussione</strong></span> <span class='ocrx_word' id='word_1_317' title='bbox 865 4008 1024 4068; x_wconf 80' lang='lat' dir='ltr'><strong>dominica</strong></span> <span class='ocrx_word' id='word_1_318' title='bbox 1045 4017 1100 4068; x_wconf 89' lang='lat' dir='ltr'><strong>aut</strong></span> <span class='ocrx_word' id='word_1_319' title='bbox 1116 4008 1261 4076; x_wconf 84' lang='lat' dir='ltr'><strong>indiculo</strong></span> 
     </span>
     <span class='ocr_line' id='line_1_42' title="bbox 129 4083 1091 4173; baseline 0.007 -31"><span class='ocrx_word' id='word_1_320' title='bbox 129 4093 186 4144; x_wconf 84' lang='lat' dir='ltr'><strong>aut</strong></span> <span class='ocrx_word' id='word_1_321' title='bbox 200 4083 308 4168; x_wconf 84' lang='lat' dir='ltr'><strong>sigillo</strong></span> <span class='ocrx_word' id='word_1_322' title='bbox 326 4088 366 4150; x_wconf 91' lang='lat' dir='ltr'><strong>ad</strong></span> <span class='ocrx_word' id='word_1_323' title='bbox 385 4090 542 4172; x_wconf 86' lang='lat' dir='ltr'><strong>palatium</strong></span> <span class='ocrx_word' id='word_1_324' title='bbox 562 4090 675 4152; x_wconf 87' lang='lat' dir='ltr'><strong>venire</strong></span> <span class='ocrx_word' id='word_1_325' title='bbox 701 4100 867 4173; x_wconf 83' lang='lat' dir='ltr'><strong>cogantur.</strong></span> <span class='ocrx_word' id='word_1_326' title='bbox 908 4090 1027 4152; x_wconf 71' lang='lat' dir='ltr'><strong>Ibide.</strong></span> <span class='ocrx_word' id='word_1_327' title='bbox 1047 4094 1091 4169; x_wconf 71' lang='lat'><strong>¹4·</strong></span> 
     </span>
    </p>
   </div>
   <div class='ocr_carea' id='block_1_16' title="bbox 195 4193 1264 4373">
    <p class='ocr_par' dir='ltr' id='par_1_18' title="bbox 195 4193 1264 4373">
     <span class='ocr_line' id='line_1_43' title="bbox 427 4193 972 4278; baseline 0.007 -22"><span class='ocrx_word' id='word_1_328' title='bbox 427 4196 477 4256; x_wconf 87' lang='lat' dir='ltr'><strong>De</strong></span> <span class='ocrx_word' id='word_1_329' title='bbox 503 4193 727 4278; x_wconf 86' lang='lat' dir='ltr'><strong>impedimento</strong></span> <span class='ocrx_word' id='word_1_330' title='bbox 758 4195 972 4259; x_wconf 86' lang='lat' dir='ltr'><strong>clamatorum.</strong></span> 
     </span>
     <span class='ocr_line' id='line_1_44' title="bbox 195 4275 1264 4373; baseline 0.004 -33"><span class='ocrx_word' id='word_1_331' title='bbox 195 4275 297 4342; x_wconf 65' lang='lat' dir='ltr'><strong>clx.</strong></span> <span class='ocrx_word' id='word_1_332' title='bbox 338 4278 387 4373; x_wconf 78' lang='lat' dir='ltr'><strong>De</strong></span> <span class='ocrx_word' id='word_1_333' title='bbox 403 4276 628 4340; x_wconf 83' lang='lat' dir='ltr'><strong>clamatoribus</strong></span> <span class='ocrx_word' id='word_1_334' title='bbox 644 4278 704 4363; x_wconf 90' lang='lat' dir='ltr'><strong>qui</strong></span> <span class='ocrx_word' id='word_1_335' title='bbox 721 4297 873 4362; x_wconf 79' lang='lat' dir='ltr'><strong>magnum</strong></span> <span class='ocrx_word' id='word_1_336' title='bbox 899 4276 1167 4361; x_wconf 85' lang='lat' dir='ltr'><strong>impedimentum</strong></span> <span class='ocrx_word' id='word_1_337' title='bbox 1183 4281 1264 4344; x_wconf 82' lang='lat' dir='ltr'><strong>sacr·</strong></span> 
     </span>
    </p>
   </div>
   <div class='ocr_carea' id='block_1_17' title="bbox 0 0 1463 4986">
    <p class='ocr_par' dir='ltr' id='par_1_19' title="bbox 0 0 1463 4986">
     <span class='ocr_line' id='line_1_45' title="bbox 0 0 1463 4986; baseline 0 0"><span class='ocrx_word' id='word_1_338' title='bbox 0 0 1463 4986; x_wconf 95' lang='lat' dir='ltr'><strong> </strong></span> 
     </span>
    </p>
   </div>
  </div>
 </body>
</html>
