2910 4986
200 321 275 388 480
618 339 922 396 cartrutaarun«

260 478 318 542 De
338 481 539 566 oppressione
558 469 750 566 pauperum,
781 480 971 552 viduarum,
994 491 1026 539 et
1040 477 1249 564 pupillorum.

272 585 385 652 XLVI.
427 588 476 647 De
506 587 717 670 pauperibus,
748 586 874 662 viduis,
897 596 930 648 et
949 584 1085 668 pupillis
1115 583 1236 644 iniuste
1264 602 1325 664 op-

195 667 324 752 pressis,
345 669 493 730 tolumus
508 680 544 730 ut
565 671 761 732 adiuventur
776 680 809 731 et
827 673 1026 734 releventur.
1067 665 1151 728 laid.
1173 686 1199 726 c.
1213 667 1242 726 5.

336 777 391 839 De
416 777 540 835 iniustis
568 770 841 837 consuctudinibus
863 777 989 836 noviter
1016 771 1178 834 institutis.

274 881 403 946 XLVII.
446 884 495 943 De
516 881 642 943 iniustis
665 881 885 942 occasionibus
906 891 937 943 et
952 878 1241 941 consuctudinibus
1262 900 1324 939 no-

191 965 278 1026 uiter
296 963 470 1040 institutis,
492 963 576 1026 sicut
598 973 673 1026 sunt
687 965 806 1025 tributa
828 975 860 1024 et
874 964 997 1025 telonei
1020 963 1052 1022 in
1068 961 1173 1022 media
1188 963 1252 1040 via,
1268 963 1325 1021 ubi

194 1070 255 1110 nec
273 1070 375 1130 aqua,
398 1065 458 1107 nec
473 1047 589 1128 palus,
612 1069 672 1108 nec
688 1070 787 1128 pons,
810 1068 869 1108 nec
887 1047 1012 1129 aliquid
1039 1045 1100 1106 tale
1117 1044 1217 1105 fuerit
1235 1044 1324 1104 unde

192 1151 310 1194 census
331 1131 412 1191 iuste
428 1129 513 1211 exigi
531 1129 647 1210 possit,
670 1130 722 1191 vel
740 1130 795 1190 ubi
811 1151 906 1190 naves
923 1129 1032 1190 subtus
1049 1136 1164 1208 pontes
1183 1126 1323 1188 transire

193 1213 318 1289 solent,
341 1212 463 1274 sivein
480 1208 587 1273 medio
607 1212 760 1289 flumine,
792 1212 846 1272 ubi
876 1209 1005 1272 nullum
1026 1211 1227 1271 obstaculum
1253 1217 1324 1284 est,

193 1305 231 1356 ut
251 1295 460 1355 auferantur:
482 1295 633 1378 antiquae
651 1306 759 1356 autem
775 1294 815 1355 ad
836 1303 976 1356 nostram
997 1293 1145 1355 notitiam
1166 1292 1321 1353 deferan-

193 1387 258 1443 tur.
300 1377 385 1439 [bid.
401 1397 428 1438 0·
444 1379 474 1454 4ο

545 1463 600 1524 De
622 1461 740 1524 bonore
760 1459 985 1521 Ecclesiarum.

273 1541 420 1604 XLVlll.
456 1544 510 1604 De
529 1543 653 1605 honore
674 1543 910 1619 Ecclesiarum,
932 1552 968 1602 ut
983 1563 1043 1625 per
1068 1540 1174 1602 omnia
1201 1541 1245 1602 eis
1267 1561 1326 1602 exa

194 1622 346 1686 bibeatur
364 1623 449 1686 sicut
465 1627 603 1708 nuperis
625 1625 716 1687 nobis
735 1646 809 1686 cum
827 1646 986 1688 consensu
1008 1623 1152 1684 omnium
1178 1623 1325 1684 fidelium

193 1716 378 1768 nostrorum
396 1709 606 1770 constitutum
621 1719 685 1785 est,
708 1717 738 1769 et
758 1719 793 1770 ut
811 1707 873 1770 hoc
895 1709 982 1770 Missi
998 1707 1098 1768 nostri
1118 1705 1266 1767 omnibus
1289 1707 1323 1766 in

187 1810 251 1852 sua
270 1787 430 1873 legatione
451 1790 633 1854 constitutis
651 1800 764 1852 notum
785 1791 933 1853 efficiant.
973 1791 1059 1856 Ibid.
1073 1810 1099 1855 c.
1109 1789 1138 1854 5.

570 1899 625 1962 De
649 1897 742 1958 nonis
762 1912 801 1957 et·
815 1897 956 1958 decimis.

277 1976 391 2046 XLIX.
432 1981 481 2040 De
517 1981 611 2062 nonis
638 1990 670 2042 et
693 1979 848 2059 decimis,
883 1989 920 2040 ut
946 1979 1126 2063 secundum
1149 1977 1324 2041 iussionem

194 2070 337 2125 nostram
358 2063 488 2130 dentur,
529 2062 613 2124 leid.
632 2085 659 2125 c.
679 2063 709 2124 6.

366 2171 423 2232 De
444 2168 523 2231 locis
542 2167 588 2230 nd
605 2171 743 2230 claustra
764 2167 994 2230 Canonicorum
1006 2167 1170 2250 socienda.

276 2275 313 2335 L.
353 2274 498 2336 Delocis
516 2275 630 2337 dandis
657 2276 698 2336 ad
720 2275 858 2336 claustra
886 2274 1123 2336 canonicorum
1151 2273 1323 2352 facienda,

193 2357 221 2419 si
238 2364 324 2418 terra
343 2355 383 2416 ‹le
401 2356 545 2418 ciusdem
558 2358 723 2419 Ecclesiae
738 2357 833 2418 rebus
851 2357 967 2433 fuerit,
1002 2367 1109 2418 nostra
1132 2358 1327 2419 liberalitate

194 2439 394 2501 concedatur
417 2437 473 2500 ibi.
514 2441 549 2502 si
568 2441 607 2502 de
628 2439 759 2500 alterius
778 2438 941 2500 Ecclesiae
961 2439 1014 2516 vel
1032 2440 1208 2501 liberorum
1225 2439 1329 2500 horni-¹

196 2542 300 2599 num,
323 2529 546 2601 commutetur.
589 2522 625 2585 si
650 2532 758 2582 autem
774 2523 812 2584 de
830 2521 906 2582 fisco
930 2530 1039 2582 nostro
1064 2523 1186 2602 fuerit,
1217 2532 1328 2585 nostra

195 2603 388 2666 liberalitate
407 2606 611 2666 concedatur.
653 2603 737 2669 ltid.
750 2626 776 2669 c.
794 2627 821 2684 7.

348 2715 409 2776 De
430 2709 649 2772 observatione
675 2721 914 2795 praeceptorum
934 2709 1173 2775 dominicorum.

275 2817 328 2880 LI.
369 2819 419 2879 De
442 2816 666 2880 observatione
683 2826 928 2900 praeceptorum
949 2827 1131 2879 nostrornm
1157 2824 1190 2880 et
1208 2818 1328 2880 imma·-

195 2901 352 2978 nitatum,
374 2910 411 2960 ut
426 2899 470 2960 ita
490 2900 721 2978 observentur,
742 2899 826 2960 sicut
845 2899 863 2960 a
883 2899 975 2960 nobis
998 2910 1030 2961 et
1049 2901 1088 2962 ab
1115 2902 1329 2963 antecessori-

196 2985 258 3047 bus
275 2982 393 3046 nostris
411 2983 622 3044 constitutum
636 2992 692 3044 est.
733 2981 817 3044 Ibid.
826 3002 852 3042 c.
862 2982 892 3047 8.

237 3093 293 3154 De
310 3091 360 3150 bis
374 3089 430 3172 qni
459 3090 621 3150 occasione
635 3088 837 3148 immunitatis
857 3082 1126 3170 instz'tiamsacere
1142 3075 1282 3152 renuunt.

277 3195 345 3255 Lll.
386 3196 435 3255 De
452 3193 503 3254 bis
519 3194 576 3276 qui
591 3216 650 3277 per
666 3191 866 3255 occasionem
888 3193 1097 3258 immunitatis
1112 3183 1267 3258 iustiiiam
1282 3197 1329 3258 faa

198 3296 273 3422 {ppo
293 3285 467 3442 inlinit&
485 3286 522 3337 ut
542 3277 603 3338 hoc
636 3278 824 3371 observetur
845 3276 934 3360 quod
956 3279 975 3338 i
1003 3277 1096 3340 nohis
1117 3279 1329 3356 constitutum

279 3465 336 3530 De
355 3465 434 3525 locis
451 3462 636 3526 iamdudum
656 3465 773 3543 sacris,
797 3478 827 3526 et
841 3481 920 3528 nunc
934 3466 1086 3549 spurcitia
1091 3441 1246 3546 facciatis.

280 3562 364 3634 Llll.
405 3573 453 3633 Dc
465 3570 545 3632 locis
553 3571 739 3632 iamdudum
750 3572 846 3635 sacris
856 3582 887 3638 et
905 3591 991 3633 nunc
1006 3571 1158 3654 spurcitia
1174 3571 1328 3648 foedatis,

199 3665 238 3720 nt
253 3656 343 3719 iuxta
350 3653 593 3738 possibilitatem
602 3654 634 3712 in
647 3654 818 3735 antiquum
827 3665 942 3716 statum
951 3657 1175 3716 reformentur.
1183 3649 1232 3716 It.
1241 3675 1268 3715 c.
1284 3675 1331 3714 ro.-

459 3761 508 3820 De
524 3758 686 3844 beneficiis
709 3753 877 3822 dominicis
894 3761 1072 3824 destructis.

281 3865 364 3936 LIV.
405 3865 1333 3948 Debeneliciisnostris,quaedestrnctainveniuntur,hoo·

201 3956 374 4042 impleatur
387 3951 475 4035 quod
489 3967 593 4031 nuper
606 3949 722 4008 innobis
734 3949 942 4010 constitutum
957 3960 1012 4012 est.
1032 3951 1116 4013 Ibid.
1125 3974 1151 4013 c.
1164 3975 1173 4011 1
1184 3975 1207 4018 ι.

241 4067 298 4128 De
314 4060 406 4143 salso
429 4059 554 4118 monela
565 4098 578 4126 ,
601 4061 632 4114 et
651 4050 691 4113 de
719 4055 791 4114 aliis
807 4053 945 4115 diversis
959 4058 1060 4117 causis
1076 4055 1291 4141 prohibendis.

281 4169 348 4232 LV.
389 4168 438 4228 De
458 4178 542 4224 nova
561 4170 690 4222 moneta
707 4161 793 4222 etde
815 4161 893 4222 falsa
914 4172 1059 4240 moneta,-
1082 4163 1170 4231 cttde
1182 4164 1337 4246 ⁴dispectu

201 4255 382 4319 litterarum
401 4255 599 4322 nostrarum,
621 4251 653 4308 ct
669 4243 709 4305 de
724 4239 911 4306 latronibus
924 4246 1111 4310 coercendis
1119 4249 1180 4309 -nel
1195 4247 1336 4334 punicu·-
