2910 4986
161 285 238 360 490
568 303 860 366 crrrrunnruunr

242 439 302 508 Vt.
347 442 419 506 Odo
440 442 652 520 buticularius
673 444 712 505 de
733 444 850 506 foreste
874 465 931 506 sua
955 445 1201 531 interrogandus
1226 461 1288 518 est,

243 524 320 591 vlt.
361 528 410 586 De
439 526 534 587 rebus
558 549 637 607 quas
660 527 802 587 Marchio
824 527 955 588 tradidit
979 530 1046 591 filio
1068 532 1200 594 Bosonis
1228 535 1289 594 vei‘

160 609 231 671 aliis
252 607 457 684 hominibus,
483 609 630 670 volumus
654 620 688 670 ut
704 610 737 668 hi
758 609 874 690 quibus
891 611 1026 672 traditae
1048 613 1189 692 fuerunt,
1214 636 1292 677 ves--

159 693 291 757 tituram
312 713 400 752 suam
418 691 585 772 accipiant,
607 702 639 753 et
661 692 791 774 insuper
810 693 1092 759 confirmationem.

245 773 336 839 vttt.
379 777 427 836 De
451 775 546 835 rebus
564 797 641 857 quas
656 775 811 857 quaedam
833 775 949 834 femina
976 777 1161 858 Hildegardi
1182 779 1282 862 Regi-

161 879 220 917 nae
232 857 374 930 tradidit,
395 867 432 916 et
446 858 628 939 portionem
644 879 739 938 quam
756 857 817 917 sibi
839 857 978 918 servarit
1000 858 1117 920 iniuste
1141 861 1288 923 amisisse

160 939 289 1013 dicitur,
312 942 458 1000 volumus
476 949 512 1000 ut
533 939 640 1000 charta
653 939 833 1000 traditionis
847 949 1018 1020 quaeratur
1032 951 1064 1002 et
1081 942 1279 1024 inspiciatur,

161 1032 193 1084 et
214 1033 290 1082 tunc
307 1023 385 1105 quid
403 1023 459 1080 itta
481 1023 598 1082 habere
623 1022 735 1082 debeat
756 1021 935 1086 definiatur.

245 1103 300 1168 ΙΧ.
343 1107 517 1183 Queretam
535 1127 630 1186 quum
651 1103 840 1164 Heiizaohar
858 1113 888 1164 et
910 1103 1281 1166 HeimvinuscontraMa-
1390 1095 1394 1100 i

160 1186 318 1272 ginarium
334 1187 468 1263 habent,
487 1190 634 1248 volumus
651 1196 687 1246 ut
704 1186 790 1248 Missi
809 1186 907 1246 nostri
925 1187 1104 1248 secundum
1126 1188 1281 1250 iustitiam

161 1280 194 1332 et
219 1270 412 1350 aequitatem
430 1269 593 1335 definiant.
1066 1287 1076 1310 ἐ
1118 1293 1120 1298 ·

175 1391 178 1396 -
243 1351 283 1416 X.
325 1354 372 1412 De
387 1354 517 1433 quercia
535 1349 742 1412 Hildehrandi
760 1350 902 1425 Comitis,
925 1351 1017 1432 quod
1030 1371 1181 1432 pagenses
1208 1353 1277 1413 eius

160 1434 354 1516 paravereda
378 1435 451 1494 dare
473 1442 638 1509 recusant,
662 1434 806 1495 volumus
830 1443 865 1492 ut
878 1433 939 1494 hoc
957 1433 1043 1494 Missi
1062 1433 1162 1492 nostri
1178 1434 1215 1493 ab
1226 1435 1285 1496 his-

160 1515 343 1579 hominibus
364 1517 419 1596 qui
442 1515 474 1574 in
494 1517 606 1577 eodem
626 1516 775 1574 comitatu
797 1525 935 1584 manent,
948 1525 980 1577 et
996 1537 1033 1575 ea
1050 1514 1124 1575 dare
1145 1537 1208 1575 non
1225 1516 1279 1576 de·

160 1601 257 1674 hent,
272 1618 408 1682 ⁸necnon
433 1607 465 1658 et
488 1597 632 1658 avicinis
653 1597 830 1658 Comitibus
845 1597 1031 1677 inquirant3-
1045 1605 1077 1656 et
1094 1595 1120 1657 si
1141 1597 1285 1658 invene·-

160 1685 227 1744 rint
251 1680 338 1762 quod
359 1680 419 1759 ipsi
447 1701 483 1740 ea
515 1679 613 1744 dandi
650 1679 809 1740 debitores
829 1689 914 1756 suut,
937 1700 976 1740 ex
998 1687 1106 1741 nostra
1137 1679 1289 1743 iussione

163 1764 244 1829 dare
255 1761 462 1846 praecipiant.

355 1947 360 1965 ,
466 1877 667 1947 Exrurcrr
709 1896 980 1972 urorpoouus„
