2910 4986
202 321 275 398 472
611 340 918 402 carnotanam

201 494 307 544 torum
328 491 513 544 consecrata
529 489 576 542 est
597 487 626 557 c)
658 479 841 544 huiusmodi
869 478 1079 543 homicidium
1113 496 1331 568 perpetratum

201 565 312 642 luerit,
334 563 432 640 simili
449 563 543 624 modo
561 566 754 631 emendetur
771 567 823 628 vel
844 575 1063 646 componatur.
1105 565 1139 627 Si
1153 589 1240 630 uero
1257 593 1336 650 por·-

180 649 182 652 ’
201 647 407 710 taEcclesiae
423 667 489 706 non
508 656 556 707 est
573 660 773 726 consecrata,
796 670 835 710 eo
853 647 949 709 modo
965 660 1176 730 componatur
1194 643 1333 732 qnod'in

201 731 283 794 atrio
307 728 526 808 committitur,
537 729 620 790 sicut
630 731 779 816 componi
798 730 895 792 debet
904 729 1035 812 quadiu
1050 730 1336 798 immunitate-rio,

202 815 267 876 lata
286 811 505 878 committitur.
550 813 685 896 Capitol.
706 816 734 876 1.
749 838 778 874 a.
799 813 871 896 819.
884 833 911 874 c.
929 833 954 876 1.

285 921 341 982 De
361 919 488 978 iniuriis
507 915 714 982 Sacerdotem
735 920 789 980 nel
804 917 1016 1001 quorumlibet
1033 942 1078 983 ex
1103 920 1195 983 Clero
1216 923 1252 984 in

517 1059 520 1064 .
626 1001 770 1064 Ecclesia
795 1000 907 1082 factis.

285 1083 372 1148 XIV.
414 1081 589 1164 Sanguinis
607 1083 719 1146 effusio
743 1085 777 1144 in
801 1083 947 1147 Ecclesia
973 1086 1057 1154 facta
1082 1107 1155 1148 cum
1179 1089 1282 1166 fuste,
1305 1090 1334 1156 si

128 1179 136 1191 ³
202 1167 376 1248 Presbyter
395 1165 512 1244 fuerit,
535 1167 632 1249 triplo
653 1177 882 1250 componatur,
903 1167 980 1230 duas
992 1179 1098 1250 partes
1118 1169 1222 1231 eidem
1235 1172 1333 1233 Pres-

202 1250 328 1333 bytero,
348 1248 443 1309 tertia
459 1270 517 1330 pro
533 1249 625 1309 fredo
639 1250 678 1311 ad
697 1250 892 1326 Ecclesiam,
915 1260 948 1320 et
964 1249 1097 1333 iusuper
1113 1252 1238 1316 bannus
1261 1275 1334 1315 nos-

202 1343 263 1397 ter.
305 1329 462 1390 Similiter
484 1331 523 1396 de
538 1332 684 1394 Diacono
698 1332 787 1398 iuxta
804 1330 1069 1414 compositionem
1092 1333 1161 1398 cius
1180 1335 1213 1394 in
1234 1335 1333 1418 triplo

203 1437 277 1477 cum
291 1411 399 1480 banno
419 1410 527 1474 nos'tro
547 1425 765 1498 componatur.
806 1417 855 1477 De
888 1414 1093 1480 Subdiacono
1118 1416 1268 1478 similiter
1297 1419 1331 1478 in

201 1496 302 1578 triplo
320 1494 499 1556 secundum
519 1517 607 1556 suam
622 1497 896 1580 compositionem.
937 1497 990 1572 (Et
1014 1498 1054 1562 de
1077 1498 1331 1580 uniuscuiusque

204 1577 328 1641 ordinis
343 1577 472 1639 Clerico
488 1580 665 1640 secuudum
680 1603 768 1641 suam
788 1577 1050 1663 compositionem
1067 1579 1102 1639 in
1129 1580 1227 1664 triplo
1255 1603 1332 1662 per-

203 1662 365 1735 solvatur,
388 1669 420 1720 et
444 1659 578 1742 insuper
591 1661 717 1730 bannus
744 1672 853 1724 noster
877 1663 921 1742 d)
963 1661 1119 1723 Similiter
1140 1673 1173 1724 et
1200 1662 1240 1724 de
1265 1664 1333 1725 ictu

204 1744 274 1806 sine
291 1742 456 1824 sanguinis
478 1741 631 1806 effusione
650 1744 689 1806 de
713 1745 966 1827 uniuscuiusque
987 1744 1109 1806 ordinis
1130 1744 1259 1807 Clerico
1279 1768 1332 1806 se-

202 1824 349 1888 cundum
367 1845 455 1886 suam
481 1826 744 1908 compositionem
760 1828 793 1886 in
809 1829 926 1910 triplo,
949 1835 981 1886 et
992 1826 1118 1892 bannus
1133 1837 1250 1896 noster.
1286 1827 1329 1888 Et

204 1907 261 1990 qui
276 1928 341 1967 non
360 1906 459 1967 habet
475 1908 562 1974 uude
580 1910 620 1970 ad
636 1910 814 1971 Ecclesiam
835 1909 1016 1994 persolvat,
1038 1909 1141 1971 tradat
1155 1929 1189 1970 se
1212 1910 1244 1975 in
1261 1929 1331 1970 ser-

204 1989 321 2135 vgtipm
337 1989 443 2055 eidem
457 1990 623 2053 Ecclesiae
644 1993 842 2074 usquedum
863 2002 966 2054 totum
994 1991 1138 2060 debitum
1159 1993 1335 2074 persolvat,¹

203 2075 257 2135 Ii
282 2093 367 2140 .c.2..

498 2158 553 2220 De
568 2159 722 2220 solutione
741 2161 839 2220 occisi
851 2158 1040 2240 Presbyteri.

186 2281 200 2316 .·
286 2265 358 2327 XV.
401 2263 582 2346 Presbyteri
599 2263 763 2326 interfecti
780 2263 940 2346 Episcopo
965 2264 1006 2324 ad
1031 2262 1123 2328 cuius
1147 2263 1333 2345 parochiam

100 2402 103 2408 .
202 2345 389 2426 pertinent,
410 2346 772 2408 solvantursecundum
788 2347 971 2426 Capitularc
1000 2345 1130 2428 gloriosi
1151 2347 1263 2407 Karoli
1281 2370 1334 2428 ge·v

205 2427 320 2489 nitoris
338 2427 460 2503 nostri,
484 2429 526 2489 ita
550 2421 704 2491 videlicet
717 2440 753 2490 ut
766 2429 968 2496 medietatem
988 2429 1128 2509 wugrldt
1150 2449 1218 2493 erus
1237 2430 1333 2510 Epis-2

205 2531 304 2592 copus
320 2510 511 2572 utilitatibus
533 2511 697 2577 Ecclesiae
713 2512 765 2570 cui
789 2512 947 2592 praefuit,
976 2512 1112 2587 tribuat,
1148 2519 1180 2569 et
1201 2512 1333 2572 alteram

204 2593 410 2655 medietatem
430 2594 463 2652 in
482 2593 683 2676 eleemosyna
700 2594 788 2656 illius
805 2594 886 2654 iuste
914 2593 1094 2674 dispertiat;
1118 2591 1195 2674 quia
1223 2595 1334 2654 nullus

205 2675 297 2756 nobis
312 2675 382 2738 eius
397 2675 492 2738 heres
509 2677 687 2759 proximior
701 2676 830 2738 videtur
846 2680 952 2758 (quam
973 2675 1030 2736 ille
1053 2675 1110 2758 qui
1138 2675 1243 2757 ipsum
1265 2679 1334 2736 Dos

204 2755 295 2820 mino
314 2759 449 2820 sociavit
469 2765 512 2832 e),

442 2867 496 2926 De
515 2862 641 2941 viduis,
661 2864 814 2947 pupillis,
837 2877 868 2924 et
886 2864 1086 2948 pauperibus.

286 2947 373 3011 XVI.
414 2946 633 3027 Praecipimus
650 2958 687 3007 ut
708 2946 968 3027 quandocunque
984 2945 1017 3004 in
1041 2944 1173 3006 mallum
1190 2955 1262 3006 aute
1275 2947 1337 3006 Coa

204 3027 315 3090 mitem
343 3027 478 3100 viduae,
500 3028 636 3110 pupilli,
658 3038 691 3089 et
719 3049 874 3112 pauperes
906 3027 1073 3104 venerint,
1094 3027 1197 3108 primo
1222 3049 1335 3094 corum

204 3132 300 3172 causa
313 3112 461 3172 audiatur
480 3121 512 3171 et
526 3107 709 3173 definiatur.
740 3112 782 3171 Et
803 3111 829 3171 si
849 3119 945 3170 testes
960 3130 1019 3190 per
1033 3131 1066 3170 se
1083 3108 1123 3170 ad
1140 3131 1247 3170 causas
1261 3131 1334 3168 suas

205 3193 408 3274 quaerendas
426 3191 545 3254 habere
559 3194 633 3253 ‘non
650 3195 836 3275 potuerint,
861 3190 912 3253 vel
930 3190 1035 3272 legem
1054 3191 1245 3268 nescierint,
1268 3192 1334 3250 Co.-

203 3295 271 3335 mes
293 3273 367 3336 illos
396 3274 450 3337 vel
477 3273 564 3336 illas'
582 3275 727 3353 adiuvet,
750 3276 856 3340 dando
883 3273 928 3335 eis
960 3273 1056 3333 talem
1085 3273 1249 3344 hominem
1277 3271 1336 3356 qui

203 3355 364 3419 rationem
379 3379 492 3420 eorum
508 3366 617 3420 teneat
630 3358 682 3418 vel
701 3380 760 3444 pro
776 3357 822 3419 eis
841 3357 1002 3438 loquatur,
1043 3355 1129 3424 lbid.
1140 3377 1166 3418 c.
1180 3359 1210 3423 5.

584 3465 638 3524 De
660 3477 752 3546 raptu
772 3463 952 3528 viduarum.

286 3545 389 3610 XVII.
432 3546 499 3623 Qui
524 3544 655 3606 viduam
675 3544 759 3604 intra
778 3546 897 3627 primos
926 3543 1056 3625 triginta
1081 3543 1148 3606 dies
1171 3545 1335 3608 viduitatis

204 3649 299 3704 suae,
322 3629 376 3690 vel
400 3627 554 3700 invitam,
577 3626 631 3688 vel
662 3628 823 3688 volentem
851 3626 911 3686 sibi
936 3626 1156 3708 copulaverit,
1191 3629 1336 3692 bannum

205 3721 351 3772 nostrum
359 3755 369 3788 ,
391 3709 505 3786 idest,
528 3711 694 3792 sexaginta
714 3709 834 3772 solidos
850 3707 883 3768 in
905 3708 1004 3790 triplo
1019 3719 1200 3790 componat.
1242 3710 1285 3774 Et
1309 3715 1336 3770 si

203 3792 339 3854 invitam
357 3814 427 3855 cam
445 3793 548 3871 duxit,
570 3793 674 3874 legem
694 3813 783 3853 suam
795 3793 825 3854 ei
845 3801 1035 3876 componat,
1057 3792 1146 3854 illam
1162 3814 1241 3856 vero
1255 3793 1338 3853 ulta
1449 3857 1450 3866 χ

202 3874 271 3938 rius
295 3898 361 3938 non
379 3876 523 3958 attingat.
564 3874 649 3939 [bid.
662 3876 725 3951 cl.

295 3985 350 4044 De
373 3983 498 4042 bomine
517 3981 675 4063 publicam
693 3980 919 4063 poenitentiam
939 3990 1047 4060 agente
1069 3978 1247 4060 interserto.

283 4065 402 4128 XVIII.
446 4063 511 4140 Qui
547 4061 711 4124 hominem
740 4060 904 4143 publicam
928 4060 1162 4145 poenitentiam
1188 4071 1337 4147 agentem

209 4175 478 4194 ’nu—⁸¹¹·—

238 4237 269 4292 c)
285 4231 393 4283 Desunt
410 4232 439 4282 iu
458 4230 492 4280 at·
512 4246 569 4284 mss.
831 4235 859 4285 a)
876 4229 984 4283 Desunt
1000 4230 1030 4284 iu
1047 4231 1082 4283 al.
1100 4247 1160 4299 mss.
1254 4219 1258 4228 ’

237 4299 270 4367 l)
285 4302 392 4364 Desunt
409 4300 437 4353 in
455 4300 489 4352 al.
507 4316 566 4352 nse.
1186 4313 1192 4318 ··
