2910 4984
220 305 297 386 att
637 330 923 390 caruotauuu

222 471 274 534 De
295 471 343 532 ln‘s
361 472 418 552 qui
432 471 498 533 sibi
527 491 707 555 quacunque
734 472 926 554 neglegentia
952 482 1082 532 mortam
1114 465 1273 547 inferrent,
1309 478 1353 530 aa·

210 574 335 642 ,eonem
354 556 605 616 commemoratio
629 558 663 614 in
690 557 846 618 oblatione
872 574 935 614 non
954 552 1032 636 siat.
1073 551 1227 614 Similiter
1250 549 1346 612 etde

454 638 502 696 Itis
521 638 576 716 qui
591 657 651 716 pro
665 639 729 698 suis
744 638 911 700 sceleribus
923 636 1107 718 puniunutr.
1124 657 1127 664 ⁴
1156 699 1159 706 ¹

304 716 449 780 LXXXI.
489 718 616 778 Placuit
633 726 669 778 ut
689 719 723 779 hi
745 721 801 802 qui
816 719 876 780 sibi
897 717 972 800 ipsis
995 726 1050 776 aut
1065 718 1153 777 ferro
1168 723 1224 776 aut
1247 735 1352 777 renes·

223 821 288 878 uo,
309 810 365 860 aut
379 800 566 881 praecipitio
581 811 636 861 aut
649 804 837 884 suspendio,
860 801 914 863 rel
940 800 1087 879 quolibet
1109 799 1202 858 modo
1218 797 1348 859 violens

223 892 275 944 ter
291 883 435 943 inierunt
452 893 595 958 mortem,
611 884 698 943 nulla
717 886 756 946 de
770 886 835 945 illis
859 884 891 949 iu
912 881 1072 944 oblatione
1086 879 1351 942 commemoratio

224 966 280 1026 liat
287 1010 298 1037 ,
323 986 426 1046 neque
444 987 516 1032 cum
536 965 664 1045 psalmis
676 967 717 1028 ad
730 969 927 1050 sepulturam
941 985 1056 1026 eorum¹
1068 963 1220 1024 cadavera
1242 961 1349 1022 dedu-

224 1057 356 1108 cantur:
379 1047 470 1108 multi
491 1049 578 1108 euim
598 1049 658 1109 sibi
674 1070 733 1132 per
748 1049 961 1132 ignorantiam
978 1055 1181 1128 usurparunt.
1222 1042 1355 1104 Simili-.

224 1137 277 1190 ter
300 1130 384 1224 etde
402 1129 452 1191 his
469 1131 590 1216 placuit
606 1131 662 1214 qni
683 1153 741 1215 pro
760 1132 824 1194 suis
845 1129 1020 1192 sceleribus
1036 1128 1226 1214 puniuntur.

635 1238 684 1298 De
703 1237 799 1298 aerbo
821 1239 932 1298 otioso.

307 1315 472 1382 LXXXII.
514 1318 617 1379 Omne
633 1319 766 1380 verbum
781 1321 918 1380 otiosum
933 1317 1021 1400 quod
1032 1315 1131 1378 locuti
1147 1315 1272 1378 fuerint
1288 1315 1349 1376 ho·

226 1399 350 1476 mines,
372 1399 398 1460 si
409 1399 546 1460 reddent
563 1403 632 1460 Deo
647 1403 804 1462 rationem
816 1402 850 1462 iu
864 1402 929 1462 die
952 1399 1082 1477 iudicii,
1116 1400 1219 1459 multo
1247 1400 1348 1480 magis

227 1483 420 1544 damnantur
439 1481 533 1542 noxia
548 1483 644 1542 verba
670 1486 848 1565 loquentes.
890 1482 1036 1544 Otiosum
1062 1481 1182 1563 quippe
1212 1481 1353 1542 verbum*

200 1583 202 1586 ·
227 1575 275 1626 est
295 1567 380 1646 quod
398 1573 452 1624 aut
471 1563 606 1625 utilitate
623 1565 845 1644 rectitudinis,
867 1577 923 1628 aut
933 1567 1056 1626 ratione
1076 1565 1177 1624 iustae
1203 1564 1349 1625 necessi·

228 1648 301 1709 tatis
322 1657 423 1710 caret:
445 1656 581 1707 attamen
597 1647 629 1709 iu
650 1643 702 1710 die
723 1648 836 1710 ludicii
853 1649 1038 1712 decoratio
1057 1647 1222 1708 reddetur.

514 1753 563 1812 De
583 1774 618 1814 eo
640 1755 695 1836 qui
714 1755 867 1814 bominem
885 1755 1062 1837 peremerite

310 1833 489 1897 LXXXIII.
532 1836 595 1911 Qui
612 1836 765 1896 occiderit
777 1835 952 1912 hominem,
969 1835 1057 1896 iusta
1071 1832 1258 1896 canonicam
1273 1853 1349 1914 poe-

228 1917 328 1977 niteat
345 1917 553 1994 structionem,
568 1927 599 1976 et
614 1918 652 1976 ab
666 1917 805 1978 Ecclesia
819 1918 908 2000 prius
928 1917 1119 2000 proiciatur;
1142 1916 1198 1976 ubi
1213 1924 1358 1996 prostra-x

227 2011 278 2060 tus
297 1999 329 2058 in
352 2009 484 2076 terram,
503 2000 536 2058 in
556 2000 663 2060 cinere
680 2011 709 2060 et
726 1999 856 2077 cilicio,
878 2000 910 2060 In
931 1995 1097 2060 introitum
1112 2009 1145 2059 et
1158 1998 1280 2059 exitum
1293 2017 1350 2076 po·

227 2081 296 2165 puli
310 2102 435 2160 semper
457 2079 578 2152 iaceat,
599 2082 765 2143 humiliter
787 2084 949 2164 postulans
970 2094 1011 2144 ut
1027 2105 1085 2164 pro
1100 2104 1133 2142 se
1158 2101 1249 2141 orare
1280 2099 1348 2136 uon

228 2165 454 2244 dedignentur.
494 2162 537 2224 Et
562 2163 623 2224 boc
654 2187 755 2246 usque
782 2163 822 2224 ad
842 2165 1088 2226 satisfactionem
1111 2161 1275 2223 Ecclesiae
1317 2167 1349 2218 et

228 2246 435 2306 sacerdotum
449 2253 536 2327 agat,
556 2257 777 2328 pane‘tantum
798 2256 830 2308 et
846 2269 926 2328 aqua
942 2249 1069 2322 fruens,
1092 2245 1152 2304 nisi
1175 2241 1357 2304 humanius*

226 2349 389 2412 argaeum
405 2328 563 2410 Episcopo
589 2351 682 2412 agere
706 2329 865 2411 placuerit
881 2329 972 2390 cuius
986 2329 1102 2390 ditioni
1113 2327 1265 2388 subsistit.

227 2436 277 2496 De
298 2437 471 2495 sartatectis
493 2435 706 2496 Ecclesiarurn
726 2455 803 2516 quae
824 2456 867 2494 ecc
889 2434 1078 2516 donisfiunt
1100 2432 1216 2492 eisdem
1238 2430 1350 2490 conla-

229 2518 270 2577 tis
285 2529 319 2578 ut
348 2517 382 2576 ia
404 2530 555 2601 potestate
577 2517 729 2602 Episcopi
749 2530 936 2576 reuocentur
963 2537 1159 2599 quaecunque
1192 2514 1354 2591 conligata

739 2601 849 2664 uerint,
1346 2645 1348 2652 ,

310 2679 498 2748 LXXXIV.
537 2597 756 2762 Quaecunqiie
772 2703 830 2761 pro
850 2680 1024 2743 sartatectis
1048 2678 1203 2740 Ecclesiis
1223 2676 1351 2750 fuerint

228 2762 404 2846 conligata,
429 2764 460 2822 in
482 2773 636 2843 potestate
651 2763 815 2826 Pontitieis
829 2774 884 2824 aut
905 2763 1104 2845 Presbyteri,
1131 2761 1181 2820 rel
1204 2760 1355 2822 servieu-

229 2847 311 2906 tium
327 2858 509 2908 sauctorum
523 2846 684 2923 locorum,
708 2847 884 2910 securrdum
898 2847 1094 2906 voluntatem
1129 2842 1347 2916 conferentis,

229 2930 270 2990 ad
286 2951 318 2992 se
334 2929 470 2990 debeant
489 2949 648 2989 revocare.
689 2928 785 3004 Quod
806 2930 832 2990 si
855 2928 971 3010 aliquis
992 2927 1070 2988 haec
1091 2925 1166 2984 inde
1188 2925 1350 2988 abstraxe-

228 3011 289 3089 rit,
310 3012 476 3093 rapuerit,
496 3013 657 3072 furatusve
688 3010 806 3086 fuerit,
833 3012 883 3072 rel
908 3033 944 3070 ea
961 3007 1172 3083 fraudaverit,
1193 3016 1250 3066 aut
1274 3027 1348 3068 vas-

228 3093 365 3170 taverit,
386 3097 443 3154 s'eu
462 3114 655 3176 quocunque
676 3103 853 3154 commento
877 3089 1182 3166 alienaverit,›sciat
1213 3109 1249 3148 se
1280 3107 1349 3166 esse

228 3175 384 3246 canonice
403 3176 709 3237 excommunicatum
728 3196 894 3259 quousque
916 3196 1047 3256 eaquae
1068 3171 1257 3249 abstulerit,
1277 3181 1349 3232 stu-

230 3257 304 3318 deat
315 3259 499 3319 reformare.
1345 3321 1349 3330 Δ

229 3340 279 3401 Ne
299 3341 536 3416 Presbyterum,
557 3340 730 3403 Draconum
738 3385 751 3412 ‚
774 3352 828 3399 aut
846 3339 1000 3399 Clericum
1022 3325 1165 3420 alep-ueni
1184 3336 1272 3394 ullus·
1291 3338 1333 3394 Iu

311 3419 378 3482 dea
393 3423 541 3482 secularis
556 3423 668 3501 absque
686 3443 835 3481 consensu
848 3422 1003 3502 Episcopi
1017 3422 1065 3479 sui
1087 3419 1265 3496 distringat.
1307 3419 1310 3432 '

312 3503 481 3564 LXXXV.
522 3508 564 3564 Ut
596 3504 704 3564 nullus
726 3505 829 3562 ludex
857 3507 962 3582 neque
989 3496 1216 3587 IJr'esbyterum
1240 3519 1350 3578 neque

230 3587 421 3663 Diaconum,
438 3598 492 3647 aut
510 3586 672 3647 Clericum
694 3595 749 3644 aut
766 3586 926 3646 iuniorem
938 3585 1112 3660 Ecclesiae,
1130 3583 1198 3644 siue
1213 3581 1353 3643 scientia

229 3668 393 3732 Pontificis
410 3691 468 3750 per
481 3691 514 3728 se
530 3669 695 3750 distringat
708 3678 762 3727 aut
779 3669 993 3746 condemnare
1010 3674 1197 3748 praesumat.
1211 3663 1271 3725 VI.
1286 3663 1353 3726 156;

330 3789 333 3796 ’
402 3777 446 3834 De
464 3773 605 3848 libertis,
629 3775 695 3832 utlt
714 3773 936 3834 Sacerdotibus
953 3771 1163 3852 desererentur.

313 3879 489 3944 LXXXVI.
528 3877 650 3940 Liberti
666 3887 933 3961 quorumcunque
964 3874 1176 4018 inpenuorum
1201 3875 1218 3934 is
1241 3877 1358 3936 Sacer-

233 3967 359 4029 dotibus
382 3965 610 4039 del'ensentnr,
636 3983 696 4022 nec
718 3962 757 4021 ad
779 3961 944 4043 publicum
967 3962 1001 4048 ul
1018 3970 1128 4020 ateuus
1147 3969 1356 4018 revocentur.

233 4077 281 4136 Ne
298 4059 411 4154 aliquis
429 4069 568 4128 Clericus
581 4089 640 4150 pro
655 4087 836 4148 artuumque
860 4051 1022 4151 occasione
1036 4079 1219 4144 extraneam
1242 4045 1358 4126 mulie-

582 4171 646 4208 rem
662 4151 695 4206 in
717 4149 811 4214 donea
831 4171 885 4210 suo
900 4149 1020 4224 babeat.

314 4229 506 4296 LXXXVII.
546 4231 922 4338 Nullusergodeinceps
940 4223 1153 4314 clericorum,
1176 4250 1238 4313 pro
1264 4249 1358 4292 oeca-
