2926 4986
513 335 625 401 crees
654 341 856 402 secunus.
1163 323 1242 398 707

106 465 321 562 consecratis,
333 481 443 548 Missas
462 485 627 550 celebrare
645 473 836 566 praesumat.
864 477 961 560 Quod
979 479 1039 566 qui·
1053 489 1243 568 praesnmp?

107 567 200 645 serit,
222 567 337 651 gradus
356 567 406 627 sui
430 567 578 650 periculo
602 567 789 633 subiacebit.
831 564 916 629 ibid.
937 585 965 626 c.
990 565 1036 642 14.

126 675 178 735 De
194 665 418 734 Sacerdotibus
436 675 493 757 qui
506 674 714 734 miraisterium
730 694 818 734 ouum
832 671 1006 755 adimplere
1026 691 1090 733 non
1110 671 1221 734 eciem.

194 777 389 840 cxxxvn.
432 778 699 860 sacerdotesque
725 776 788 839 ree
816 797 881 838 aon
910 776 1042 858 sapiunt
1066 763 1244 862 attempero

106 859 324 925 ministerium
344 881 449 938 sunm,
471 883 532 922 nec
552 861 675 922 discere
698 860 788 922 iuxta
802 869 974 945 praecepta
992 882 1125 922 suornm
1144 861 1242 944 Epis·

108 964 265 1027 coporum
279 965 337 1026 pro
357 943 480 1005 viribus
494 945 717 1026 satagunt,.rel
728 951 965 1024 contemptores
981 963 1144 1003 canonum
1155 944 1242 1006 exis-

107 1037 203 1106 tunt,
225 1028 264 1086 ub
285 1025 392 1088 officio
414 1026 544 1108 proprio
559 1035 634 1088 sunt
650 1027 884 1098 submovendi,
907 1045 1078 1112 quousque
1097 1025 1160 1088 hoc
1176 1027 1244 1116 ple·

109 1111 198 1175 niter
217 1109 423 1171 emendatum
443 1107 594 1170 habeant.
633 1109 720 1176 ibid.
739 1131 764 1171 c.
792 1108 837 1174 15.

307 1215 420 1275 Deliis
440 1215 495 1298 qui
507 1213 703 1300 poenitentia
714 1227 842 1300 acceptu
858 1215 1045 1283 moriuntur,

195 1321 407 1388 cxxxvlii.
446 1323 495 1382 De
517 1320 566 1381 his
587 1320 644 1402 qui
659 1321 818 1384 recedunt
840 1319 879 1382 de
903 1341 1051 1402 corpore,
1075 1316 1244 1403 poeniten-

110 1405 157 1468 tia
185 1411 333 1486 acceptu,
369 1403 492 1488 placuit
514 1405 583 1466 sine
610 1403 872 1466 reconciliatoria
896 1425 1010 1466 manus
1040 1402 1244 1498 impositione

112 1487 160 1550 eis
179 1485 434 1548 communicare:
456 1487 544 1567 quod
564 1485 731 1548 morientis
751 1485 871 1550 suflicit
887 1486 1114 1562 consolationi,
1128 1505 1243 1546 secun-

113 1571 192 1632 dum
215 1569 421 1632 definitiones
439 1571 582 1645 Petrum,
603 1568 659 1650 qni
676 1569 860 1632 huiusmodi
884 1569 1145 1630 communionem
1164 1587 1246 1626 con-

113 1661 268 1736 gruenter
291 1651 444 1714 viaticum
462 1652 678 1718 nominarunt.
720 1651 816 1729 Quod
841 1650 867 1712 si
886 1651 1136 1733 supervixerint,
1160 1655 1246 1709 stent

113 1737 150 1795 in
179 1733 293 1796 ordine
315 1733 553 1815 poenitentum:
590 1743 627 1795 ut
647 1734 782 1794 ostensis
813 1729 1001 1795 necessariis
1026 1729 1247 1816 poenitentiae

113 1817 286 1894 fructibus,
319 1816 493 1900 legitimam
517 1817 779 1881 communionem
799 1837 873 1881 cum
893 1814 1155 1882 reconciliatoria
1177 1834 1247 1876 mu·

116 1921 178 1962 nus
199 1898 403 1983 impositione
430 1899 600 1984 recipiant,

118 2029 163 2096 Ut
179 2028 284 2093 nullus
307 2025 414 2090 Iudex
434 2026 755 2112 nequePresbylerum
775 2047 873 2111 neque
890 2029 1086 2103 Diaconum,
1108 2040 1163 2093 aut
1181 2025 1248 2092 cte·

269 2113 392 2184 riuum,
419 2112 487 2172 sine
508 2132 659 2174 consensu
676 2111 827 2197 Episcopi
848 2113 899 2175 sui
918 2113 1097 2194 distringat.

196 2217 388 2282 CXXXIX.
430 2219 473 2281 Ut
493 2216 604 2278 nullus
625 2217 727 2279 ludex
750 2238 856 2300 neque
879 2218 1118 2305 Presbyterum,
1143 2239 1250 2302 neque

116 2302 312 2367 Diaconum.
329 2309 385 2360 ant
404 2299 587 2374 Clericum,
609 2309 664 2360 aut
686 2299 847 2361 iuniorem
871 2302 1035 2365 Ecclesiae
1056 2302 1127 2363 sine
1142 2301 1251 2364 scien-

116 2387 164 2447 tia
190 2383 358 2448 Pontificis
384 2403 444 2467 per
469 2405 502 2443 se
528 2381 698 2465 distringat
724 2392 780 2442 ant
813 2385 1028 2445 condemnare
1057 2392 1249 2470 praesumat.

119 2468 219 2546 Quod
234 2466 260 2528 si
277 2465 402 2544 fecerit,
425 2465 464 2526 ab
484 2465 630 2526 Ecclesia
648 2465 701 2528 cui
719 2465 872 2526 iniuriam
892 2466 1042 2548 inrogare
1074 2465 1251 2542 diuersitas,

116 2550 240 2613 tamdiu
273 2549 315 2608 sit
339 2555 557 2630 sequestratus
582 2549 729 2634 quaudiu
751 2558 876 2614 reatum
898 2571 994 2613 suum
1020 2555 1194 2634 cognoscat
1222 2555 1256 2609 et

116 2633 278 2702 emendet.
319 2631 405 2696 ibid.
425 2650 513 2712 erp,

122 2736 166 2802 Ut
191 2737 297 2800 nullus
324 2735 557 2822 Episcoporum
576 2736 632 2797 vel
658 2737 844 2799 secularium
867 2739 998 2800 ulterius
1014 2735 1178 2830 ,Episcopi
1204 2759 1255 2803 res

526 2831 633 2881 tenere
659 2834 849 2906 praesumat.
1195 2821 1212 2843 ²'

203 2925 299 2992 CXL.
341 2929 384 2988 Ut
405 2925 515 2987 nullus
533 2924 767 3008 Episcopornm
785 2927 838 2989 vel
861 2925 1063 2989 secularium
1084 2925 1255 2990 cuiuscun-

119 3031 185 3092 que
208 3010 339 3088 alterius
357 3008 520 3092 Episcopi,
543 3009 611 3069 sive
633 3008 796 3070 Ecclesiae
819 3031 876 3072 sen
894 3010 1009 3094 privati
1027 3031 1090 3089 res,
1108 3021 1163 3072 aut
1186 3033 1257 3095 reg-

121 3114 239 3154 norum
263 3091 423 3153 divisione
440 3101 497 3152 aut
517 3091 757 3173 provinciarum
775 3093 1048 3174 sequestratione,
1072 3105 1257 3176 competere

121 3185 181 3237 aut
204 3175 346 3236 retinere
364 3182 557 3258 praesumat.
600 3174 697 3252 Quod
718 3173 744 3234 si
764 3176 837 3256 quis
858 3176 922 3236 hoc
944 3177 1051 3237 secere
1070 3178 1257 3255 tentaverit,

122 3258 246 3320 tamdiu
263 3257 304 3318 sit
324 3256 363 3316 ab
382 3257 527 3318 omnium
548 3257 679 3317 caritate
701 3279 896 3340 suspensus,
924 3267 957 3319 et
977 3260 994 3320 l
1021 3259 1258 3320 communionis

122 3341 224 3423 gretia
252 3350 493 3426 sequestratus,
522 3340 732 3422 quoadusque
758 3361 810 3402 res
840 3342 959 3403 ablatas
993 3364 1067 3406 cum
1092 3345 1260 3407 fructuum

121 3423 341 3488 satisfactione
361 3423 517 3484 restituat.
558 3421 642 3484 Idid.
660 3443 687 3488 c.
712 3423 758 3488 18.

147 3621 150 3628 Ι
184 3532 234 3592 De
251 3530 339 3590 boote
358 3542 389 3590 et
405 3550 513 3613 pugna
534 3541 626 3611 utque
647 3531 745 3589 armis
772 3529 998 3592 Sacerdotibus
1014 3534 1194 3615 prohibitis.
1243 3571 1251 3626 '.

144 3675 147 3682 ν
208 3635 329 3702 CXLI.
371 3635 522 3698 Secunda
539 3633 630 3710 vice,
652 3645 786 3718 propter
802 3635 988 3717 ampliorem
1010 3639 1259 3720 observantiam,

28 3783 32 3788 ,
124 3720 300 3804 apostolica
319 3719 509 3782 anctoritate
523 3726 555 3778 et
575 3718 675 3777 multa
696 3727 880 3780 sanctornm
897 3719 1132 3803 Episcopornm
1149 3725 1261 3785 admo.

124 3803 251 3866 nitione
287 3802 459 3878 instructi,
490 3808 738 3880 sanctorumque
774 3802 945 3862 Canobum
977 3804 1099 3884 regulis
1126 3807 1259 3881 edocti,

125 3885 278 3948 consultu
298 3884 453 3950 videlicet
470 3881 614 3944 omnium
625 3883 790 3944 Nobilium
818 3893 1018 3964 nostrorum,
1050 3889 1261 3971 nosmetipsos

125 3967 335 4048 corrigentes,
356 3965 558 4049 posterisque
577 3965 693 4028 nesius
709 3963 894 4046 exemplum
914 3967 1038 4046 dautes,
1060 3971 1210 4045 voluruus
1228 3981 1265 4034 nt

23 4105 24 4110 ,
126 4049 240 4111 nullus
255 4051 408 4112 Sacerdos
430 4050 464 4112 in
483 4045 610 4112 hostem
634 4059 763 4132 perget,
788 4049 849 4112 nisi
875 4049 939 4112 duo
964 4051 1016 4112 vel
1046 4060 1111 4113 tres
1135 4062 1262 4126 tuntum

125 4129 298 4215 Episcopi,
327 4131 486 4194 electione
524 4139 746 4208 caeterorum,
776 4140 910 4216 propter
940 4131 1203 4197 benedictionem
1230 4147 1262 4200 et

124 4213 402 4299 praedicationem
417 4212 598 4299 populique
609 4213 922 4289 reconciliationem,
937 4225 969 4276 ct
986 4238 1061 4275 eum
1084 4217 1149 4281 illis
1159 4221 1263 4282 'electi

25 4341 28 4384 3
126 4296 336 4378 Sacerdotes,
357 4297 416 4382 qui
428 4297 513 4362 boue
533 4297 637 4361 sciam
651 4297 782 4383 populis
804 4297 1021 4383 poenitentias
1038 4301 1128 4385 dure,
1144 4305 1262 4372 'Missus
