2910 4986
200 366 272 440 lto
604 385 890 446 enarraturum

282 523 403 588 XXVI.
445 528 488 588 Ut
510 527 701 600 {estivitates
717 533 899 611 praeclarae
920 551 985 592 non
1004 528 1066 592 nisi
1084 528 1117 593 iu
1137 527 1322 598 civitatibus

200 619 256 672 aut
277 611 309 669 in
334 608 414 670 vicis
427 610 566 691 publicis
586 621 765 672 teneantur.
806 613 889 675 leid.
910 635 936 674 e.
959 617 1022 674 αι.

279 691 422 754 XXVII.
463 697 512 754 De
532 693 594 754 hoc
618 693 735 759 officio.
778 695 861 756 Ibid.
879 717 904 756 c.
930 717 978 760 22.

280 774 436 839 XXVIII.
478 776 526 834 De
551 776 703 838 Ecclesiis
727 778 945 855 emendandis,
968 787 1003 838 ut
1027 777 1083 838 ubi
1107 777 1140 838 in
1162 799 1227 840 uno
1247 779 1320 840 Ioco

194 856 304 939 plures
327 866 402 917 sunt
424 877 520 938 quam
543 879 671 918 neeesse
695 869 759 936 est,
783 861 988 920 destruantur
1008 881 1088 940 quae
1123 862 1320 924 necessariae·

195 960 260 1000 nou
286 947 370 1018 sunt,
393 948 425 999 et
444 940 523 999 aliae
548 950 775 1001 construantur
827 943 958 1025 Capitol.
979 945 1043 1004 III.
1065 965 1092 1002 a.
1110 943 1180 1005 803.
1202 964 1228 1010 c,
1252 966 1277 1007 1.

276 1020 401 1082 XXIX.
442 1024 489 1080 De
506 1021 659 1083 Ecclesiis
677 1024 833 1083 nonbene
854 1025 1054 1086 constructis.

275 1103 380 1165 XXX.
423 1107 471 1163 De
498 1103 617 1164 iudicio
641 1105 855 1184 poenitentiae
888 1108 927 1166 ad
953 1107 1215 1190 interrogandum
1237 1107 1316 1168 reli-

192 1185 321 1266 quimus
342 1207 400 1268 per
419 1207 514 1267 quem
533 1187 797 1266 poenitentialem
814 1189 864 1247 vel
884 1189 1023 1269 qualiter
1039 1188 1222 1250 iudIcentur
1241 1210 1316 1271 poe·

194 1268 349 1338 nitentes;
373 1269 457 1328 etde
480 1267 663 1346 incestibus,
676 1269 791 1350 quibus
806 1271 899 1330 liceat
914 1272 1094 1353 iniungere,
1109 1271 1224 1352 quibus
1239 1293 1316 1331 non.

274 1349 394 1410 XXXI.
436 1354 484 1410 De
501 1352 703 1433 eleemosyna
730 1352 882 1412 mittenda
906 1353 937 1413 in
957 1354 1156 1414 Hierusalem
1183 1361 1317 1438 propter

192 1432 353 1493 Ecclesiae
373 1433 434 1492 Dei
456 1435 676 1495 restaurandas
694 1434 727 1492 in
747 1435 894 1517 proximo
913 1436 1017 1496 Natali
1039 1435 1181 1500 Domini.
1225 1435 1316 1518 Capi·

193 1515 289 1578 tatl.
311 1516 517 1579 o.810.c.1.

199 1587 202 1592 ¹
275 1595 414 1656 XXXIl.
457 1538 505 1656 [Ji
522 1597 631 1658 nullos
649 1597 745 1657 homo
764 1598 911 1680 malignis
927 1598 1115 1676 consentiat,
1138 1598 1194 1660 sed
1215 1599 1314 1681 magis

189 1677 223 1736 in
246 1673 400 1758 quantum
421 1689 527 1761 potest
539 1681 670 1740 resistat.
713 1681 755 1740 Ut
772 1702 939 1760 pauperes,
962 1681 1109 1761 orphani,
1132 1691 1163 1741 et
1185 1681 1313 1760 viduae,

193 1770 225 1820 et
238 1760 403 1822 Ecclesiae
425 1761 486 1820 Dei
513 1783 625 1842 pacem
643 1761 790 1826 habeant.
831 1763 915 1823 Idid.
935 1785 960 1825 c.
983 1764 1027 1826 18.

271 1843 427 1926 XXXIII.
471 1845 512 1903 Ut
533 1843 590 1923 qui
610 1843 760 1903 Monachi
783 1853 814 1904 et
842 1845 984 1928 virgines
1009 1854 1094 1924 sunt,
1115 1845 1314 1929 propositum

146 1933 149 1938 '
191 1926 482 1990 suumobsevvent.
954 1939 957 1944 '
1207 1945 1214 1953 ·

270 2007 416 2068 XXXIV.
459 2010 500 2066 Ut
510 2006 559 2067 isti
579 2027 751 2090 mangones
767 2018 799 2068 et
815 2009 967 2086 cotiones,
980 2009 1036 2089 qui
1052 2007 1231 2092 vagabundi
1255 2031 1312 2068 va-

188 2091 287 2162 dunt,
320 2109 377 2170 per
398 2089 489 2150 istam
514 2098 630 2148 terram
652 2112 715 2148 non
736 2091 883 2150 sinantur
905 2093 1009 2174 vagari
1045 2113 1079 2151 ac
1106 2091 1311 2172 deceptiones

186 2171 355 2232 hominum
377 2192 486 2250 agere;
517 2183 577 2231 nec
598 2170 651 2232 isti
674 2173 751 2232 nudi
773 2194 845 2232 cum
865 2175 962 2250 ferro,
985 2173 1042 2254 qui
1061 2173 1172 2233 dicunt
1192 2195 1224 2234 se
1238 2173 1312 2234 data

187 2253 386 2335 poenitentia
407 2253 452 2314 ire
472 2264 628 2334 vagantes.
671 2255 786 2314 Melius
801 2256 928 2316 videtur
945 2265 980 2316 nt
998 2255 1023 2316 si
1047 2254 1178 2337 aliquod
1200 2255 1312 2315 incon·

186 2345 313 2396 suetum
335 2345 366 2394 et
389 2335 523 2415 capitale
544 2336 664 2396 crimen
688 2337 920 2414 commiserint,
944 2338 976 2397 in
997 2360 1063 2397 uno
1089 2339 1160 2397 loco
1185 2359 1312 2418 perma-

121 2469 127 2483 .
187 2427 285 2477 neant
299 2417 478 2479 laborantes
494 2427 525 2476 et
547 2418 731 2496 servientes,
754 2428 786 2479 et
803 2419 1035 2499 poenitentiam
1053 2428 1180 2502 agentes
1197 2440 1312 2479 secun·
1381 2467 1384 2471 .

186 2499 263 2558 dum
280 2498 533 2578 quod'canonice
554 2500 614 2560 sibi
632 2500 814 2582 impositum
830 2502 879 2561 sit.
902 2499 1033 2584 Capital.
1045 2504 1072 2562 Ι.
1086 2525 1113 2567 o.
1129 2499 1199 2582 789.
1212 2521 1238 2562 c·
1260 2521 1311 2582 77.

268 2582 398 2645 XXXV.
439 2583 487 2642 De
512 2583 683 2643 concordia
705 2583 851 2644 fidelium
873 2593 1062 2644 nostrorum.

385 2779 739 2844 APPENDIX
791 2781 1115 2844 SECUNDA.

183 2926 365 3016 Incipiunt
394 2923 528 2992 iterum
556 2925 721 3016 Capitula
754 2923 888 2992 Domni
921 2923 1049 2992 Karoli
1073 2923 1310 3014 Imperatoris

210 3025 402 3110 mundana,
419 3047 509 3116 quae
523 3028 796 3116 suprascriptam
807 3023 975 3094 videntur
985 3023 1281 3092 haberecausam.

190 3211 266 3303 Cap.
290 3221 316 3282 I.
339 3169 601 3296 Delatronibus,
624 3220 707 3281 sicut
720 3219 885 3280 iamontea
906 3219 937 3276 in
958 3218 1022 3279 alio
1036 3217 1210 3301 Capitulari
1223 3239 1310 3279 com·

185 3303 414 3382 mendavimus,
438 3305 480 3364 ita
501 3312 635 3363 maneat.
679 3302 809 3386 Capitol.
836 3307 877 3360 II.
893 3300 1000 3364 attot.
1017 3323 1042 3360 c.
1064 3321 1113 3360 21.

267 3385 310 3447 ll.
353 3391 399 3446 De
424 3385 619 3462 adventitiis,
642 3393 678 3442 ut
696 3405 768 3442 eum
789 3383 875 3442 Missi
894 3383 993 3442 nostri
1019 3382 1057 3441 ad
1075 3383 1230 3464 placitum
1249 3404 1310 3445 ve·-

186 3469 311 3544 nerint,
339 3469 476 3528 babeant
504 3469 667 3548 scriptum·
683 3467 793 3546 quanti
822 3465 985 3544 adventitii
1014 3474 1089 3526 sunt
1117 3464 1149 3522 in
1177 3467 1310 3526 illorum

185 3550 363 3628 missatIco,
385 3561 439 3609 aot
461 3551 499 3610 de
522 3571 586 3630 quo
608 3569 688 3630 pago
711 3558 803 3624 sunt,
827 3558 858 3606 et
885 3548 1014 3606 nomina
1039 3567 1169 3625 eorum,
1193 3557 1225 3610 et
1249 3548 1309 3630 qui

184 3641 260 3694 sunt
281 3653 391 3694 eorum
410 3633 568 3694 Seniorcs.
612 3630 744 3712 capital.
763 3630 825 3688 III.
847 3653 874 3688 a.
895 3629 963 3692 806.
979 3650 1004 3688 e.
1020 3631 1049 3704 4,

265 3715 323 3775 Ill.
364 3715 397 3775 Si
423 3715 495 3795 quIs
518 3715 555 3773 de
582 3713 728 3771 libertate
749 3733 804 3771 sua
828 3713 924 3771 fuerit
946 3711 1186 3791 interpellatus,
1209 3720 1241 3770 et
1264 3711 1308 3782 ti-

183 3819 272 3857 mens
294 3819 335 3858 ne
356 3798 389 3857 in
410 3797 575 3857 servitium
601 3795 702 3867 cadat,
726 3794 865 3872 aliquem
883 3793 921 3853 de
939 3793 1129 3874 propinquis
1150 3792 1226 3869 suis,
1248 3815 1310 3875 per

182 3901 279 3963 qvvem
301 3900 333 3939 se
359 3879 391 3938 in
416 3878 579 3939 servitium
601 3898 747 3938 casuram
771 3875 885 3935 timens
912 3875 1083 3949 occiderit,
1115 3875 1148 3935 id
1171 3885 1234 3950 est,
1255 3896 1310 3956 pa-

182 3973 273 4037 trem,
296 3971 437 4035 matrem,
454 3960 641 4040 patruelem,
654 3957 860 4032 avunculum,
878 3959 928 4017 vel
945 3955 1310 4038 quamlibethuiusmo-

184 4045 216 4106 di
237 4044 483 4123 propinquitatis
505 4063 688 4124 personam,
712 4041 779 4121 ipse
808 4040 863 4120 qui
884 4037 1212 4120 hucperpetraverit,
1235 4059 1306 4098 mo-

181 4125 297 4195 riatur,
321 4125 445 4205 agnatio
471 4125 538 4184 eius
561 4133 593 4184 et
618 4120 875 4204 consanguinitas
912 4121 945 4178 in
988 4122 1173 4180 servitutem
1204 4121 1307 4181 cadat.

181 4207 263 4269 Etsi
280 4207 444 4283 negaverit
464 4227 496 4266 se
517 4207 609 4265 illum
629 4205 794 4280 occidisse,
818 4203 856 4262 ad
880 4223 994 4274 novem
1014 4222 1160 4263 vomeres
1186 4201 1308 4284 ignitos

181 4289 303 4352 iudicio
321 4288 382 4350 Dei
396 4287 625 4351 examinandus
645 4287 782 4352 accedat.
839 4285 973 4370 Capitul.
992 4287 1037 4347 II.
1053 4309 1080 4348 0.
1099 4285 1169 4350 805.
1190 4305 1216 4348 c.
1234 4285 1263 4345 5.
