2926 4984
488 309 604 366 arara
641 309 819 376 oururus.
1150 283 1224 362 543

112 448 157 510 bis
169 447 309 530 personis
321 465 372 509 res
388 447 541 530 deinceps
556 447 702 530 accipere
715 455 896 530 praesumat
908 465 1046 528 quorum
1059 444 1154 507 liberi
1170 454 1226 506 aut

110 529 273 612 propinqui
297 529 357 588 bac
376 530 556 592 inconsulta
577 529 738 594 oblatione
756 531 879 613 possint
895 550 1004 590 rerum
1023 528 1226 611 propriarum

111 610 299 676 exheredari.
341 612 481 690 Quodsi
503 615 619 696 aliquis
643 613 795 696 deinceps
817 612 879 673 boc
905 613 1011 673 Iacere
1039 610 1225 688 tentaverit,

110 695 245 776 synodali
262 696 419 754 sententia
437 696 579 759 districte
598 694 744 775 feriatur,
769 705 801 757 et
817 717 867 756 res
885 695 925 756 ad
944 693 1154 756 exheredatos
1167 713 1226 755 ¹re·-

110 778 207 841 deant
247 775 331 838 Ibid.
353 798 378 837 e.
398 779 447 843 85.

151 879 189 944 Ut
200 881 303 954 nullus
324 882 615 965 Presbytercliqua
630 883 801 1026 oppiditate
817 903 999 968 qaaemquam
1020 873 1183 947 tonsurare

587 987 643 1024 suc
669 980 728 1032 cat.
785 997 787 1001 ,
1003 982 1006 988 '

181 1067 316 1139 CCXII.
358 1072 518 1133 statutum
535 1082 582 1133 est
600 1081 636 1133 ut
658 1074 766 1135 nullus
789 1073 821 1133 in
840 1072 996 1135 canonica
1012 1079 1067 1130 aut
1082 1071 1225 1152 regulari

107 1151 300 1235 professione
319 1155 513 1215 constitutus
531 1156 671 1235 aliquem
685 1167 864 1235 tonsurare,
887 1166 1018 1240 propter
1036 1175 1088 1214 res
1105 1153 1226 1236 adipis-

107 1235 226 1312 condas,
248 1235 400 1318 deinceps
413 1237 612 1318 persuadeat.
653 1240 694 1300 Et
705 1238 761 1318 qui
779 1237 840 1299 hoc
853 1239 958 1299 facere
975 1234 1160 1310 tentaverit,
1170 1257 1225 1319 sy·
1334 1235 1336 1240 ’

107 1316 207 1376 sodali
229 1317 283 1378 vel
306 1318 465 1402 imperiali
483 1320 644 1381 sententia
659 1321 761 1382 modis
779 1319 1087 1402 omnibussferiatur.
1130 1318 1224 1404 capi·

106 1398 156 1460 tul.
174 1421 202 1459 c.
222 1399 295 1462 816.
314 1423 342 1465 c.
363 1422 392 1485 9.

393 1507 442 1566 De
464 1507 661 1584 Presbyteris
685 1505 918 1574 constituendis.

152 1655 154 1660 -
179 1611 323 1676 CCXIII.
364 1611 525 1673 statutum
539 1623 587 1673 est
601 1623 655 1690 ut,
677 1614 746 1674 sine
774 1612 961 1675 auctoritate
984 1612 1037 1676 vel
1067 1631 1227 1674 consensu

105 1691 350 1778 Episcoporum,
370 1695 552 1777 Presbyteri
572 1694 603 1754 in
627 1691 826 1776 quibuslibet
848 1694 1002 1757 Ecclesiis
1022 1715 1083 1754 nec
1109 1694 1227 1754 consti-

105 1784 232 1837 tuantur
253 1798 316 1838 nec
330 1776 545 1856 expellantur.
586 1778 627 1837 Et
647 1779 673 1838 si
690 1779 778 1838 Laici
793 1777 937 1838 Clericos
952 1776 1126 1858 probabilis
1141 1776 1226 1837 vitae

106 1866 135 1916 et
157 1858 322 1920 doctrinae
352 1857 520 1940 Episcopis
551 1861 804 1935 consecrandos,
834 1859 964 1940 suisque
996 1859 1030 1918 in
1068 1857 1226 1921 Ecclesiis

105 1941 356 2018 constituendos,
379 1940 578 2016 obtulerint,
607 1940 698 2002 nulla
715 1941 867 2036 vqualibet
888 1941 1055 2004 occasione
1086 1961 1141 2005 eos
1164 1939 1229 2003 rei·

105 2021 194 2089 ciant,
248 2022 355 2108 Supra
373 2022 444 2089 Lib.
458 2029 487 2085 I.
507 2044 534 2085 c.
558 2025 608 2102 84.

343 2129 393 2188 De
408 2132 525 2190 mansis
547 2129 789 2210 uniuscuiusque
809 2125 978 2194 Ecclesiae.

179 2234 323 2299 CCXIV.
363 2235 531 2297 Sancitum
546 2245 594 2297 est
608 2244 644 2297 ut
658 2233 836 2315 unicuique
850 2234 1013 2300 Ecclesiae
1035 2253 1121 2295 nnus
1134 2252 1227 2296 man·

104 2337 151 2377 sus
168 2314 295 2398 integer
309 2315 427 2400 absque
444 2317 553 2401 aliquo
574 2316 706 2382 servitio
720 2319 920 2379 attribuatur.
961 2318 1004 2378 Et
1028 2326 1065 2377 ut
1087 2315 1227 2400 Presby-

104 2397 161 2462 teri
180 2397 214 2457 in
236 2397 283 2458 eis
298 2399 464 2462 constituti
484 2421 548 2460 non
579 2401 618 2462 de
647 2398 796 2478 decimis,
819 2421 924 2480 neque
945 2400 984 2460 de
1008 2397 1225 2459 oblationibus

104 2478 258 2556 fidelium,
282 2481 405 2542 nonde
427 2483 591 2561 domibus,
613 2503 720 2563 neque
743 2481 783 2542 de
808 2482 894 2543 atriis
923 2481 974 2544 vel
1004 2479 1107 2541 hortis
1135 2478 1227 2540 iuxta

103 2561 274 2623 Ecclesiam
299 2563 433 2644 positis,
457 2585 561 2646 neque
579 2565 618 2626 de
637 2564 833 2646 praescripto
849 2585 977 2640 manso,
999 2563 1042 2622 ali
1068 2559 1135 2621 uod
1156 2580 1226 2621 ser-

103 2642 210 2702 vitium
224 2654 354 2726 praeter
372 2646 624 2707 ecclesiasticum
645 2647 774 2706 faciant.
814 2647 857 2708 Et
885 2646 912 2707 si
939 2584 1066 2726 aliquid1
1089 2641 1226 2788 amplius

103 2722 289 2872 pplpperirppg
311 2726 388 2788 inde
401 2727 589 2790 Senioribus
603 2728 669 2791 suis
687 2729 831 2792 debitum
848 2726 1137 2810 servitiumImpen
1162 2733 1226 2787 ant.

139 2827 148 2864 1
174 2828 225 2869 .c.
287 2857 295 2872 .

308 2913 358 2972 De
380 2913 577 2992 Presbyteris
593 2916 831 2998 uniuscuiusque
850 2909 1020 2981 Ecclesiae.

179 3016 305 3081 CCXV.
347 3020 506 3078 Statutum
524 3028 589 3096 est,
611 3029 778 3101 postquam
798 3017 859 3082 hoc
878 3021 1046 3104 impletum
1062 3018 1172 3093 fuerit,
1189 3030 1227 3082 ut

103 3115 311 3180 unaquaeque
333 3099 476 3194 Ecclesia
494 3123 585 3162 sarum
608 3103 837 3184 Presbyterum
859 3104 994 3183 habeat,
1019 3103 1077 3165 uhi
1098 3103 1132 3165 id
1154 3103 1227 3166 fieri

103 3175 230 3240 facultas
248 3182 440 3263 providente
460 3183 619 3266 Episcopo
638 3184 827 3268 permiserit.
869 3187 953 3252 Ibid.
968 3209 994 3248 c.
1011 3188 1061 3254 86.

281 3286 330 3346 De
347 3290 445 3348 sacris
469 3289 547 3347 vasis
565 3288 725 3350 Ecclesiae
746 3290 791 3351 ad
805 3293 918 3375 pr'gnus
943 3292 1039 3357 datis.
1151 3350 1155 3357 .

176 3390 320 3453 CCXVI.
360 3394 409 3452 De
438 3392 534 3453 sacris
568 3393 650 3455 vasis
671 3393 855 3474 Ecclesiae,
896 3419 978 3479 quae
1012 3399 1046 3460 in
1070 3399 1225 3484 pignusa'a

102 3473 267 3532 nonnullis
283 3473 317 3531 in
339 3474 529 3554 quibusdam
547 3474 626 3537 locis
645 3475 714 3536 dari
732 3478 961 3561 comperimus,
983 3479 1159 3544 inhibitum
1177 3494 1225 3546 est

103 3571 140 3610 ne
165 3554 317 3636 deinceps
346 3557 364 3614 al
391 3577 554 3637 quoquam
579 3557 649 3620 fieri
679 3570 917 3641 praesumatur,
940 3563 1001 3624 nisi
1025 3568 1225 3628 solummodo

102 3635 285 3696 necessitate
311 3637 576 3699 redimendorum
597 3640 797 3724 captivorum
811 3646 1055 3727 compellantur.
1075 3652 1160 3718 Iac.
1172 3649 1224 3713 88.

219 3741 269 3800 De
286 3741 436 3802 Ecclesiis
457 3742 624 3804 destructis
632 3790 644 3818 ,
666 3746 721 3806 vel
740 3747 887 3810 denonis
912 3763 942 3811 et
961 3749 1103 3821 decimis.

179 3845 336 3906 CCXVII.
377 3849 426 3907 De
445 3847 601 3910 Ecclesiis
625 3871 700 3910 sane
722 3852 904 3926 destructis,
928 3857 983 3916 vel
1006 3857 1045 3919 de
1069 3861 1164 3922 nonis
1194 3873 1227 3924 et

102 3922 247 4002 decimis,
269 3928 336 3988 sive
360 3929 399 3990 de
413 3930 561 3992 claustris
573 3932 831 4014 Canonieorum,
852 3937 992 4018 qualiter
1017 3942 1169 4003 constitui
1194 3953 1226 4004 et

102 4007 239 4078 ordinari
255 4009 345 4072 nobis
361 4012 541 4094 placuerit,
563 4013 634 4076 aliis
656 4017 803 4100 capitulis
826 4019 1056 4083 adnotavimus.
1077 4025 1224 4107 Ib.c.89.
1325 4022 1330 4034 ¹

236 4115 285 4174 De
307 4118 503 4194 Presbytero
523 4119 578 4202 qui
590 4117 731 4200 seminas
749 4123 784 4181 in
802 4121 945 4186 domibus
963 4127 1085 4189 babent.
1211 4181 1216 4196 .

180 4219 352 4287 CCXVIII.
395 4224 558 4302 statutum
573 4233 621 4306 est
636 4225 674 4287 ab
686 4225 857 4312 Episcopis
880 4229 919 4292 de
941 4232 1140 4317 Presbyteris
1165 4235 1225 4320 qui
