2910 4986
197 334 275 409 452
593 349 904 412 vestimentum

196 497 247 561 82.
268 493 317 558 De
327 489 735 580 benejicit's'Episooporum,
871 491 916 553 ad
933 504 1060 577 'portem
1075 489 1165 572 Regis
1180 491 1271 552 exire
1284 505 1344 552 soa

277 575 450 652 Abbatnm,
473 589 504 636 et
531 579 736 658 reliquorum,
797 594 800 601 “
867 575 966 638 lebat.

280 672 309 719 et
327 656 367 719 de
379 655 476 741 fiscis
494 660 653 738 regalibus
679 659 737 720 de·
786 649 835 730 87.
857 658 906 716 De
919 659 1046 743 placitis
1063 659 1082 716 b
1098 657 1208 717 Missis
1230 653 1332 716 domi·

281 739 465 802 scribendis.
724 815 726 818 Ι
865 744 946 802 nisis
967 741 1140 801 ‘Comitibus
1157 751 1266 798 notum
1274 730 1331 818 Jo-

866 825 997 888 ciendis,

784 895 834 970 88.
856 905 905 965 De
909 897 1074 990 fidelitate
1092 905 1186 982 Regis
1201 903 1334 963 uromit·

865 990 972 1050 tendo.

360 1129 366 1141 .
425 1127 432 1140 .
531 1119 532 1124 κ
599 1129 640 1142 ,,
708 1129 714 1143 ,
784 1066 834 1146 89.
856 1070 905 1130 De
915 1070 1093 1134 homicidiis
1102 1066 1333 1152 infropatrinm

196 1127 248 1206 84.
270 1127 319 1186 De
353 1147 489 1186 iussione
518 1124 677 1188 dominico
702 1149 736 1187 in
883 1159 970 1216 actis·

279 1210 418 1306 i‘wmaet
430 1211 585 1270 mimam
605 1231 668 1272 '‘⁰'‘
681 1201 737 1303 ‘fd'
787 1251 837 1320 90.
860 1152 908 1296 be
921 1237 1071 1298 mensuris
1084 1248 1113 1294 et
1127 1232 1332 1316 ponderibus.

279 1291 418 1376 ‘mimia'
788 1341 838 1404 9¹·
859 1320 909 1380 De
920 1341 997 1402 poce
1014 1315 1049 1378 in
1062 1319 1150 1379 bosio
1173 1315 1227 1375 uel
1244 1313 1333 1396 infru

197 1397 248 1460 85.
269 1397 318 1456 De
328 1419 420 1457 censu
430 1399 529 1476 regali
537 1400 740 1484 inquirendo.
865 1405 1012 1484 putrium.

195 1479 249 1542 86.
270 1479 319 1538 De
334 1479 427 1540 rebus
443 1478 483 1538 de
505 1482 615 1563 quibus
630 1503 739 1543 census
857 1484 1050 1546 Eretrcrunr
1073 1483 1247 1544 Centrum.

299 1587 461 1646 lucremur
485 1603 709 1649 SUPRASCRIFTA
727 1588 891 1651 Certru'tt
912 1613 950 1651 ΒΤ
972 1608 1077 1650 EORUM
1100 1607 1229 1647 Tenue.

153 922 156 928 ,
171 846 181 876 ⁵
196 855 247 921 83·
269 856 318 917 De
327 854 531 934 legationibus
537 855 739 939 propterius·

281 939 379 1029 titios,
390 958 450 1022 quo
459 949 598 1022 temporo
607 959 737 1000 exerce·

280 1033 381 1085 untur.

594 1706 650 1765 De
668 1726 746 1788 pace
773 1702 936 1765 servando.

281 1807 309 1868 1.
349 1807 398 1866 De
416 1827 493 1888 pace
507 1808 714 1871 admonemus
728 1821 765 1870 nt
777 1833 887 1872 omnes
898 1811 955 1894 qni
966 1833 1023 1894 per
1033 1810 1142 1892 aliqua
1160 1807 1284 1871 scelera
1302 1805 1334 1869 ei

198 1889 337 1954 rebelles
356 1898 450 1966 sunt,
476 1891 745 1986 constringantur.
798 1893 932 1978 Capitul.
952 1899 998 1958 II.
1014 1919 1042 1954 a.
1062 1895 1133 1959 805.
1153 1913 1178 1954 o.
1203 1909 1227 1950 r.

456 2051 461 2057 .
556 1999 750 2057 Doiustitiis
765 1999 972 2078 generalibus.

281 2099 325 2162 ΙΙ.
367 2101 416 2160 De
433 2098 561 2160 iustitiis
576 2101 794 2164 Ecclesiarum
804 2105 884 2182 Dei,
904 2105 1093 2180 viduarum,
1112 2103 1333 2188 orphanorum

201 2193 233 2245 et
256 2182 473 2265 pupillorum,
495 2183 708 2266 praecipimus
737 2196 773 2245 ut
794 2185 994 2269 in'publiois
1018 2187 1147 2249 iudiciis
1184 2209 1249 2247 non
1274 2186 1335 2248 de-

200 2266 378 2350 spiciantur
391 2265 582 2342 clamantes,
605 2267 661 2327 sed
683 2266 858 2349 diligenter
883 2269 1063 2337 audiuntur.
1113 2269 1271 2336 Itium.

571 2372 626 2430 De
649 2372 777 2431 iustitiis
794 2373 960 2453 regalibus.

200 2475 361 2624 suumn
391 2477 439 2538 De
459 2474 588 2536 iustitiis
609 2477 789 2559 regalibus,
811 2490 847 2540 ut
872 2481 1016 2564 pleniter
1042 2479 1121 2542 fiant
1148 2477 1336 2565 inquisitae.

244 2585 252 2622 ι
279 2582 330 2626 .c.
364 2603 372 2620 .

535 2669 588 2728 De
607 2669 703 2726 arinis
720 2689 783 2727 non
803 2665 982 2751 portandis.

288 2769 346 2835 IV.
376 2771 436 2836 ¹De
458 2767 551 2834 armis
572 2770 656 2832 inira
675 2773 810 2855 patriam
828 2796 892 2835 non
909 2773 1092 2858 portandis,
1114 2774 1148 2840 id
1174 2786 1238 2855 est,
1260 2799 1336 2839 sou-

204 2858 243 2918 tis
262 2865 294 2917 et
315 2855 450 2918 ‚lanceis
474 2866 506 2916 et
529 2855 648 2915 loricis.
704 2857 740 2918 Si
767 2857 909 2918 faidosus
945 2860 1016 2940 qnis
1048 2860 1109 2938 sit,
1145 2860 1340 2925 discutiatur

203 2949 281 2999 tunc
300 2938 542 3021 quiseduobus
562 2939 739 3000 contrarius
758 2939 799 3000 sit
821 2949 861 3020 ¹nt
889 2943 993 3022 pacati
1020 2941 1120 3020 finnt,
1144 2952 1176 3003 et
1201 2943 1339 3003 distrin-

205 3030 321 3103 gantur
337 3021 376 3081 ad
391 3041 522 3101 pacem,
545 3021 640 3079 etiam
658 3020 685 3082 si
703 3022 879 3087 noluerint.
900 3019 941 3084 Et
960 3024 986 3084 si
1004 3024 1098 3086 aliter
1117 3045 1150 3086 se
1167 3025 1337 3107 pacificare

205 3104 339 3180 nolunt,
362 3102 565 3163 adducantur
594 3103 628 3163 in
655 3112 796 3165 nostram
816 3107 1038 3184 praesentium.
1101 3109 1143 3168 Et
1165 3107 1191 3168 si
1218 3107 1337 3190 aliquis

204 3195 276 3265 post
307 3184 563 3266 pacificationem
592 3186 730 3246 alterum
761 3185 937 3264 oceiderit,
960 3198 1130 3270 componat
1156 3189 1268 3266 illum,
1305 3196 1339 3248 et

205 3287 336 3327 manum
351 3288 448 3348 quam
462 3268 641 3349 periuravit
657 3268 786 3351 p'erdet,
809 3278 842 3329 et
869 3270 1001 3353 insuper
1024 3271 1169 3331 bannum
1196 3269 1339 3334 domini-

209 3369 284 3409 cum
303 3349 417 3410 solvat.
458 3349 543 3412 Ibid.
557 3371 583 3410 c.
603 3349 632 3412 5.
987 3353 989 3358 ’

469 3458 524 3516 De
553 3467 714 3516 armature
737 3457 771 3516 in
790 3457 909 3516 bostem
926 3456 1077 3520 babendo.

287 3555 334 3622 V.
375 3562 424 3621 De
447 3569 604 3620 armatura
624 3562 657 3620 in
681 3562 845 3638 exercitu,
868 3562 1026 3624 sicutiam
1045 3575 1139 3626 antea
1161 3565 1194 3624 in
1210 3565 1342 3626 alioCa·

208 3643 340 3728 pitulari
362 3643 670 3720 commendavimus,
692 3644 735 3704 ita
760 3655 921 3705 servetur:
945 3656 976 3707 et
995 3647 1128 3730 insuper
1151 3648 1254 3708 omnis
1280 3646 1342 3707 ho·

209 3749 262 3801 mo
279 3727 320 3788 de
336 3725 506 3786 duodecim
534 3727 650 3786 mansis
671 3726 819 3787 bruniam
840 3727 965 3788 habeat.
1008 3730 1073 3806 Qui
1094 3752 1171 3790 vero
1193 3729 1344 3790 bruniam

209 3811 350 3884 habens,
373 3829 444 3868 eam
468 3828 577 3869 secum
601 3811 669 3867 non
682 3808 815 3886 tulerit,
837 3831 931 3871 omne
951 3811 1146 3873 heneficium
1165 3835 1240 3874 cum
1263 3811 1344 3872 bru·

210 3892 265 3953 uia
279 3891 399 3976 pariter
420 3891 541 3973 perdat.
585 3889 670 3952 ibid.
690 3912 718 3951 c.
738 3891 766 3952 6.

330 3995 332 3998 ’
394 4001 450 4059 De
472 3997 716 4075 negotiatoribus
741 4017 801 4080 quo
821 3997 959 4081 adusque
971 3998 1157 4082 procedunt.

295 4102 353 4170 VL
394 4104 444 4163 De
463 4099 716 4182 negotiatoribus
733 4101 790 4182 qui
815 4102 961 4182 partibus'
985 4105 1173 4168 Seianorum
1196 4115 1229 4169 et
1259 4106 1347 4168 Ava-

210 4207 323 4248 rorum
345 4193 500 4268 pergunt,
522 4204 693 4262 quousque
707 4185 883 4266 procedere
902 4207 977 4246 oum
997 4188 1065 4262 suis
1084 4190 1220 4272 negotiis
1241 4189 1348 4253 debe·-

197 4263 286 4346 ·ont',
307 4268 342 4332 id
367 4277 433 4344 est,
454 4266 596 4350 partibus
619 4264 776 4332 Senoniae
804 4283 907 4350 usq-ue
933 4269 977 4330 nd
1001 4270 1229 4352 uerterunt,
1250 4280 1285 4336 et
1306 4271 1348 4333 ad
