2926 4986
230 313 303 389 704
625 323 912 401 carnotanam

227 493 279 536 ma
298 471 407 534 fronte
425 467 556 549 cedere,
575 479 612 536 ut
632 471 739 536 omnia
760 493 843 554 quae
870 491 968 555 super
995 469 1213 555 suggestiones
1239 464 1353 532 luimb·

227 575 339 617 corum
351 553 508 631 amiserat,
529 554 676 638 legaliter
698 556 842 638 potestati
864 555 932 616 eius
949 554 988 627 ab
1004 553 1185 615 honorabili
1200 550 1355 616 Concilio

226 637 504 718 redintegrentur,¹
523 646 555 697 et
572 637 705 698 Praesul
724 637 812 720 prius
834 636 928 698 statui
952 637 1087 718 pristino
1107 634 1278 703 reddatur3
1300 632 1353 711 ip-

227 733 324 800 seque
345 721 473 780 demum
491 719 691 800 potestative,
714 741 778 780 non
793 720 908 797 subito,
931 719 988 780 scd
1008 718 1064 778 diu
1085 715 1246 798 dispositis
1263 714 1353 774 ordi-

205 835 211 844 ·
227 801 374 882 natisque
390 801 465 877 suis,
479 811 557 862 tunc
576 803 616 861 ad
636 802 874 884 tempusreniat
892 801 932 862 nd
949 821 1087 870 causam
1110 807 1142 860 et
1157 799 1186 860 si
1205 798 1289 858 iuste
1300 794 1353 862 vi*

226 882 335 960 detur,
359 885 577 943 accusantium
594 883 865 968 propositionibus
882 883 1083 965 respoudeat.

246 989 294 1048 De
318 989 367 1048 bic
386 1009 463 1074 quos
481 988 562 1070 leges
590 989 687 1049 seculi
709 1011 770 1050 non
791 989 970 1060 admittunt,
992 989 1026 1046 in
1043 985 1237 1047 Clerieorum
1257 1003 1340 1043 cau-1·⁴

606 1074 649 1130 sis
675 1094 737 1133 nou
757 1069 971 1138 admittendis,

307 1173 401 1236 CXV
406 1174 448 1240 ll.
491 1177 580 1254 Quos
605 1178 704 1258 Leges
726 1176 827 1238 seculi
844 1197 909 1236 non
931 1173 1119 1247 admittunt,
1146 1169 1198 1231 his
1221 1169 1354 1232 dicendi

223 1256 260 1319 iu
280 1258 499 1339 cognitionem
520 1258 571 1318 rel
590 1257 785 1341 adsequendi
802 1257 925 1339 aliquid
946 1254 1133 1338 deneganda
1148 1263 1194 1314 est
1209 1253 1352 1326 licentia,

265 1364 315 1422 De
336 1384 398 1423 non
419 1363 558 1442 cogendo
576 1363 715 1425 Clericus
736 1367 769 1424 in
782 1364 945 1450 publicum
966 1361 1071 1421 dicere
1091 1360 1311 1427 testimonium,

313 1467 483 1530 exunt·
512 1468 630 1530 Clerici
646 1469 690 1532 de
706 1469 815 1530 iudicii
827 1469 883 1530 ¹sui
906 1465 1089 1551 cognitione
1110 1485 1177 1524 non
1194 1471 1353 1547 cogantur

228 1552 263 1614 in
289 1551 456 1635 publicum
477 1550 584 1612 dicere
604 1552 833 1614 testimonium.

225 1658 275 1719 De
300 1657 490 1718 accusatoris
507 1679 642 1740 persona
662 1659 810 1718 scelerum
828 1657 956 1720 maculis
980 1675 1107 1742 aspersa
1127 1651 1174 1716 ad
1190 1650 1353 1716 Sacerdo-

278 1753 283 1762 “
485 1751 550 1802 tum
564 1743 788 1802 accusationem
808 1763 870 1802 nou
891 1737 1093 1801 admittenda.

312 1841 432 1907 CXIX.
476 1845 509 1904 si
536 1845 723 1906 accusatoris
750 1868 886 1934 persona
909 1847 943 1906 in
972 1843 1095 1908 iudicio
1117 1842 1353 1932 Episcoporum

227 1927 410 2010 culpabilis,
433 1925 543 2003 idest,
566 1929 739 1989 sceleribus
761 1929 903 2006 inretita,
926 1927 1125 2011 apparuerit,
1146 1927 1187 1987 ad
1211 1945 1353 2008 arguen-

224 2013 305 2072 'dam
321 2030 387 2068 non
411 2009 594 2070 admittatur
612 2011 674 2070 nisi
691 2011 730 2078 de
751 2012 888 2094 propriis
910 2011 1021 2072 causis.

225 2116 273 2177 Ne
291 2118 482 2174 interventor
494 2112 667 2197 Episcopus
685 2115 867 2176 cathedram
884 2116 937 2177 ubi
951 2117 1139 2175 intercessor
1157 2127 1214 2192 est,
1233 2111 1351 2189 sedeat.

224 2223 228 2229 ’
280 2199 415 2283 CXX.
457 2219 537 2278 Item
558 2207 765 2280 constitutum
785 2230 831 2280 est
848 2231 883 2281 ut
901 2221 985 2282 nulli
1004 2219 1260 2282 interventorum
1276 2217 1351 2279 lici-

225 2313 294 2366 tum
320 2304 361 2364 sit
379 2298 561 2362 cathedram
588 2301 640 2362 cui
667 2302 858 2362 intercessor
879 2303 969 2384 datus
987 2311 1045 2381 est,
1068 2301 1267 2386 quibuslibet
1289 2322 1351 2384 po-

224 2387 376 2470 pulorum
396 2383 516 2444 studiis
538 2383 590 2470 vel
610 2384 819 2445 seditionibus
839 2386 989 2450 retinere.

224 2479 380 2573 'Quotiens
402 2488 442 2548 de
465 2486 637 2548 minoribus
658 2487 819 2550 Iudicibus
840 2490 1056 2550 ecclesiasticis
1079 2487 1124 2550 ad
1142 2490 1277 2550 maiores
1297 2507 1351 2549 ec.-

221 2575 415 2636 ,alestannus
442 2569 567 2630 Iudices
581 2569 686 2650 fuerit
709 2586 933 2652 provocatum,
962 2593 1026 2632 non
1045 2573 1089 2634 eis
1107 2572 1276 2651 denegetur
1289 2568 1352 2655 'qui

221 2683 227 2687 ·
655 2668 910 2735 provocaverint.

312 2758 433 2826 CXXI.
473 2759 599 2822 Placuit
621 2768 658 2820 ut
678 2759 696 2818 a
719 2760 964 2841 quibuscunque
985 2759 1145 2822 ludicibus
1160 2757 1353 2820 ecclesiasti·

224 2843 270 2905 cis
292 2844 332 2903 ad
352 2843 430 2904 alios
449 2839 576 2904 ludices
603 2841 852 2920 ecclesiasticos,
883 2844 939 2903 ubi
965 2852 1013 2904 est
1034 2845 1134 2904 maior
1157 2842 1352 2922 auctoritas,

220 2925 322 2987 fuerit
347 2936 574 3008 provocatum,
601 2947 666 2986 non
688 2925 733 2986 eis
751 2926 928 3008 denegetur
940 2926 996 3007 qui
1011 2925 1267 3008 provocaverint.

306 3032 354 3089 De
368 3032 549 3113 apostolicis
567 3041 597 3089 et
617 3032 774 3091 canonicis
794 3030 930 3091 decretis
955 3033 1080 3090 minime
1103 3031 1268 3092 violandis

253 3205 256 3209 ,
287 3133 461 3231 ,ΟΧΧῘΙῼ
484 3135 725 3198 Providendum
747 3145 794 3196 est
815 3137 848 3195 in
867 3136 1013 3200 omnibus
1029 3136 1126 3201 ue'in
1149 3137 1257 3219 aliquo
1272 3159 1352 3228 apo·

219 3220 334 3287 stolrca
359 3220 410 3280 vel
431 3219 589 3279 canonica
610 3219 736 3280 decreta
761 3218 935 3285 violentur.
1140 3231 1142 3244 '

220 3326 391 3402 Decretum
407 3325 524 3383 Domni
540 3325 663 3410 Karali,
686 3325 777 3402 Regis
792 3323 997 3396 Francorum,
1015 3327 1141 3386 utserui
1167 3327 1229 3386 Dei
1250 3347 1354 3411 neque

241 3442 247 3450 ·
345 3408 524 3471 ira-bostem
541 3420 690 3490 pergant,
714 3427 811 3489 neque
839 3421 1032 3476 armaturam
1056 3409 1204 3470 baiulent.

304 3509 463 3576 CXXlll.
504 3512 655 3587 Karalus,
679 3511 776 3592 gratia
792 3509 853 3570 Dei
872 3511 952 3588 Rex,
973 3513 1128 3595 regnique
1149 3515 1354 3580 Francorum

218 3595 354 3671 Rector,
379 3603 418 3654 ¹et
438 3593 571 3653 devotus
596 3605 721 3669 sanctae
740 3592 903 3652 Ecclesiae
929 3595 1079 3654 defensor
1104 3605 1199 3676 atque
1222 3599 1354 3658 adiutor

221 3677 254 3736 in
278 3675 434 3744 omnibus.
476 3675 675 3756 Apostolicae
700 3675 792 3735 Sedis
808 3674 948 3752 hortatu,
959 3677 1164 3758 omniumque
1185 3679 1354 3741 Fideliunr

128 3783 129 3786 ¹
221 3770 413 3834 nostrornm,
436 3765 470 3816 et
484 3756 618 3816 maxime
632 3756 861 3839 Episcoporum
877 3780 913 3823 ac
928 3759 1127 3840 reliquorum
1138 3759 1354 3829 ¹sacerdotum

221 3844 383 3918 consultu,
399 3839 498 3900 serris
515 3838 575 3896 Dei
591 3861 649 3920 per
665 3840 769 3899 omnia
784 3839 931 3910 omnibus
942 3852 1129 3911 armaturam
1142 3851 1282 3922 portare,
1295 3845 1353 3905 vel

219 3946 377 4006 pugnare,
399 3921 505 3980 autin
529 3922 704 3980 exercitum
725 3923 804 3982 etin
828 3922 951 3984 hostem
966 3945 1099 4005 pergere
1121 3923 1252 3984 omnino
1278 3947 1354 4006 pro..-

220 4009 386 4081 hibemus,
411 4001 471 4063 nisi
492 4001 540 4078 illi
558 4003 776 4064 tantummodo
798 4005 866 4086 qui,
888 4000 1183 4086 propterdivinum
1202 4008 1353 4068 ministe-

218 4091 305 4151 rium
321 4088 488 4147 Missurum
504 4083 632 4144 'scilicet
654 4086 806 4146 solemnia
824 4087 1027 4170 adimplenda
1041 4098 1073 4149 et
1089 4089 1280 4148 Sanctorum
1295 4111 1352 4171 pas

219 4168 359 4238 ¹trocinia
382 4167 553 4248 ,portanda,
578 4167 617 4224 ad
638 4167 699 4227 hoc
717 4167 810 4228 electi
830 4177 921 4239 sunt;
945 4168 1051 4247 idest,
1071 4191 1173 4230 uuum
1195 4172 1245 4231 vel
1268 4171 1351 4242 duos

216 4250 394 4350 lipiscopos
413 4271 488 4328 cum
509 4248 683 4350 capellanis
704 4249 901 4349 Presbyteris
917 4251 1073 4331 Princeps
1093 4273 1205 4333 ,secum
1219 4251 1350 4344 habeat,

356 4435 370 4464 Ι
