2910 4986
108 319 110 326 ·
171 275 246 351 tra
601 297 890 358 carnutensem
988 299 989 302 ‘
1074 237 1076 256 Ι

173 434 234 500 niti
256 456 320 498 non
342 456 375 497 se
399 436 618 515 correxerint,
646 441 738 502 velut
762 447 1000 521 contemptores
1023 455 1186 500 sacrorum
1206 457 1307 498 cauo·

173 540 249 580 num
268 517 422 579 canonici
444 519 629 582 invectione
647 523 815 584 feriantur.
858 521 942 585 Itid.
964 543 991 584 c.
1016 517 1062 603 17.

172 627 221 687 Dc
241 625 441 702 Presbyteris
461 627 517 710 qui
533 646 593 710 pro
616 628 780 690 chrismate
800 630 834 689 in
854 629 958 710 Coena
980 626 1109 688 Domini
1130 625 1308 704 capiebant,

254 724 381 809 XCIII.
422 735 472 794 De
502 734 700 818 Presbyteris
721 736 778 819 qui
800 735 980 819 accipiendi
1004 732 1183 794 chrismatis
1207 731 1308 812 gratiis

173 815 213 877 nd
228 815 372 878 ciritates
391 815 425 876 in
443 817 553 876 Coena
565 818 696 878 Domini
716 819 829 880 venire
846 819 932 880 soliti
952 826 1063 900 erant,
1085 815 1244 877 sancitum
1260 821 1308 874 est

173 908 209 958 nt
234 898 274 958 de
292 897 344 958 his
370 897 428 981 qni
447 899 543 981 longe
567 899 663 980 positi
688 911 783 978 sunt,
807 901 847 962 de
867 910 939 962 octo
959 899 1013 961 vel
1034 899 1147 959 decem
1166 917 1251 957 unus
1269 895 1309 956 ab

172 981 334 1063 Episcopo
351 976 507 1062 eligatur,
534 981 591 1062 qui
607 993 774 1066 acceptum
790 983 926 1046 chrisma
944 981 1004 1044 sihi
1022 990 1055 1042 ct
1066 980 1161 1041 sociis
1176 977 1241 1040 suis
1261 977 1311 1038 di·

174 1064 315 1144 ligenter
338 1065 489 1144 perferat.
530 1064 572 1125 Hi
592 1087 673 1127 vero
693 1066 750 1148 qui
777 1087 842 1136 nou
865 1065 994 1148 longius
1017 1063 1036 1122 d
1061 1062 1191 1124 civitate
1211 1080 1310 1141 quam

125 1183 129 1192 ·
173 1154 312 1226 quatuor
338 1145 561 1227 autquinque
585 1147 728 1210 millibus
750 1148 913 1226 habitant,
938 1168 1026 1209 more
1046 1144 1140 1206 solito
1157 1143 1197 1202 ad
1222 1141 1309 1202 acci·
1335 1166 1340 1174 ·

172 1227 330 1312 piendum
355 1225 492 1288 chrisma
518 1249 577 1311 per
605 1251 639 1291 se
666 1230 811 1291 veniant.
840 1228 1113 1292 'Discendi'vero
1144 1225 1208 1285 alio
1241 1245 1307 1284 uon

173 1308 444 1392 Quadragesimae
459 1318 623 1393 tempore,
642 1312 683 1373 ad
697 1313 843 1375 civitates
862 1319 1092 1376 convocentur.
1120 1306 1204 1372 Ibid.
1216 1327 1243 1372 c.
1262 1306 1308 1368 18.

302 1412 352 1472 De
367 1405 607 1497 praedicatione
626 1428 656 1477 et
675 1416 917 1501 confirmatione
937 1417 1178 1503 Episcopornm.

255 1513 380 1584 XCIV.
419 1517 466 1579 Ne
487 1540 567 1581 vero
582 1520 734 1603 Episcopi
750 1521 916 1583 occasione
938 1517 1146 1606 praedicandi
1161 1525 1216 1576 ant
1233 1537 1309 1578 con-

174 1599 323 1661 firmandi
344 1600 437 1662 oneri
456 1610 563 1662 essent
582 1603 728 1686 populis,
751 1605 768 1664 l
788 1605 881 1666 nobis
901 1602 1056 1666 admoniti
1075 1599 1214 1682 polliciti
1233 1610 1311 1660 suut

174 1706 206 1748 se
218 1683 371 1766 deinceps
386 1682 450 1744 hoc
468 1705 579 1745 cavere
597 1687 683 1746 velle
694 1695 750 1763 „et
764 1707 802 1746 eo
816 1696 959 1769 tempore
974 1707 1069 1747 suum
1081 1682 1308 1761 ministerium,

174 1766 208 1825 in
232 1774 390 1846 quantum
414 1767 550 1827 facultas
574 1767 724 1844 dabatur,
748 1770 867 1851 exequi
896 1775 978 1851 (quo
999 1788 1112 1828 eorum
1131 1765 1309 1847 profectio,

174 1848 379 1929 quantumin
398 1847 464 1909 illis
484 1856 570 1927 erat,
591 1849 642 1912 his
657 1851 774 1933 quibus
795 1852 945 1934 prodesse
963 1857 1096 1934 possunt
1116 1855 1150 1910 et
1169 1846 1308 1926 debent,

177 1933 243 1991 neu
266 1930 307 1991 sit
324 1929 508 2013 importuna
530 1932 582 1993 vel
601 1953 736 1994 onerosa
757 1938 803 2012 u).
846 1933 932 1999 Ibid.
951 1955 977 1998 c.
998 1953 1059 2014 19„

379 2039 429 2098 De
447 2033 555 2123 pueris
576 2038 745 2101 tondendis
769 2053 800 2102 et
822 2039 936 2125 puellis
957 2037 1112 2104 celandis.

257 2140 362 2206 XCV.
402 2142 450 2204 Ne
466 2144 560 2226 pueri
576 2165 653 2206 vero
672 2144 743 2208 sinc
759 2147 925 2208 voluntate
945 2153 1115 2227 parentum
1131 2151 1308 2204 tonsuren-

174 2237 248 2304 tur,
271 2226 321 2287 vel
343 2225 473 2308 puellae
489 2227 665 2304 velentur,
691 2228 794 2289 modis
811 2229 958 2289 omnihus
973 2226 1146 2286 inhibitum
1167 2235 1224 2288 est.
1265 2227 1308 2285 Et

175 2309 232 2390 qni
247 2309 310 2369 hoc
323 2309 428 2376 facere
443 2309 633 2385 tentaverit,
653 2310 785 2371 multam
804 2332 887 2394 quae
906 2310 939 2370 iu
954 2309 1102 2392 capitulis
1120 2307 1201 2390 legis
1217 2329 1309 2366 mun·
1328 2381 1330 2387 k

176 2393 276 2453 danae
308 2391 328 2450 d
357 2389 449 2452 uobis
479 2390 661 2453 constitutis
692 2392 908 2472 continetur,
948 2393 1134 2476 persolvere
1166 2399 1307 2473 cogatur.

177 2473 262 2539 Ibid.
285 2493 311 2538 c.
328 2492 378 2534 20.
1175 2481 1177 2486 ’

191 2563 211 2605 ”
460 2579 524 2656 De
536 2577 669 2662 feminis
685 2583 773 2641 viros
794 2581 1014 2645 amittentibus.

258 2680 381 2747 XCVI.
423 2683 616 2748 De‘feminis
629 2709 712 2769 quae
726 2687 809 2746 viros
824 2686 974 2745 amittunt
988 2686 1094 2766 placet
1107 2706 1147 2746 ne
1162 2707 1195 2748 se
1204 2730 1212 2762 ,
1228 2685 1312 2746 sicut

176 2767 349 2845 hactenns,
367 2767 539 2840 indiscrete
554 2770 681 2848 velent,
698 2771 754 2830 sed
769 2779 804 2828 ut
824 2769 957 2848 triginta
972 2767 1039 2828 dics
1056 2777 1127 2850 post
1146 2767 1312 2828 decessum
1371 2793 1374 2796 ·
1399 2817 1402 2824 .

178 2850 238 2907 viri
265 2850 530 2931 sui'expectent,
561 2861 593 2911 et
621 2862 691 2934 post
718 2851 914 2911 tricesimum
939 2851 1025 2910 diem
1053 2871 1112 2930 per
1140 2850 1313 2910 consilium

178 2931 331 3014 Episcopi
349 2931 417 3006 sui,
445 2935 498 2993 vel
519 2932 545 2992 si
561 2935 739 3016 Episcopus
752 2934 865 2996 absens
884 2933 1001 3009 fuerit,
1022 2931 1157 2992 consilio
1174 2933 1313 2990 aliorum

136 3026 138 3033 “
177 3013 626 3095 religiosorumSacerdotum,
639 3038 833 3097 suorumque
844 3013 1310 3096 parentumatqueamicorum,

180 3097 212 3154 id
236 3097 325 3176 quod
346 3095 466 3176 eligere
493 3097 631 3175 debent,
654 3099 785 3180 eligant.
826 3100 870 3158 Et
893 3097 1009 3177 qniad
1037 3117 1126 3156 sacro
1150 3106 1312 3156 conventu

179 3179 281 3257 rogati
295 3183 389 3256 utut¹
399 3177 433 3236 hi
445 3179 501 3260 qui
520 3181 681 3261 publicam
696 3181 848 3262 gerebant
860 3179 1112 3260 poenitentiam,
1131 3188 1162 3238 et
1172 3177 1311 3237 feminae

180 3279 262 3337 qnae
285 3259 371 3319 viros
394 3259 601 3338 amittebant,
631 3264 740 3323 nostri
768 3262 973 3337 auctoritate,
1001 3261 1105 3320 donec
1130 3261 1313 3320 deliberent

181 3339 260 3419 qnid
274 3349 385 3422 agant,
405 3351 591 3420 tuerentur,
608 3344 791 3426 specialiter
802 3367 860 3426 pro
874 3343 924 3402 his
941 3343 1079 3424 capitula
1096 3341 1166 3401 fieri
1183 3352 1216 3402 et
1231 3340 1313 3424 legis

181 3423 361 3485 mundanae
376 3423 525 3506 capitulis
540 3426 713 3486 inserenda
734 3427 945 3489 decrevimus.
987 3423 1072 3488 Ibid.
1089 3444 1115 3488 c.
1135 3444 1185 3482 21.
1201 3441 1207 3449 “

433 3533 497 3604 ¹Dc
519 3534 618 3615 raptis
634 3544 666 3592 ct
682 3533 722 3593 de
743 3555 850 3596 eornm
864 3531 1052 3616 raptoribus.

264 3633 405 3698 XCVII.
445 3641 494 3699 De
510 3638 607 3720 raptis
623 3661 701 3701 vero
720 3648 751 3699 et
767 3638 806 3699 de
822 3629 1018 3720 raptoribus,
1041 3655 1233 3716 quamquam
1245 3653 1315 3714 spe-

185 3718 311 3779 cialiter
327 3719 577 3781 decrevissemus
600 3722 679 3804 quid
697 3721 763 3804 pati
788 3719 925 3781 debeant
946 3717 1002 3800 qui
1025 3718 1088 3778 hoc
1110 3715 1313 3777 nefas'deiu-

122 3825 125 3838 ¹
185 3822 259 3882 ceps
279 3801 385 3862 facere
405 3803 618 3880 tentaverint,
643 3805 723 3885 qnid
744 3813 850 3864 tamen
875 3797 972 3884 super
998 3800 1048 3860 his
1068 3799 1148 3860 sacri
1164 3817 1315 3858 canones

184 3882 384 3968 praecipiant
407 3884 462 3967 hic
484 3885 694 3948 inserendum
720 3884 935 3948 necessarium
960 3884 1127 3954 duximus;
1155 3889 1315 3962 quatenus

187 4016 415 4030 ψ

220 4091 259 4150 u)
276 4083 310 4135 al.
321 4101 379 4137 mss.
399 4099 428 4138 ur
441 4086 482 4146 tis
493 4088 590 4160 quibus
597 4086 725 4158 prodesse
809 4093 852 4156 v)
869 4087 902 4142 al.
919 4104 981 4142 mss.
1001 4089 1094 4159 rogati
1109 4101 1206 4140 sumus.

246 4166 358 4222 possunt
367 4166 392 4207 et
402 4155 500 4208 debent
512 4177 567 4209 uon
578 4161 614 4209 sit
626 4160 725 4225 impor-

202 4280 204 4282 ,
247 4227 725 4283 tunaveloncrosaeorumvisitatio.
