2926 4986
547 293 664 354 ‘niusa
704 293 903 352 secunus.
1181 277 1254 350 751

162 451 211 509 De
232 445 425 508 delatoribus
448 439 526 528 quid
533 438 702 520 ‘agendum
712 438 772 515 sit,
792 436 846 495 uel
872 431 953 530 qitid
976 436 1039 492 sint
1060 434 1224 501 delatores.

193 529 365 618 CCCLX.
405 549 550 614 Delatori
571 546 753 626 autlingua
773 543 1025 623 capuletur„aut
1045 529 1191 606 convicto
1205 569 1257 606 ca.

127 649 188 726 put
199 638 394 722 amputetur(
411 634 577 697 Delatores
592 639 698 688 autem
709 637 784 688 sunt
799 625 854 706 (lui
873 624 994 684 invidia
1008 628 1150 706 produnt
1168 629 1257 690 alios.

127 748 178 808 De
195 747 242 807 luis
258 744 313 830 qui
329 744 363 803 in
385 740 514 816 ulterius
529 735 652 818 fumum
666 745 719 793 uzu
740 734 941 814 scripturam,
964 745 1017 792 aut
1040 735 1131 809 verbu
1148 749 1257 795 conteu-

208 833 212 839 '
303 827 305 835 ⁴
494 817 641 894 meliosu,
668 812 894 898 confinxerint.

212 927 387 993 CCCLXI.
428 925 493 1004 Qui
515 926 549 984 in
574 921 705 982 alterius
726 922 841 978 famam
861 918 894 978 in
917 918 1048 1000 publico
1069 919 1257 1001 scripturam

127 1023 185 1076 aut
209 1014 304 1075 rerba
331 1009 563 1072 contumeliosa
583 1003 797 1079 confinxerit,
820 1011 851 1061 et
877 1011 1023 1082 repertus
1054 1002 1170 1084 scripta
1193 1026 1257 1064 non

126 1096 326 1181 probaverit,
353 1093 544 1174 flagelletur.
584 1091 627 1150 Et
653 1086 709 1168 qui
736 1107 773 1144 ea
793 1085 884 1166 prius
911 1084 1095 1164 invenerit,
1123 1096 1259 1170 rumpat,
1336 1111 1338 1117 ·

126 1181 241 1246 sinon
264 1178 337 1239 vult
357 1175 495 1236 auctoris
517 1172 592 1232 facti
617 1191 742 1230 causam
763 1168 941 1247 incurrere.

233 1287 282 1346 De
306 1285 354 1345 luis
367 1283 435 1364 -qui
451 1301 543 1340 renum
557 1299 627 1337 rem
652 1275 772 1335 duobus
784 1259 938 1333 ¹Dominis
962 1272 1155 1340 donauerint.

129 1421 131 1426 ·
212 1388 397 1452 CCCLXll.
440 1385 472 1446 Si
504 1381 621 1463 uliquis
650 1401 748 1438 unam
770 1399 838 1438 rem
867 1377 991 1438 duobus
1020 1398 1079 1458 per
1100 1377 1258 1461 legitimas

127 1475 301 1556 scripturas
330 1467 508 1543 donaverit,
533 1466 591 1524 uni
611 1463 719 1545 prius,
742 1469 774 1521 et
795 1460 887 1522 alteri
912 1471 1037 1542 postea,
1069 1483 1134 1522 non
1157 1483 1258 1542 quae.

128 1559 249 1621 rendus
270 1565 316 1616 est
339 1555 372 1612 in
394 1551 444 1612 his
465 1543 692 1610 donationibus
715 1544 772 1625 qui
793 1544 926 1625 primus,
949 1543 1004 1626 qui
1026 1544 1184 1622 posterior
1206 1545 1256 1616 sit,;

127 1641 185 1702 sed
207 1638 264 1721 qui
285 1659 353 1697 rem
374 1633 694 1696 tradente‘donatore
719 1625 907 1706 possederit,
929 1625 955 1686 is
974 1646 1041 1686 eam
1056 1624 1109 1684 cui
1133 1635 1179 1686 est
1197 1617 1278 1685 tra(

127 1723 197 1784 dita
221 1718 405 1803 possidebit.
446 1717 512 1776 Nec
538 1715 672 1773 interest
700 1718 807 1768 utrum
833 1707 868 1766 in
896 1718 1045 1790 parentes
1072 1730 1111 1767 an
1138 1694 1258 1768 inex-

128 1815 257 1866 trancos
270 1801 351 1886 ¹talis
373 1801 414 1861 sit
434 1801 517 1858 facta
541 1793 680 1856 donatio,
1120 1791 1123 1796 ‘

170 1913 220 1972 De
244 1910 340 1969 seruis
362 1908 396 1966 in
415 1917 508 1988 ceput
528 1901 658 1962 Domini
676 1899 695 1956 ir
716 1916 869 1980 quoquam
887 1916 950 1956 non
973 1877 1222 1976 interrogandis}
1246 1950 1249 1959 ,

213 2012 424 2078 CCCLXHI.
469 2008 562 2070 Servi
584 2007 617 2064 in
642 2008 737 2084 caput
765 2001 1022 2082 dominineque
1054 2003 1070 2060 ir
1093 2004 1255 2082 Praeside,

129 2121 238 2182 neque
261 2101 277 2158 t
302 2101 524 2168 Procuratore,
547 2109 652 2168 neque
675 2085 791 2146 tamin
813 2083 919 2168 parvis
942 2106 1038 2164 quam
1059 2086 1092 2144 in
1116 2088 1257 2168 capitali-

128 2187 190 2246 hus
217 2181 332 2257 causis,
356 2172 546 2256 interrogari
571 2180 721 2253 possunt„
1000 2185 1002 2194 ’
1219 2195 1222 2202 ⁴

131 2293 181 2354 De
194 2293 242 2351 tis
258 2290 312 2370 qrci
327 2286 403 2346 irati
416 2284 533 2368 crimen
550 2275 681 2360 aliquod
695 2275 820 2336 cuilibet
833 2272 988 2350 dixerint,
1005 2273 1034 2332 si
1049 2287 1158 2356 postea
1175 2278 1254 2335 resi-

218 2373 374 2456 piscentes
394 2368 451 2426 hoc
470 2363 622 2446 perficere
643 2359 821 2433 noluerint,
841 2357 921 2439 quid
939 2355 1091 2434 agendum
1118 2359 1169 2422 sit,

217 2469 422 2538 CCCLXlV.
464 2469 497 2530 Si
520 2466 591 2548 quis
617 2464 715 2524 iratus
742 2463 863 2523 crimen
894 2461 1028 2541 aliquod
1053 2461 1187 2520 cuilibet
1208 2471 1256 2522 te-

133 2582 221 2622 mere
244 2556 418 2629 obiecerit,
448 2550 627 2613 convitium
655 2567 720 2606 non
744 2555 792 2606 est
816 2567 875 2626 pro
903 2541 1104 2604 accusatione
1133 2543 1256 2602 haben,

28 2688 31 2694 .
133 2646 221 2708 dum,
264 2641 328 2701 Sed
355 2637 509 2720 permisso
530 2629 686 2692 tractandi
717 2627 840 2708 spatio,
872 2626 902 2686 id
926 2625 1013 2705 quod
1042 2624 1139 2684 iratus
1163 2627 1255 2703 dixit,

131 2724 400 2812 perscripturum
422 2741 454 2780 se
477 2716 680 2800 probaturam
697 2731 764 2782 esse
786 2710 936 2778 fateatur;
961 2716 995 2766 ut
1017 2706 1043 2766 si
1065 2708 1194 2768 fortasse
1209 2730 1258 2768 re·
1289 2729 1291 2734 ·

130 2809 286 2892 sipiscens
302 2813 373 2884 post
392 2799 604 2875 iracundiam,
627 2795 740 2856 iterare
757 2815 793 2853 ac
815 2791 953 2853 scribere
971 2787 1124 2866 nolucrit,
1137 2812 1200 2850 non
1221 2801 1257 2852 nt

131 2913 206 2954 reus
228 2886 370 2952 criminis
392 2891 551 2944 teneatur.

157 2997 199 3060 llt
216 2995 270 3079 qui
288 2993 405 3052 crimen
426 2987 614 3054 obiecerint,
639 2982 775 3041 scribunt
796 2999 836 3038 se·
847 2971 1047 3062 prodituros.
1087 2977 1130 3037 Et
1145 2991 1177 3038 ut
1192 2981 1236 3041 ili

189 3077 216 3128 'w
236 3097 328 3136 cuusu
346 3086 456 3152 agutur
475 3070 528 3130 uti
548 3067 665 3126 crimen
680 3063 850 3122 admissum
872 3082 936 3120 esse
968 3061 1151 3121 dinoscitur.

206 3177 407 3244 '‘CCCLXV.
450 3173 514 3252 Qui
539 3171 660 3234 crimen
686 3167 805 3244 obicit,
841 3167 957 3228 scribat
979 3187 1011 3226 se
1039 3166 1255 3246 probaturum,

130 3267 273 3342 Revera,
306 3273 341 3322 ut
365 3259 408 3320 ihi
434 3279 527 3318 causa
549 3263 659 3349 agatur
685 3250 741 3309 uhi
767 3249 888 3314 crimen
917 3249 1111 3319 admittitur;
1137 3261 1171 3310 ut
1198 3255 1256 3334 qui

132 3373 196 3411 non
217 3344 401 3430 probaverit
420 3340 507 3422 quod
531 3337 665 3411 obieclt,
687 3353 823 3416 poenam
843 3353 939 3414 qnam
959 3331 1105 3392 intulerit
1120 3331 1186 3415 ipse
1205 3359 1257 3418 pff.

131 3434 238 3496 tiatur.
281 3431 383 3510 Supra
402 3446 427 3484 e.
446 3423 515 3485 253.

177 3538 218 3598 Ut
250 3535 353 3598 nullus
383 3531 497 3610 absque
531 3519 915 3664 ineviiiiinilsmsm
943 3541 1030 3579 suam
1059 3524 1215 3606 relinquat

216 3673 413 3760 CCClXVl.
456 3694 499 3752 Ut
526 3711 566 3750 ne
599 3687 682 3779 quis,
714 3686 790 3744 dum
820 3683 853 3742 in
887 3705 923 3743 ea
950 3685 1064 3744 durare
1093 3689 1253 3769 potnerit,

130 3783 275 3864 qnalibet
296 3777 480 3838 necessitate
496 3793 584 3833 suam
605 3769 767 3849 relinquat
790 3766 977 3828 Ecclesiam.
1244 3787 1246 3793 ’

131 3890 180 3949 De
204 3889 252 3946 lzis
273 3871 417 3968 quiante
449 3879 577 3940 alterius
599 3869 891 4015 IZdicemsuerint
911 3869 1030 3956 prulsuti
1051 3872 1132 3955 quid
1158 3896 1254 3954 ugen-

511 3975 513 3982 ⁴
641 3976 691 4014 um
720 3967 770 4013 sit.

211 4045 424 4116 CCCLXVll.
465 4042 613 4104 Pulsatur
635 4046 708 4096 ante
726 4058 819 4096 suum
839 4034 993 4112 Iudicem,
1017 4025 1144 4112 causam
1159 4039 1252 4102 dicat,

121 4136 171 4204 ‚Et
201 4153 266 4190 non
292 4138 364 4189 ante
388 4148 492 4188 suum,
507 4123 649 4184 Iudicem
675 4120 829 4198 pulsatus,
851 4118 877 4178 si
897 4119 1048 4196 noluerit,
1070 4131 1182 4183 taceat.
1211 4126 1253 4186 Et

75 4299 78 4304 .
130 4227 165 4278 ut
184 4214 320 4300 pulsato,
341 4209 492 4294 quotiens
515 4203 735 4289 appellaverit,
758 4200 907 4284 induciae
928 4201 1054 4269 dentur.
