2910 4984
223 252 298 329 82⁶
611 263 960 348 ⁴fesrttumtuuu„

324 417 448 499 gitimos
462 419 764 482 annosnonltaben-
810 465 815 482 .
914 419 983 480 tu
1005 416 1244 502 quoquomodo
1268 417 1382 478 redi-

326 504 364 571 ti,
387 499 566 568 tradiderit,
913 512 1050 574 menter,
1073 501 1150 562 dare
1169 501 1379 578 neglegunt,

229 581 295 648 163.
327 583 369 644 Ut
388 583 427 642 de
445 582 686 644 uuomansoad
697 581 762 644 Ec·
811 637 814 644 .
913 597 947 644 ut
951 581 1377 665 firmiturdistringantur,

324 667 450 726 clesiam
471 665 683 726 dataauttam
701 667 761 725 bu·
911 668 1046 748 qualiter
1079 665 1132 724 uel
1160 665 1265 728 inuiti
1301 665 1374 725 boc

324 768 447 808 manum
466 749 613 828 exigatur
637 747 761 808 serviti·
910 746 1082 813 emendent.

326 851 386 889 um.
431 831 525 911 Quod
551 831 607 914 qui
627 830 758 911 fecerit,
812 827 879 894 168.
905 831 954 892 De
973 831 1021 890 lais
1037 831 1092 908 qui
1103 828 1374 889 restaurationes

324 933 393 970 cum
414 934 468 972 sua
485 912 550 990 lege
568 912 718 972 emendet.
908 913 1119 974 Ecclesiarum
1150 965 1154 972 .
1178 905 1372 993 earumque

227 989 295 1067 164.
321 993 369 1052 De
393 995 440 1052 bis
455 995 509 1074 qui
520 1015 617 1054 notras
631 1008 661 1054 et
677 991 760 1052 deci·
910 993 1204 1073 domorumsaeere,
1221 992 1284 1050 vel
1299 991 1373 1050 de-

249 1109 255 1119 ,
325 1091 409 1146 mas,
439 1075 493 1134 uel
516 1078 760 1137 restaurationes
911 1078 1007 1137 cineas
1024 1089 1054 1136 et
1071 1071 1286 1147 nonasdare,
1308 1093 1372 1133 ne-

325 1170 378 1215 aut
395 1178 527 1230 census,
555 1158 631 1234 dare
654 1158 759 1236 negle-
809 1213 812 1218 ,
909 1159 1053 1239 glegunt,
1076 1160 1104 1218 si
1125 1178 1157 1216 se
1183 1177 1247 1216 non
1279 1176 1370 1216 cor-

323 1241 760 1318 gunt,tetboelegibusemen-
911 1243 1072 1319 rexerint,
1114 1251 1148 1318 ut
1193 1237 1370 1322 beneficia

326 1321 415 1393 dent,
435 1336 465 1382 et
478 1324 606 1404 insuper
626 1325 760 1384 bannum
897 1324 1055 1404 perdant.
1289 1395 1293 1402 Ι

326 1417 464 1464 nostrum
484 1406 677 1487 persolvant.
813 1403 881 1487 169.
914 1404 954 1466 Ut
971 1406 1005 1464 1ιί
1022 1404 1077 1487 qui
1095 1418 1194 1466 terras
1213 1400 1367 1464 domini-

229 1480 294 1549 165.
329 1485 369 1544 Ut
383 1487 437 1566 qui
452 1485 760 1546 Ecclesiarum'bene-
909 1501 995 1548 catus
1009 1501 1177 1570 propterea
1199 1487 1365 1545 excolere

317 1566 402 1650 ficia
422 1569 552 1639 babent,
585 1587 698 1628 nonam
728 1579 759 1626 et
907 1565 1364 1629 noluntutnonasetdecimas

326 1648 476 1708 decimam
488 1669 530 1708 ex
543 1651 588 1710 eis
599 1649 758 1710 Ecclesiae
910 1650 985 1710 inde
1019 1652 1144 1710 solvant
1155 1693 1168 1720 ,
1209 1649 1364 1732 pleniter

327 1732 414 1788 euius
438 1752 487 1790 res
511 1745 601 1803 sunt,
632 1730 757 1790 donent.
909 1734 1160 1810 constringantur
1172 1743 1207 1789 ut
1219 1731 1302 1790 lzaee
1316 1731 1362 1789 de

324 1811 366 1870 Et
391 1811 429 1870 de
462 1815 552 1874 nonis
575 1827 606 1872 et
630 1813 760 1872 decimis
909 1815 1008 1874 tribus
1027 1815 1117 1872 anuis
1138 1812 1257 1892 legibus
1271 1831 1362 1897 per-

326 1913 388 1951 non
410 1894 619 1966 redimendis,
636 1895 698 1954 nisi
711 1892 759 1954 E·
907 1898 1040 1956 solvant.

324 1975 453 2054 piscopo
474 1977 637 2056 placuerit.
813 2001 878 2059 syo.
905 1976 954 2038 De
969 1978 1112 2050 teloneis,
1129 1976 1182 2038 ubi
1201 1977 1358 2036 nonexi-

228 2053 293 2118 ¹66.
318 2057 424 2114 Deliis
436 2057 732 2137 quidecimamEccl
747 2094 761 2106 ·
907 2073 1030 2137 gantur.

323 2139 388 2198 siae
412 2140 541 2210 iniuste,
563 2161 626 2199 non
649 2162 760 2200 secun·
814 2164 885 2224 171..
907 2144 955 2203 De
978 2143 1069 2202 rebus
1085 2143 1244 2202 Ecclesiae
1267 2159 1355 2222 quae

323 2219 399 2280 clune
418 2220 652 2302 dispositionem
664 2222 760 2305 Epis·
912 2227 1025 2303 absque
1036 2225 1101 2283 ulla
1109 2225 1297 2306 repetitione
1311 2223 1353 2282 ab

323 2303 395 2383 copi
409 2302 763 2385 euidebeturauseruut
811 2361 814 2368 Δ
911 2305 1020 2367 eadem
1035 2307 1178 2366 Ecclesia
1200 2326 1262 2389 per
1291 2305 1353 2362 tri-

325 2397 355 2454 et
373 2386 470 2444 aliubi
482 2386 758 2468 autpropterami-
808 2447 813 2454 ,
907 2393 995 2470 ginta
1035 2409 1131 2448 annos
1181 2407 1350 2470 possessae

324 2467 430 2525 citium
446 2478 499 2524 aut
513 2480 645 2548 propter
658 2489 760 2527 mune-
908 2483 990 2546 suut,
1014 2483 1046 2528 ut
1063 2470 1150 2528 nulla
1166 2469 1350 2528 testimonia

326 2569 363 2608 ra
383 2548 459 2607 dare
476 2563 686 2630 praesumunt,
908 2553 1091 2636 superbene
1107 2549 1253 2633 deinceps
1267 2570 1347 2630 pos-

227 2630 292 2709 167.
321 2630 369 2688 De
386 2631 434 2688 bis
449 2632 504 2711 qui
523 2629 672 2704 decimas,
697 2633 760 2692 uisi
906 2634 1073 2694 sessionem
1088 2634 1289 2714 recipiantur.
1316 2640 1349 2702 o)

282 2735 339 2796 Ex
358 2756 518 2795 sacrarum
538 2737 730 2798 institutione
750 2740 868 2818 legum,
901 2741 1068 2810 libro-111,
1092 2738 1229 2822 capitulo
1251 2757 1277 2796 x.

222 2843 225 2852 ’
296 2839 336 2902 Ἰ..
370 2843 474 2918 Quum
488 2841 528 2900 sit
547 2844 965 2906 extraneusthristianae
989 2839 1064 2904 fidei
1093 2844 1203 2924 regula
1226 2840 1342 2922 quise

218 2922 424 2984 'defensorem
442 2923 581 2984 veritatis
597 2923 779 3004 insimulat,
802 2937 834 2987 et
863 2928 1030 2988 veritatem
1053 2926 1152 3008 ipsam
1174 2945 1342 2984 munerum

222 3005 409 3086 acceptione
425 3006 768 3080 communitatis
784 3021 894 3071 contra
906 3030 939 3070 se
949 3007 1142 3090 Prophetam
1162 3008 1344 3067 dicentem:

221 3091 288 3147 Pro
305 3108 341 3146 eo
362 3087 451 3168 quod
462 3086 653 3146 vendidistis
670 3104 797 3168 argento
812 3095 931 3150 'iustum
943 3135 954 3162 ,
978 3104 1008 3150 et
1018 3111 1188 3172 pauperem
1198 3109 1258 3170 pro
1274 3090 1341 3146 cal-

221 3171 383 3227 ciamentis
407 3189 475 3229 ecee
489 3191 544 3248 ego
563 3169 702 3231 stridebo
728 3194 825 3256 super·
840 3194 897 3234 uos
925 3175 1006 3232 sieut
1031 3171 1144 3231 stridet
1166 3171 1341 3252 plaustrum

224 3261 367 3308 onustum
383 3251 509 3329 soeno;
529 3263 558 3310 et
576 3253 694 3333 peribit
706 3253 788 3334 suga
809 3256 827 3314 ia
849 3255 977 3325 veloce,
1000 3267 1030 3313 et
1043 3251 1145 3330 fortis
1166 3273 1227 3311 non
1258 3251 1340 3310 obti-

222 3331 307 3389 nebit
335 3333 477 3392 oirtutem
494 3355 600 3403 suam,
629 3348 659 3393 et
680 3337 824 3395 robustus
846 3357 908 3396 non
929 3335 1060 3395 salvabit
1079 3337 1211 3394 animam
1234 3353 1337 3404 sitam,

221 3423 251 3470 et
273 3411 416 3472 robustus
437 3415 531 3474 corde
562 3417 644 3474 inter
655 3415 762 3496 sortes
783 3417 884 3476 nudus
906 3416 1045 3498 effugiet.
1088 3416 1163 3476 VII.
1184 3415 1256 3494 476.
1303 3473 1309 3488 ,

344 3517 399 3578 Ex
419 3519 528 3579 eodem
550 3499 631 3582 libro
639 3565 651 3592 ,
675 3501 860 3584 titulationis
882 3525 1002 3598 tertiae,
1021 3511 1157 3603 capitulo
1171 3541 1222 3585 xv.
1293 3499 1294 3504 ἵ

304 3622 352 3688 ΙΙ.
390 3626 480 3688 Nulti
499 3626 754 3690 Christianorum
776 3627 829 3690 vel
854 3627 1044 3688 Iudaeorum
1059 3625 1092 3684 in
1110 3635 1248 3706 utroque
1266 3647 1340 3694 sexu

221 3707 435 3790 permittimus
458 3729 497 3768 ex
516 3709 757 3790 propinquitate
778 3709 942 3790 sanguinis
964 3709 1034 3784 sui,
1056 3709 1105 3768 vel
1127 3709 1339 3784 uxorissuse,

222 3800 319 3870 utque
339 3791 434 3850 etiem
450 3789 615 3867 virorum,
638 3792 727 3852 iuxta
744 3791 848 3872 legent
866 3790 996 3872 quaein
1018 3788 1207 3850 Christianis
1229 3800 1276 3856 est
1291 3790 1339 3848 'la-

222 3882 272 3948 tu,
295 3893 396 3952 usque
425 3871 466 3930 od
485 3871 608 3954 septimi
635 3872 762 3955 generis
785 3873 919 3956 gradum
936 3870 1105 3954 ¹connubia
1119 3872 1260 3948 elucere,
1282 3871 1340 3944 ,tet

234 3983 285 4008 V
519 3984 531 3990 ,.

258 4028 288 4094 ν)
308 4027 415 4078 lnCod.
431 4026 563 4078 tettovsc.
582 4025 706 4096 sequitur
725 4023 884 4098 epigraphe:
902 4027 955 4080 Hic
973 4023 1071 4076 desunt
1087 4023 1221 4092 quaedam
1239 4025 1341 4094 capitu·

309 4095 357 4170 lfls
378 4115 448 4168 quae
466 4098 496 4146 iu
515 4099 579 4150 aliis
599 4097 678 4147 tibris
696 4097 891 4148 inveniuntur:
907 4095 990 4168 'quae
1008 4091 1070 4144 ideo
1095 4096 1319 4161 praetermisimus
1328 4097 1339 4154 ,'

307 4167 376 4236 quia
397 4167 427 4216 in
435 4165 501 4239 fine
520 4167 629 4250 septimi⁸
641 4166 709 4220 libri
720 4167 846 4238 superius
865 4165 1003 4218 habentur
1019 4165 1134 4219 inserta.
