2910 4984
251 262 327 338 864

152 503 155 511 ,
250 451 276 502 ei
327 446 380 500 hoc
414 443 637 527 'impedimentm
692 447 746 500 'sed
794 445 868 502 himo
883 446 1369 532 tlmtceuugeuuorsamithul‹)suu·v

250 517 361 602 calleret
396 532 455 568 elus
480 517 501 568 si
527 527 622 596 sponte
650 513 747 568 nolue-
794 518 1155 586 dergeanervosineravoer
1172 547 1253 596 gerne
1269 540 1367 586 neuui-

248 599 302 654 nt,
350 595 398 669 auat
443 603 502 667 per·
525 588 658 665 Conutem
698 595 747 639 aut
792 588 827 640 lit
854 589 917 641 athe
937 591 1056 644 thuruch
1081 597 1147 649 theu
1176 619 1279 666 grauun
1314 606 1368 658 athe

248 678 298 730 per
337 673 446 708 erassum
479 674 536 708 eius
573 656 745 722 distringatur
793 642 1367 737 thuruchbodunsininbethungenvlrerthe
1414 703 1415 720 r

248 739 280 782 ut
298 722 456 780 divlsionem
482 742 543 777 cum
563 725 617 776 ‘illo
644 726 743 788 saciat,
794 727 856 780 that
874 727 931 780 thia
950 731 1104 801 sundrunga
1122 731 1266 792 bitthenlo
1284 741 1367 809 lydus

248 800 283 852 ad
303 815 385 868 quem
404 797 548 848 defunctus
566 795 745 847 hereditatem
794 813 825 849 cc
844 797 935 849 themo
954 800 1015 852 ther
1040 806 1171 868 geendido
1206 810 1316 863 eruetha
1335 821 1367 878 m)

247 885 323 921 sunm
367 866 456 919 voluit
491 866 636 934 pervenire.
672 865 746 917 Etsi
794 867 854 918 sina
872 870 972 920 vuolda
990 870 1157 926 vollacaman
1177 881 1211 944 n)
1233 881 1295 935 inde
1323 901 1367 933 auo

249 936 366 991 cuilibet
421 935 553 988 ecclcsiae
605 952 664 985 eam
690 945 747 986 tra·
793 939 1032 992 sumeuuelicheru
1078 963 1270 1014 samonungun
1316 953 1367 1004 thia

248 1009 312 1062 dere
337 1005 436 1072 rogavit
468 1004 577 1057 coheres
605 1005 662 1056 eius
687 1023 745 1056 eam
794 1007 881 1058 sellan
925 1007 973 1059 hat
1021 1029 1135 1076 ganeruo
1187 1003 1258 1070 sineu-
1306 1023 1365 1073 then

250 1079 338 1144 legem
373 1092 435 1127 cum
477 1075 525 1126 illa
561 1074 675 1126 ecclesia
711 1074 750 1150 de¹
794 1072 944 1144 vuizzuto)
956 1077 996 1130 bit
1015 1077 1092 1134 theru
1110 1083 1251 1138 kirrichun
1267 1094 1365 1158 vonap)
1418 1099 1419 1120 ¹

245 1147 385 1218 praedicta
437 1143 588 1196 hereditate
645 1143 746 1196 habeat
793 1147 885 1198 themo
904 1153 1198 1219 voragesprochenemo
1221 1175 1282 1209 erue
1306 1158 1363 1213 hm

248 1231 329 1287 quam
354 1227 416 1268 cum
450 1215 503 1266 alio
533 1213 664 1265 coherede
695 1231 743 1266 suo
792 1215 853 1266 that
871 1215 913 1268 bit
943 1215 1071 1272 andremo
1098 1241 1250 1289 geaneruen
1275 1230 1363 1282 sinemo

247 1285 349 1338 habere
370 1283 497 1337 debebat.
534 1286 568 1336 Et
584 1284 636 1358 hoc
654 1281 745 1335 obser·
795 1286 887 1338 hauan
923 1287 1000 1338 solda
1035 1291 1102 1346 Inde
1137 1295 1206 1344 thaz
1240 1295 1362 1350 behaldan

211 1369 217 1384 ·
246 1366 327 1410 vetur
368 1371 428 1420 erga
462 1364 565 1424 patrem
601 1361 629 1404 et
660 1354 746 1404 filium
794 1357 908 1406 vuerthe
927 1356 1007 1408 umbe
1026 1360 1092 1414 then
1114 1364 1200 1417 vader
1224 1367 1283 1418 inde
1305 1371 1361 1421 then

249 1435 278 1478 et
312 1433 440 1493 nepotem
477 1441 563 1492 usque
591 1422 623 1474 ad
663 1441 746 1474 annos
793 1433 844 1475 s‘un
860 1423 924 1476 inde
943 1427 1011 1478 then
1027 1448 1121 1484 neuun
1138 1451 1212 1484 unce
1230 1437 1361 1502 cenjarunt

245 1495 424 1574 legitimos'a
489 1503 582 1564 postea
629 1525 631 1530 ·
671 1495 746 1561 ipsae
793 1494 1045 1549 vuizzethallikhen
1070 1502 1149 1558 ather
1174 1506 1209 1572 q)
1228 1505 1284 1556 thiu
1298 1507 1360 1558 selue

246 1583 288 1617 res
339 1563 374 1614 ad
415 1565 612 1616 immunitatem
661 1561 744 1634 ipsius
794 1562 897 1616 sachun
916 1581 947 1616 ce
965 1567 1045 1620 theru
1064 1588 1222 1632 muzzungu
1232 1576 1305 1628 theru
1319 1577 1360 1630 esl-

249 1634 382 1688 ecclesiae
399 1633 525 1690 redeant.
794 1651 862 1686 uera
887 1651 1076 1706 samunungun
1094 1627 1219 1710 ergeuen.
1238 1646 1267 1714 r)
1340 1685 1341 1692 ,

246 2093 293 2159 II·
315 2091 472 2160 VARIAE
493 2091 729 2156 LECTIONES
753 2087 1019 2174 QUORUNDAM
1040 2094 1349 2168 CAPITULARIUM.

539 2234 610 2305 Ex
639 2235 738 2325 Cod.
779 2236 1074 2317 corbeiensi.

489 2418 516 2484 l.
559 2416 751 2501 Capitulure
784 2421 945 2506 Saxonum
981 2441 1007 2485 a.
1046 2442 1114 2510 797,
1152 2416 1154 2422 ’

279 2557 434 2642 Inscriptio.
470 2557 548 2640 Anno
566 2555 599 2608 ab
617 2556 806 2638 incarnatliof'
865 2561 889 2617 Ι.
940 2565 1225 2638 ηρῐυιιηῐίιιηιυη.

245 2647 281 2684 ne
317 2633 442 2682 Domini¹
467 2639 550 2680 nostra
584 2626 645 2678 lesu
684 2626 781 2678 chusu
874 2657 903 2667 -
940 2633 1040 2685 audeat
1055 2652 1242 2702 praesternere.

242 2701 414 2754 Dccxclv.
434 2699 558 2750 etxxx.
584 2712 615 2746 ac
634 2696 781 2747 xxviiu-
865 2697 901 2750 11.
942 2701 989 2751 IV.
1009 2705 1141 2770 capitula:

242 2779 355 2840 perante
373 2771 478 2820 Domno
505 2767 604 2818 Karolo
629 2765 781 2832 precellen-

242 2841 343 2892 tissimo
362 2855 440 2904 rege,
462 2834 685 2888 convenientibus
702 2835 730 2884 in
749 2851 781 2885 u-·
800 2863 803 2869 ·

242 2927 309 2960 num
329 2911 405 2978 aquis
424 2907 517 2976 palatii
535 2907 563 2956 in
582 2905 639 2954 eius
650 2904 782 2972 obsequio

242 2978 444 3030 venerabilibus
456 2975 585 3046 episcopie
599 2981 626 3024 et
637 2971 782 3024 abbatibus

244 3066 292 3099 eeu
311 3048 430 3099 inlustris
448 3047 508 3098 viris
527 3042 668 3096 comitibus
686 3043 718 3093 V.
746 3044 782 3096 K.

243 3117 380 3174 Novemb.
399 3116 535 3182 simulque
555 3111 783 3178 congregatisSa-

242 3187 359 3237 xenihus
377 3187 412 3237 de
436 3183 639 3252 diversisvpagis
664 3190 719 3231 tarn
746 3183 782 3233 de

242 3256 414 3307 uuestcrfalis
447 3265 474 3306 et
499 3253 610 3319 angariis
636 3267 717 3318 quam
745 3251 779 3303 de

242 3325 374 3377 ostcrfalis
400 3342 490 3376 omnes
515 3322 688 3374 unianimiter
714 3337 781 3372 con·

242 3403 402 3455 senscrunt,
423 3394 611 3463 aptificarunt,
637 3398 669 3456 ut
686 3390 720 3441 de
747 3390 781 3441 il·

243 3467 277 3517 lis
296 3465 421 3532 capitulis
440 3481 486 3532 pro
513 3462 611 3532 quibus
637 3458 739 3520 franci,
759 3461 782 3511 si

242 3536 311 3601 regis
328 3535 448 3584 bannum
466 3530 619 3596 transgressi
631 3538 693 3579 sunt
702 3527 781 3582 solid.

230 3604 301 3660 LX.
320 3612 501 3673 componunt,
532 3600 654 3654 similiter
671 3616 783 3650 saxones

243 3673 368 3735 solvent,
397 3673 418 3723 si
446 3673 550 3740 aliquid
576 3678 669 3720 contra
692 3669 781 3738 ipsum

243 3745 364 3796 bannum
382 3743 515 3796 fecerunt.
550 3741 623 3793 llaec
646 3748 710 3791 sunt
735 3755 780 3791 ca·
855 3771 858 3776 -

845 3818 846 3821 ’
940 3816 1021 3866 triam
1030 3816 1131 3886 faeere
1150 3827 1176 3868 et
1200 3814 1272 3884 affre
1296 3810 1346 3861 alio
1407 3844 1410 3954 ⁴

241 3813 330 3886 pitulo
339 3835 345 3865 r

247 3953 540 3978 o-...a-——nbn-v

267 4031 295 4080 It)
305 4032 402 4072 senaida.

271 4092 291 4138 1)
305 4089 371 4127 himo.
465 4087 470 4098 ’

262 4146 297 4193 m)
305 4144 389 4182 eruida.

274 4217 288 4242 n
295 4203 303 4252 'J
311 4202 460 4246 solocuoman.

866 2769 918 2818 Ill.
939 2770 988 2822 sol.
1008 2773 1063 2825 XV.

866 2837 913 2888 IV.
941 2839 999 2890 Hoc
1018 2843 1097 2894 etiam
1115 2855 1245 2896 statutum
1262 2855 1303 2898 est.

872 2933 903 2942 ···
940 2908 1083 2962 duodecim
1092 2931 1115 2982 p.
1128 2913 1348 2984 tllstrisrecipinnh

865 2973 929 3025 Vll·
947 2983 1150 3034 constituerunt
1168 2993 1199 3035 ut
1216 2985 1245 3038 si.

865 3043 941 3097 Vlll.
951 3050 1101 3116 quamlibet
1118 3053 1276 3108 malevolam
1284 3052 1349 3122 cupi*

942 3117 1059 3172 ditatam.

874 3209 902 3222 -
941 3198 1055 3258 excepto
1074 3190 1124 3259 qui
1140 3190 1228 3243 fuerit.
1316 3236 1323 3251 .

867 3279 897 3291 -
938 3257 1008 3312 Nam
1019 3261 1039 3309 si
1055 3259 1133 3311 aliter
1141 3263 1201 3332 quis
1212 3255 1349 3311 incendium

942 3325 1030 3379 {acere
1049 3345 1137 3380 aursus.

868 3391 913 3445 IX.
939 3407 1049 3466 propter
1066 3399 1154 3449 mulas
1171 3415 1227 3460 res,
1244 3385 1351 3446 bannum

867 3461 901 3517 X.
943 3465 977 3516 sit
994 3475 1129 3536 potestate
1153 3477 1241 3519 utrum
1264 3461 1350 3516 redda-

941 3546 996 3598 tur,
1017 3547 1064 3588 aut
1083 3555 1137 3586 una
1154 3553 1216 3587 curn
1235 3543 1349 3585 consensa

940 3617 1034 3683 eorum
1079 3605 1178 3657 habeat
1217 3603 1347 3660 licentiam,
1409 3625 1410 3680 p

938 3688 1026 3740 ipsum
1044 3677 1243 3726 malefactorem
1268 3685 1293 3724 et
1311 3687 1345 3720 se·
1409 3686 1410 3695 ¹

940 3761 998 3794 cum
1027 3749 1119 3796 omnia
1146 3764 1196 3796 sun
1212 3745 1283 3814 start'e
1303 3757 1347 3808 pa·

788 3947 878 3968 ...M
947 3953 948 3956 ,
