2926 4986
231 271 305 348 702
646 278 932 352 circumcunte

226 439 302 492 orta
322 436 409 506 suut,
431 422 591 498 finiendus
612 425 750 492 maxime
766 428 842 510 quis
859 429 1034 514 uuicuique
1048 447 1234 494 conoessum
1248 438 1307 509 est,
1323 426 1352 492 si

227 509 351 574 iudicio
370 510 510 572 offensus
528 509 629 572 fuerit
644 511 855 593 cognitorum,
869 513 910 576 ad
919 512 1065 576 Concilio
1077 527 1152 576 suae
1162 513 1351 600 provinciae

226 596 281 658 'sel
307 594 403 656 etium
420 592 603 655 uniuersale
620 614 803 675 provocare.

239 723 284 784 'Si
309 723 378 807 quis
403 713 577 808 Episcopus
601 721 761 806 depositus
788 721 960 782 Romanum
979 722 1166 806 Pontificem
1188 715 1331 808 appello-

278 805 381 882 oerit,
403 826 496 867 ceusu
516 806 582 864 eius
600 803 718 865 iudicio
740 803 891 888 Episcopi
909 797 1042 865 Rontani
1065 805 1298 867 determinetur.

307 911 392 972 CIII.
434 908 469 971 Si
490 906 562 990 quis
579 907 756 993 Episcopus
780 908 942 992 depositus
966 906 1066 992 fuerit
1088 931 1198 973 eorum
1220 911 1354 990 Episco⁴

224 1015 341 1079 porum
356 990 477 1054 iudicio
497 993 554 1074 qui
575 990 608 1052 iu
629 991 744 1052 vicinis
765 990 845 1052 locis
864 1001 1108 1071 commorantur,
1131 994 1352 1074 etproclnma=

222 1076 311 1140 vverit
332 1076 491 1156 agendum
508 1072 567 1134 sibi
590 1073 754 1156 negotium
774 1073 808 1132 iu
831 1074 909 1134 urbe
929 1075 1046 1152 Roma,
1062 1076 1149 1136 ulter
1170 1073 1350 1158 Episcopus

223 1157 258 1218 in
276 1158 345 1218 eius
357 1153 518 1232 cathedra,
533 1163 605 1238 post
619 1155 866 1238 appellationem
884 1155 953 1217 cius
972 1157 1029 1240 qui
1053 1157 1183 1220 videtur
1202 1177 1270 1216 esse
1293 1157 1351 1218 de-·

221 1240 357 1324 positus,
380 1238 510 1299 omniuo
528 1259 593 1297 non
621 1238 803 1311 ordinetur5
835 1237 896 1300 uisi
919 1258 1012 1300 ceusu
1033 1239 1133 1302 fuerit
1153 1237 1278 1300 iudIcio'
1300 1239 1346 1300 E-

223 1319 347 1406 piscopi
364 1319 498 1381 Romani
518 1319 737 1380 determinata.

224 1427 271 1488 th
300 1440 461 1488 weusctus
489 1423 663 1508 Episcopus
684 1425 723 1488 ob
756 1423 895 1486 omnibus
919 1425 1255 1510 comprovincialibus,
1288 1423 1373 1502 Co·x

370 1509 524 1594 episcopis
543 1505 687 1568 videlicet
706 1507 780 1584 suis,
801 1504 949 1568 audietur
967 1508 1021 1568 oel
1039 1506 1204 1568 iudicetur.

306 1613 390 1678 CIV.
433 1607 467 1673 Si
488 1610 560 1694 quis
577 1610 753 1693 Episcopus
771 1627 868 1693 super
884 1612 979 1673 certis
999 1610 1187 1674 criminibus
1213 1633 1349 1674 uccsasa⁴

223 1693 277 1756 tus
289 1693 398 1789 ‘fuerit
409 1739 419 1773 ,
441 1695 480 1754 nb
500 1694 646 1755 omnibus
666 1693 814 1755 audiatur
833 1692 986 1777 quisunt
1005 1695 1040 1758 iu
1062 1693 1233 1778 provincia
1251 1696 1348 1780 Epis*

222 1797 263 1842 co
288 1799 324 1842 ts.

264 1800 285 1860 P
394 1879 490 1964 Quod
510 1881 650 1960 legitimo
666 1897 751 1944 utor
770 1877 811 1942 sit
831 1881 1014 1968 nuptialiter
1031 1873 1185 1946 ducendo.

305 1987 373 2051 CV.
412 1986 557 2046 Dubium
576 2009 641 2048 non
666 1999 715 2050 cst
737 2007 807 2048 eam
829 1987 997 2050 mulierem
1025 2009 1089 2063 uon
1118 1985 1284 2070 pertinere
1306 1984 1349 2050 ad

223 2067 473 2144 matrimonium,
493 2069 527 2128 in
554 2091 617 2148 qua
632 2071 766 2132 docetur
783 2070 926 2153 nuptiale
948 2091 1013 2132 uon
1036 2071 1134 2132 luisse
1150 2071 1347 2154 mysterium.

223 2152 328 2234 Igitur
347 2150 534 2232 quicunque
550 2151 649 2210 filiam
664 2174 752 2212 suam
766 2151 836 2213 viro
853 2151 983 2215 habenti
1002 2151 1215 2216 concubinam
1234 2153 1268 2214 iu
1283 2173 1348 2212 ma·

222 2231 411 2294 trimonium
430 2232 572 2310 dederit,
595 2254 659 2292 uon
681 2233 724 2294 itu
746 2233 967 2316 accipiendum
990 2243 1038 2296 cst
1064 2234 1155 2316 quasi
1176 2255 1245 2295 eam
1269 2256 1347 2294 cou-

221 2315 329 2396 iugato
353 2313 488 2390 dederit,
508 2314 569 2375 nisi
589 2315 670 2374 forte
692 2315 749 2373 illa
766 2315 884 2376 mulier
901 2324 932 2377 et
945 2315 1084 2398 ingenua
1096 2318 1190 2392 facta,
1213 2325 1245 2376 et
1260 2317 1350 2376 dota·

221 2408 256 2459 ta
275 2396 435 2478 legitime,
459 2396 597 2477 puhlicis
619 2396 740 2478 nuptiis
762 2391 926 2460 honestata
942 2398 1096 2458 videatur.
1137 2391 1276 2459 Paterno
1295 2420 1347 2458 ar·

219 2475 319 2542 bitrio
340 2477 418 2540 viris
437 2476 566 2540 iunctae
585 2489 695 2540 carent
715 2479 826 2560 culpa,
848 2474 874 2540 si
890 2479 1041 2541 mulieres
1056 2499 1139 2561 quae
1155 2479 1261 2540 ivirio
1281 2479 1345 2540 ha«

219 2557 380 2704 bplbantur
393 2559 434 2702 lip
456 2560 656 2622 matrimonio
673 2579 738 2620 uon
749 2561 893 2640 fuerunt,
912 2560 1143 2646 quinaliudest
1159 2569 1271 2645 nupta,
1285 2561 1345 2630 ali*

220 2657 245 2705 u
288 2663 393 2704 coucu
416 2659 478 2707 sun.

221 2770 272 2834 De
294 2768 560 2856 Metropolitanis,
583 2787 621 2832 ne
641 2765 948 2856 comprovincialium
961 2790 1069 2833 causas
1082 2763 1196 2858 aisque
1207 2775 1344 2858 proprio

219 2854 378 2939 Episcopo
399 2853 540 2930 audiunt,
562 2873 659 2937 neque
675 2853 806 2913 alicuius
827 2852 1012 2940 Coepiscopi
1032 2857 1190 2937 querclam
1214 2857 1261 2916 vel
1281 2848 1344 2917 cri·

220 2955 303 3016 men,
328 2948 456 3021 practer
479 2947 670 2996 caeterorum
691 2928 826 2995 omnium
843 2931 1153 3020 comprovincialium
1173 2934 1343 3020 Coepisco-

393 3037 509 3102 porum
525 3009 752 3099 praesentiam,
781 3009 934 3078 discutere
952 3031 1163 3104 praesumunt.

303 3117 390 3185 CVI.
431 3117 475 3182 Ut
491 3121 601 3182 nullus
624 3120 888 3204 Metropolitanus
906 3121 1025 3206 ubsque
1053 3131 1253 3185 caeterorum
1274 3144 1342 3185 ome

222 3204 315 3266 nium
342 3202 666 3286 comprovincialium
687 3203 949 3286 coepiscoporum
979 3205 1129 3266 instantia
1157 3206 1342 3286 aliquorum

220 3286 329 3350 studiat
349 3308 456 3348 causas
473 3306 594 3362 eorum,
616 3285 771 3347 clamante
788 3306 946 3347 canonum
960 3288 1054 3348 tubat
1076 3287 1341 3370 Metropolitanus

213 3380 344 3455 praeter
366 3369 503 3428 omnium
517 3367 735 3429 conscientium
749 3388 811 3428 non
824 3367 931 3448 faciat
951 3367 1084 3450 aliquid,
1106 3369 1339 3446 (subauditur,

217 3443 535 3532 comprovincialium
555 3448 847 3534 coepiscoporum)
866 3451 928 3512 nisi
944 3465 1091 3535 quantum
1111 3449 1156 3512 cd
1173 3455 1341 3536 propriant

215 3534 356 3617 pertinet
374 3533 573 3616 parochiam,

277 3638 328 3698 De
350 3636 581 3698 accusatoribus
601 3633 809 3697 Sacerdotem
831 3635 1029 3700 calumniosis
1047 3639 1102 3700 uel
1120 3643 1280 3725 suspectis.

299 3741 404 3806 CVII.
445 3740 652 3803 Accusatores
669 3741 881 3817 calumniosos
898 3743 950 3806 tel
968 3755 1131 3828 suspectos
1152 3765 1248 3808 nemo
1271 3762 1338 3810 suu

215 3825 342 3909 cipiet,
363 3841 458 3885 nemo
477 3823 593 3883 audiat.
1083 3860 1086 3868 .

235 3933 285 3992 Dc
315 3929 549 3994 accusatoribus
570 3937 601 3988 et
623 3923 871 4069 accusatipnipus
898 3915 1112 3996 submovendis
1127 3935 1215 4022 'quos
1233 3937 1319 4018 leges

642 4031 705 4071 uon
733 4035 752 4070 a
777 4024 911 4075 mittunt.
1175 4034 1178 4039 ·

296 4113 419 4180 CVIII.
460 4113 666 4178 Accusatores
680 4123 712 4178 et
723 4116 937 4185 accusationes
948 4139 1026 4204 quus
1035 4121 1138 4188 seculi
1152 4123 1253 4210 Leges
1268 4143 1334 4188 non

214 4198 403 4277 admittunt,
433 4208 464 4263 et
484 4220 541 4262 nos
564 4199 796 4266 submovemun
1124 4213 1126 4220 ’
