2948 4990
539 314 653 374 riusa
687 312 833 375 sexsus
1204 287 1276 368 649

147 461 180 530 sl
203 459 369 522 nominare
392 455 552 537 noluerit,
581 465 727 522 teneatur
748 457 789 519 ad
814 452 998 524 vindictam,
1041 450 1187 532 Quodsi
1213 448 1276 520 ho-

147 542 276 606 nestior
290 563 427 624 persona
446 549 507 616 est,
529 549 562 602 et
582 537 642 624 pro
669 542 790 604 scelere
811 539 969 599 rationem
989 537 1119 614 reddat,
1141 543 1175 596 et
1194 553 1277 615 quae

148 625 256 686 ablata
272 622 325 686 vel
348 644 457 684 eversa
482 624 628 701 fuerant,
661 621 917 705 quadrupliciter
937 622 1091 688 restituat.
1135 617 1230 696 Quod
1251 613 1278 676 si

149 716 241 771 certe
259 705 343 786 apud
366 727 491 766 servum
508 706 637 788 rapinae
656 727 727 787 pars
751 703 940 801 reperiatur,
963 712 1092 765 centum
1115 699 1278 792 quinqua-

149 786 388 870 ginta-flagella
411 788 538 869 publice
559 799 709 850 extensus
731 785 885 869 accipiat,
905 795 938 848 et
960 785 1062 848 socios
1087 804 1160 844 suos
1179 801 1279 842 uomr·

149 889 230 932 nare
253 890 318 930 non
338 868 470 932 differat.

315 973 364 1034 De
391 976 440 1035 isis
465 978 521 1060 qui
540 975 722 1062 diripienda
741 974 882 1037 indicare
907 975 1115 1060 reperiuntur.
1239 1027 1242 1035 .

236 1077 411 1143 CCCLVI.
455 1083 652 1165 Quicunque
676 1082 835 1166 ingenuus
857 1081 911 1144 rel
926 1103 1039 1144 servus
1059 1077 1184 1160 aliquid
1205 1075 1282 1139 diri·

150 1162 310 1250 piendum
332 1161 541 1241 indicaverit,
564 1175 601 1226 ut
621 1165 842 1248 cuiuscunque
865 1185 917 1226 res
938 1172 1116 1238 evertatur,
1148 1171 1203 1221 aut
1226 1181 1281 1242 pe·

152 1266 230 1308 cora
254 1246 308 1306 vel
331 1243 474 1306 iumenta
497 1246 701 1331 diripiantur,
724 1257 814 1310 etex
838 1247 901 1308 boc
924 1245 1018 1308 certis
1037 1242 1281 1326 probationibus

150 1325 285 1412 publice
310 1327 480 1391 convictus
506 1329 711 1407 inveniatur,
733 1352 792 1412 pro
815 1329 961 1410 eoquod
984 1325 1157 1402 indicavit,
1180 1325 1207 1386 si
1226 1323 1281 1383 in-

151 1429 277 1494 genuus
299 1420 357 1489 est,
380 1432 462 1492 quae
482 1433 590 1475 eversa
614 1413 666 1475 vel
687 1413 791 1474 ablata
816 1423 891 1475 sunt
914 1412 1038 1495 legibus
1055 1410 1088 1470 in
1116 1407 1281 1490 duplore·

150 1493 279 1569 stituat,
311 1504 344 1555 et
367 1494 464 1555 nobis
490 1495 632 1556 bannum
657 1505 820 1573 nostrum,
843 1495 876 1555 id
900 1504 957 1569 est,
980 1490 1143 1574 sexaginta
1161 1489 1280 1551 solldOS

153 1583 334 1656 componat.
377 1577 411 1638 si
432 1599 508 1639 vero
528 1599 637 1640 servus
655 1579 709 1640 rel
729 1578 863 1640 colonus
886 1577 997 1656 fuerit,
1022 1583 1152 1638 centurn
1179 1570 1279 1652 quin-

152 1657 307 1739 quaginta
327 1657 454 1740 flagella
473 1660 603 1742 publice
632 1669 782 1722 extensus
801 1660 884 1722 bene
906 1660 1056 1741 impressa
1080 1655 1225 1736 accipiat,
1249 1661 1280 1712 et

151 1738 287 1878 {pauper
307 1760 449 1887 ea3quae
473 1743 577 1804 ablata
600 1753 676 1806 sunt
696 1743 874 1805 secuudum
894 1763 984 1804 suam
1000 1742 1105 1826 legem
1122 1735 1279 1803 restituat.

179 1842 259 1907 upra
277 1842 304 1887 c.
331 1845 340 1882 1
388 1873 395 1888 .

173 1925 224 1985 De
243 1947 307 1988 non
332 1929 529 2012 suscipienda
548 1931 766 1994 criminatione
780 1930 929 1993 adversus
940 1928 1135 2000 Ductorem,
1157 1947 1257 2012 nsque

369 2026 579 2098 accusatorem
601 2014 754 2076 adversus
771 2035 840 2074 eum
859 2011 1058 2074 audiendum.

193 2115 197 2124 '
234 2115 415 2182 CCCLVll.
457 2114 707 2182 criminationes
727 2119 877 2182 adversus
887 2118 1050 2181 doctorem
1064 2139 1158 2180 nemo
1174 2117 1278 2180 susci-

150 2195 231 2278 piat,
255 2218 347 2259 nemo
370 2198 492 2270 audiat3
520 2201 596 2282 quia
619 2201 787 2282 indignum
813 2211 917 2264 estut
940 2199 1053 2283 hiqni
1078 2199 1187 2264 throni
1213 2198 1276 2263 Dei

148 2287 320 2352 vocantur,
343 2280 452 2364 aliqua
467 2283 610 2345 motione
635 2285 815 2345 turbentur.
857 2282 962 2367 Supra
981 2304 1007 2349 c.
1033 2284 1100 2362 rod.

299 2411 348 2471 Nc
365 2433 443 2493 unus
467 2411 644 2496 Episcopatu
666 2412 952 2494 coguitionemsibi
971 2409 1115 2473 vindicet.

229 2515 430 2582 CCCLVlll.
470 2515 598 2604 Placuit
610 2527 647 2580 ut
667 2540 752 2581 unus
768 2516 945 2602 Episcopus
967 2538 1033 2578 non
1051 2515 1196 2578 vindicet
1211 2511 1273 2577 sibi

147 2596 377 2678 cognitionem,

193 2702 235 2764 Ut
251 2704 285 2764 hi
301 2724 433 2787 quorum
449 2706 577 2770 libertas
595 2706 754 2850 nescit‘qpu
784 2723 978 2790 nequaquam
1001 2699 1230 2766 accusent-Sa·

636 2810 690 2852 cer
734 2801 788 2850 tes.

231 2891 393 2958 CCCLIX.
435 2895 581 2970 Quorum
611 2893 699 2974 fides,
719 2893 802 2973 vita,
824 2902 858 2956 et
879 2891 1020 2971 libertas,
1037 2890 1181 2956 uescitur
1206 2910 1273 2954 uon

146 2970 271 3058 possint
293 2995 440 3037 accusare
462 2976 658 3040 Sacerdotes.

454 3081 497 3144 Ut
524 3083 665 3146 absentes
692 3105 756 3145 non
783 3079 969 3144 iudicentur.

95 3247 99 3254 ,
210 3186 379 3252 -CCCLX.
420 3188 581 3251 Adversus
595 3188 741 3250 absentes
759 3208 823 3248 non
839 3186 1010 3254 iudicetur.
1053 3186 1149 3267 Quod
1165 3187 1193 3252 si
1208 3185 1272 3250 fac·

148 3275 218 3330 tum
238 3268 349 3346 fuerit,
368 3271 490 3353 prolata
508 3270 666 3334 sententia
690 3292 755 3331 uon
779 3271 908 3349 ¹valebit.
1045 3283 1046 3288 ’

441 3377 491 3436 Dc
509 3378 557 3437 itis
572 3378 627 3460 qui
636 3374 727 3458 falsa
741 3377 812 3438 aliis
830 3379 985 3454 inrogant.

229 3481 392 3548 ccccxl.
435 3482 548 3545 Omnis
571 3483 626 3564 qui
656 3482 734 3546 falsa
760 3481 830 3544 aliis
859 3480 1024 3560 intulerit,
1046 3480 1216 3565 puniatur,
1238 3489 1271 3546 et

146 3583 206 3647 pro
227 3563 365 3625 falsitate
391 3566 473 3626 ferat
493 3565 665 3630 infamiam.
757 3582 761 3590 “

186 3669 235 3732 Nc
251 3672 332 3732 vites
343 3691 496 3754 personae
516 3671 560 3732 ad
580 3670 789 3736 accusandum
809 3670 994 3736 Sacerdotes
1014 3671 1229 3733 admittantur.

115 3821 120 3832 .
229 3777 409 3838 CCCLXll.
449 3777 540 3839 Viles
561 3797 715 3859 personae
735 3776 919 3837 nullatenus
939 3775 1146 3838 admittantur
1166 3775 1205 3836 ad
1223 3795 1273 3835 ao-

148 3859 345 3924 cusationem
362 3860 592 3925 sacerdotum·
624 3867 649 3919 l.
670 3861 720 3936 44.
1285 3881 1288 3887 ·

145 3965 193 4026 Ne
209 3963 334 4024 Iudices
351 3985 476 4024 causam
493 3985 644 4048 personae
664 3965 799 4025 absentis
823 3985 880 4023 sua
894 3965 1047 4026 sententia
1058 3974 1268 4045 praesumant.

227 4067 442 4146 ccctxlllq
470 4069 613 4131 Currant
628 4067 752 4130 ludices
764 4067 929 4131 Ecclesiae
948 4089 1000 4144 ne,
1014 4067 1143 4131 ahsente
1163 4090 1200 4129 eo
1217 4090 1271 4129 cu·

146 4151 196 4212 ius
218 4172 311 4214 causa
329 4151 728 4230 ventilatur,.sentcntiam
746 4152 866 4222 ferant3
895 4149 971 4230 quia
995 4149 1086 4210 irrita
1110 4150 1192 4232 erit,
1214 4152 1270 4216 im-

150 4254 201 4298 mo
223 4241 257 4298 et
276 4251 402 4298 causam
423 4235 461 4297 in·
479 4233 603 4321 syuodo
622 4255 681 4321 pro
706 4233 775 4297 hoc.
790 4234 875 4296 facto
902 4231 1033 4302 dabunt.
