2948 4990
212 302 286 378 eet
632 327 920 399 carnotensum

311 465 460 530 adversus
480 469 654 556 Episcopos
668 489 748 553 pro·
895 468 1001 551 potius
1019 468 1191 534 debitorem
1207 467 1339 548 delege-

306 551 410 632 prios‚
428 554 476 613 vel
489 553 643 615 adversus
655 553 747 629 alios,
899 551 973 612 rint.

310 633 748 720 apudbynodsumprooinciac
797 625 867 693 535.
896 629 991 714 Quod
1003 633 1096 696 liberi
1114 629 1252 695 bomines
1268 647 1336 695 sta·

309 713 497 787 audiendis}
533 719 675 802 exceptis
698 717 748 777 liis
898 723 963 773 tum
983 737 1072 776 seuam
1090 727 1122 776 et
1140 715 1340 778 deteriorare

311 797 367 876 qtii
375 795 624 860 advorsussuum
631 797 748 860 Metro·
898 806 928 854 et
942 796 1140 860 inmeliorare
1154 808 1294 883 possunt.

306 877 484 960 politanum
508 881 667 967 querelam
688 881 747 942 ba·
796 871 866 938 556.
895 877 944 936 De
952 881 1132 942 concubinis
1142 902 1206 944 non
1222 881 1338 942 liaben-

309 958 443 1034 buerint.
897 955 959 1025 dis.

206 1035 279 1100 522.
307 1039 355 1100 De
376 1065 430 1104 ore
445 1065 550 1106 eonem
564 1046 599 1106 in
618 1064 746 1108 acerua-
796 1035 867 1121 537.
892 1041 942 1102 De
954 1043 1119 1104 Monacbis
1139 1045 1195 1128 qui
1212 1066 1337 1106 monas-

312 1125 396 1186 tione
415 1129 463 1186 vel
488 1127 663 1190 testimonio
689 1128 746 1190 ob·
898 1125 979 1184 teria
1000 1139 1198 1188 contemnunt
1220 1129 1258 1189 ab
1287 1128 1336 1192 Ε-

311 1209 458 1270 struendo
470 1212 524 1290 qui
534 1208 653 1268 divinis
663 1211 748 1272 voci·
894 1206 1025 1290 piscopo
1043 1209 1241 1272 revocandis.

310 1290 748 1355 busmortuiessenoscuutur.
796 1281 868 1352 558.
894 1285 1083 1370 Deseminis
1106 1312 1186 1371 quac
1209 1291 1348 1374 religio-¹

206 1365 280 1434 525.
308 1369 356 1430 De
371 1391 434 1434 non
446 1371 587 1453 aegentia
603 1373 747 1456 appella-
898 1372 947 1432 nis
955 1385 1065 1434 vestem
1073 1373 1105 1432 in
1114 1371 1256 1436 domibus
1261 1396 1337 1457 pro·

312 1455 395 1514 tione
417 1457 563 1516 accusati.
895 1455 977 1536 priis
992 1457 1193 1528 mutaverint,
1214 1458 1243 1515 si
1255 1478 1337 1538 pos-

208 1525 280 1609 524.
311 1535 405 1614 Quod
425 1539 468 1596 cis
490 1540 545 1622 qui
566 1534 605 1595 de
620 1555 653 1594 ee
670 1555 749 1596 con·
898 1546 949 1594 tea
968 1538 1339 1617 concubitumelegerint,

303 1617 478 1698 sessisunt,
494 1619 676 1702 superclios
686 1639 750 1680 non
897 1617 977 1698 quid
991 1618 1145 1698 agendum
1157 1621 1208 1680 sit.

310 1701 352 1758 sit
371 1700 570 1766 credendum.
796 1691 868 1778 559.
898 1698 993 1779 Quod
1025 1715 1161 1782 quatuor
1180 1723 1338 1784 personae

207 1773 281 1842 525.
307 1781 356 1839 De
388 1784 612 1862 pervasoribus
628 1780 749 1868 finium
899 1780 933 1842 in
949 1781 1076 1842 iudiciis
1090 1803 1212 1869 semper
1223 1786 1338 1846 adesse

309 1863 490 1944 priusquam
502 1885 612 1924 causae
628 1862 749 1928 auditio
902 1860 1046 1926 deleant·

312 1946 503 2006 terminetur.
796 1937 868 2020 540.
900 1941 995 2022 Quod
1009 1967 1072 2007 non
1089 1944 1188 2009 solum
1203 1947 1258 2028 qui
1257 1947 1338 2030 fur-

209 2019 279 2089 326.
307 2025 414 2084 Deliis
435 2029 490 2105 qui
504 2041 615 2088 contra
638 2030 747 2091 volun·
899 2035 964 2084 lum
972 2025 1131 2106 fecerint,
1157 2031 1215 2091 sesi
1233 2031 1342 2114 etqui

313 2119 405 2166 tatem
417 2105 558 2188 defuncti
566 2109 697 2184 faciunt,
714 2122 756 2189 ut,
897 2105 942 2164 od
955 2109 1012 2170 boe
1030 2109 1259 2194 perficiendum
1281 2112 1341 2172 ad·

309 2187 447 2270 perdant
461 2191 675 2253 hereditatem,
897 2187 1044 2252 iutoriurn
1053 2196 1276 2254 autconsilium
1283 2191 1341 2253 de·

208 2263 279 2351 327.
305 2269 354 2330 De
372 2273 419 2330 tis
445 2273 555 2356 quibus
576 2295 635 2354 per
651 2286 747 2335 tosta-
899 2269 1016 2342 derint,
1031 2272 1119 2352 furti
1128 2278 1248 2338 actione
1261 2287 1336 2335 sunt

311 2366 448 2413 mentum
471 2355 596 2436 aliquid
620 2355 745 2436 delega-
898 2353 1033 2414 tenendi.
1249 2411 1253 2418 .

309 2447 444 2508 tantast,
466 2435 555 2519 quod
575 2439 656 2498 nibil
675 2460 747 2499 con·
794 2430 865 2510 341.
895 2435 957 2516 Qui
977 2449 1049 2498 sunt
1069 2441 1176 2518 agitati
1180 2484 1193 2513 ,
1224 2440 1337 2522 etqui

309 2529 360 2576 tra
386 2519 578 2579 voluntatem
603 2517 747 2601 defuncti
896 2530 967 2576 sum
981 2523 1112 2598 cognati.

307 2599 401 2658 liceat
417 2621 517 2678 agere.
794 2595 865 2674 542Ι
894 2599 942 2657 De
954 2601 1002 2659 bis
1012 2604 1068 2684 quii
1075 2616 1198 2664 semetu
1207 2615 1260 2664 aut
1273 2616 1335 2665 ter·

205 2677 268 2742 528
308 2680 404 2762 Quod
426 2683 572 2743 voluntas
602 2680 747 2762 defuncti
895 2699 967 2740 rore
991 2705 1100 2746 servos
1124 2705 1190 2745 esse
1210 2687 1335 2746 mentiti

308 2763 347 2821 ab
361 2763 527 2824 heredibus
547 2766 580 2824 in
603 2765 745 2826 omnibus
894 2775 975 2822 sunt.

307 2845 349 2903 sit
366 2844 554 2927 peragenda.
792 2840 864 2920 545.
890 2841 999 2905 Deliis
1012 2847 1067 2928 qui
1076 2847 1186 2910 domos
1197 2846 1334 2928 effrege-

205 2923 278 3008 529.
306 2925 451 3009 Dofiliis
471 2929 526 3005 qui
543 2927 744 2996 patremlae·
896 2926 972 2998 rint,
998 2931 1046 2988 uel
1069 2930 1165 2990 uillas
1189 2931 1332 3012 expolio·-

308 3013 425 3080 serint,
453 3007 674 3071 donationibus
696 3029 746 3070 ca·
897 3010 1059 3069 verintaut
1072 3013 1331 3090 expugnaverint,

310 3090 426 3150 rendis.
893 3089 948 3148 'oel
961 3094 1087 3172 rapinas
1091 3092 1241 3173 feceriut,
1254 3089 1336 3173 quid

203 3167 279 3236 550.
305 3173 355 3232 De
382 3170 550 3234 donatione
574 3173 608 3234 in
622 3169 701 3255 filio
724 3170 745 3231 b
894 3174 1117 3247 agendumsit.

304 3268 396 3336 patre
405 3255 509 3334 sacta,
526 3257 555 3314 si
569 3255 608 3314 ab
626 3276 661 3314 eo
676 3255 744 3314 lae-
791 3248 862 3328 544.
889 3253 938 3311 De
956 3256 1004 3314 lu's
1015 3259 1070 3337 qui
1077 3260 1215 3318 latrones
1224 3255 1272 3315 vel
1285 3276 1334 3316 re·

305 3357 356 3395 sus
365 3333 470 3414 fuerit
478 3377 503 3408 ,.
518 3335 702 3396 revocanda.
892 3334 994 3414 liquos
1023 3338 1242 3421 malefactores
1267 3359 1334 3398 sus·

203 3412 276 3481 551.
302 3418 350 3476 De
358 3418 549 3478 detractione
560 3419 743 3498 Principum
894 3421 1042 3496 ceperint.
1252 3475 1256 3480 .

307 3502 511 3566 marciorum
527 3513 603 3560 natu
623 3500 661 3560 ab
679 3519 743 3559 om÷
792 3493 860 3572 545.
888 3498 938 3558 De
956 3504 1005 3565 bis
1022 3499 1078 3582 qui
1095 3491 1337 3582 incendiumse

304 3583 395 3642 nibus
410 3580 555 3642 cauenda.
893 3585 1001 3644 corint.

201 3661 273 3725 552.
303 3663 399 3744 Quod
405 3664 545 3724 omnibus
554 3661 743 3745 quilitepul-
790 3657 860 3738 546.
887 3662 937 3721 De
948 3686 1010 3724 nou
1022 3661 1167 3726 valendis
1178 3662 1338 3724 Constitu·

305 3747 367 3805 soti
390 3745 517 3826 suerint
547 3765 610 3804 non
645 3743 742 3802 aliubi
891 3745 1027 3808 tionibus
1054 3758 1164 3806 contra
1190 3746 1332 3806 Canones

302 3847 394 3910 qstam
410 3830 443 3886 in
449 3828 580 3909 proprio
584 3824 664 3907 foro
673 3828 741 3885 iur-
889 3828 943 3885 vel
951 3828 1077 3886 decreta
1089 3828 1270 3886 Praesulum
1278 3837 1333 3886 aut

301 3909 439 3988 gaudum
455 3910 505 3970 sit.
892 3909 989 3970 bonos
1010 3929 1112 3968 mores
1127 3908 1273 3968 conditis.

202 3993 274 4054 555.
307 3992 347 4051 Ut
368 3991 560 4072 appellantes
578 3989 665 4048 nulla
686 4009 740 4049 ar·
789 3989 860 4070 547·
894 3988 935 4050 Ut
951 4011 1013 4050 non
1030 3991 1222 4068 constringat
1234 3989 1336 4048 Cleri-

304 4086 432 4132 ceantur
445 4071 631 4136 detentione,
893 4093 962 4132 eum
984 4075 1136 4131 sententia
1154 4091 1218 4132 non
1237 4072 1258 4130 b
1274 4091 1335 4142 suo

202 4157 272 4232 554.
301 4155 349 4212 De
367 4154 492 4233 hirqui,
507 4152 740 4236 contemptofi-
893 4152 1003 4214 Iudice
1028 4152 1122 4217 dicto.
1179 4229 1182 4232 Ι

197 4265 200 4272 ·
304 4233 476 4304 deiussoro,
493 4232 537 4294 ad
555 4235 740 4296 solutionem
789 4235 862 4314 548.
894 4234 981 4297 Usta
994 4233 1147 4316 quisalsa
1161 4235 1233 4304 aliis
1246 4234 1335 4293 inro-
1365 4249 1369 4255 ·
