2926 4984
224 321 297 400 sm
620 341 914 404 ⁴ctsrnuamuun

287 485 336 549 Dc
358 475 575 568 defensoribus
595 483 807 546 Ecclesiamm
833 487 873 548 ab
895 489 1091 571 Imperatore
1108 484 1287 571 poscendis.

302 590 465 657 XXXIII.
507 591 700 651 Defensores
714 590 932 652 Ecclesiarum
952 579 1102 654 adsersus
1128 590 1288 674 potentias
1303 611 1351 655 se·

222 675 382 742 celarium
396 673 447 735 vel
467 669 603 733 divitum
619 672 657 732 ab
676 674 868 755 Imperatore
886 681 961 735 sunt
977 673 1142 756 poscendi.

443 779 484 839 Ur
512 778 618 838 ‘niellus
645 773 801 840 Sacerdos
823 778 963 840 Oenones
985 781 1116 858 ignoret.

303 882 462 950 XXXIV.
509 883 600 944 Nulli
617 882 786 955 Sacerdoti
802 883 898 946 liceat
920 886 1067 948 Canoncs
1085 885 1243 967 ignorare.

222 995 310 1082 Quiri
324 991 362 1054 de
378 990 577 1067 Presbyteris
595 983 773 1129 criminose}
782 1033 794 1060 ‚
817 987 857 1048 de
871 990 985 1085 quibus
1006 989 1193 1073 adprobatc'o
1207 1014 1271 1055 uon
1286 1004 1345 1073 cst,

669 1083 745 1149 agen
772 1092 823 1129 um
849 1084 899 1131 stt.

300 1173 441 1242 XXXV.
482 1176 523 1235 Et
538 1174 601 1234 hoe
618 1173 784 1234 nobiscum
806 1196 920 1257 magno
945 1177 1051 1238 studio
1079 1183 1345 1261 pertractandum

219 1272 289 1341 est,
311 1260 444 1344 quidde
464 1255 529 1319 illis
548 1255 744 1338 Presbyteris
765 1257 954 1338 criminosis,
969 1260 1055 1320 unde
1078 1261 1263 1342 adprobatio
1277 1288 1342 1326 non

218 1355 284 1417 est,
308 1353 339 1404 et
358 1360 483 1423 semper
497 1347 632 1421 negant,
654 1338 837 1400 faciendum
858 1341 908 1406 sit.
962 1343 1041 1402 Nam
1065 1341 1127 1401 hcc
1161 1347 1341 1427 saepissime

218 1426 340 1486 anobis
358 1434 389 1485 et
407 1419 662 1505 progenitoribus
684 1430 779 1501 atque
804 1424 1054 1485 antecessoribus
1075 1425 1188 1486 nostris
1204 1430 1342 1488 ventilass

216 1517 286 1567 tum
299 1515 363 1584 est,
385 1505 442 1566 sed
461 1524 526 1562 non
551 1503 591 1564 ad
610 1502 770 1583 liquidum
784 1503 938 1565 hactenus
954 1506 1131 1567 definitum.
1188 1511 1280 1570 Unde
1301 1511 1343 1572 ad

216 1587 451 1650 consulendum
465 1587 590 1646 Patrem
606 1595 749 1646 nostrum
770 1587 910 1646 Leonem
927 1587 1043 1667 Pupam
1059 1590 1247 1654 Sacerdotes
1265 1614 1341 1654 nos·
1444 1623 1446 1628 ·

215 1682 280 1732 tros
297 1669 459 1732 mittimus.
480 1669 522 1728 Et
537 1665 694 1750 quicquid
713 1667 752 1726 ab
772 1689 809 1730 eo
827 1669 878 1728 vel
900 1671 916 1729 a
937 1670 1001 1730 suis
1019 1673 1267 1752 perceperimus,
1282 1694 1341 1735 vo·

214 1754 283 1830 bis,
307 1773 369 1830 uua
386 1771 460 1811 cum
481 1749 546 1810 illis
565 1770 644 1831 qnos
666 1749 831 1826 mittimus,
854 1751 1038 1812 renuntiare
1055 1773 1120 1812 non
1135 1754 1340 1816 tardabimus.

214 1835 281 1899 Vos
302 1832 463 1893 interdum
483 1831 622 1892 vicissim
642 1840 771 1891 tractate
800 1829 961 1893 adtentius
984 1831 1064 1915 quid
1087 1854 1127 1894 ex
1155 1834 1207 1897 bis
1229 1838 1339 1898 vobis·

214 1938 289 1979 cum
310 1914 538 1976 constituamus
559 1936 624 1973 una
643 1934 717 1973 cum
739 1913 892 1997 praedicti
910 1916 1010 1975 sancti
1034 1915 1137 1976 Patris
1161 1915 1340 1980 institutio-

215 1999 326 2067 nibus3
350 2005 386 2055 ut
403 2016 546 2054 murmur
561 2003 662 2056 cesset
682 1995 812 2078 populi,
835 2005 867 2056 et
888 2017 946 2057 nos
960 1995 1010 2057 liis
1026 1997 1266 2077 satisfacientes,
1286 2001 1338 2060 in-

215 2079 317 2158 laesi,
338 2077 476 2140 Domino
503 2075 696 2154 auxiliante,
728 2078 766 2136 ab
795 2077 940 2160 utrisque
969 2099 1160 2145 maneamus.
1204 2082 1340 2166 Cupitul.

217 2188 245 2229 a.
269 2183 338 2244 799·

480 2239 638 2314 Sequanam
659 2227 874 2302 Consrrrurro
902 2263 1081 2309 annonast.

259 2371 307 2433 De
336 2365 541 2432 Sacerdotem
566 2367 761 2452 purgatione.
792 2369 846 2468 ΕΣι
858 2371 1014 2454 Capitulis
1036 2374 1154 2433 Domni
1174 2375 1296 2444 Karali.

297 2474 455 2538 XXXVI.
500 2473 656 2534 Omnibus
671 2473 759 2534 robis
777 2474 847 2536 visu
865 2486 921 2537 aut
932 2477 1044 2538 auditu
1062 2489 1173 2539 notum
1189 2503 1337 2545 essenon

216 2559 397 2622 dubitamus
417 2556 718 2638 quodsaepissime‚
740 2557 893 2620 suadente
927 2560 1059 2640 antiquo
1089 2561 1191 2638 hoste,
1222 2566 1338 2626 Sacer·

215 2643 343 2706 dotibus
362 2640 496 2720 crimina
511 2640 636 2700 diversa
656 2638 844 2700 obiciantur.
886 2640 949 2702 Sed
964 2643 1116 2723 quoniam
1138 2646 1277 2724 qualiter
1297 2668 1337 2708 ex

215 2727 262 2788 eis
282 2726 320 2784 ab
335 2723 385 2784 his
402 2720 599 2782 rationabilis
618 2719 808 2781 examinatio
830 2729 861 2782 et
883 2723 1141 2800 satisfactiones,
1165 2727 1241 2788 licet
1258 2738 1338 2790 tem-

215 2830 293 2892 pore
315 2808 418 2867 bonae
435 2804 604 2864 memoriae
629 2803 746 2862 Domni
774 2803 927 2946 gpnitoris
959 2806 1059 2866 nostri
1086 2807 1234 2888 Pippini‚
1264 2811 1335 2870 sive

215 2890 328 2974 priscis
342 2887 535 2964 temporibus
548 2885 690 2946 assuetis
705 2883 784 2966 putri
808 2895 885 2946 uset
899 2887 916 2945 l
928 2887 1062 2968 reliquis
1076 2889 1177 2950 bonae
1194 2892 1355 2952 devotin'

217 2973 267 3032 nis
282 2969 463 3032 bominibus
476 2967 655 3050 saepissime
676 2969 866 3030 ventilatum
883 2968 992 3046 fuerit,
1005 2991 1062 3031 nos
1077 2981 1181 3030 tamen
1192 2972 1337 3054 pleniter

217 3055 306 3114 etad
326 3051 488 3132 liquidum
506 3049 674 3110 definitum
691 3049 834 3131 reperire
853 3047 981 3111 minime
1002 3053 1170 3133 quivimus.
1211 3053 1334 3113 Nostris

217 3135 348 3218 quippe,
363 3131 561 3214 temporibus
584 3130 722 3212 idipsum
744 3134 761 3191 a
789 3131 906 3192 sanctis
930 3133 1114 3230 Episcopis,
1138 3143 1175 3196 ‘ct
1199 3132 1335 3214 reliquis

217 3211 443 3277 Sacerdotibus
464 3225 497 3274 et
511 3213 644 3274 caeteris
662 3213 893 3275 ecclesiasticae
905 3214 1073 3296 dignitatis
1092 3215 1254 3293 ministris,
1265 3237 1336 3277 nos·

218 3297 277 3360 tris
296 3297 329 3357 in
346 3295 454 3378 regnis
471 3318 527 3358 seu
547 3295 579 3356 in
599 3295 668 3356 aliis
686 3296 756 3355 Deo
773 3295 981 3378 degentibus,
1004 3297 1160 3380 nobisque
1181 3320 1243 3357 una
1262 3319 1336 3358 cum

220 3376 265 3440 eis
278 3377 461 3461 agentibus,
483 3375 662 3458 saepissime
678 3387 807 3458 propter
829 3377 943 3438 multas
962 3388 994 3439 et
1008 3379 1119 3442 nimias
1139 3380 1337 3440 reclamatio·

218 3483 277 3521 nes
297 3481 378 3542 quae
400 3482 439 3522 ex
459 3459 521 3519 hoc
536 3459 576 3520 ad
602 3479 659 3519 nos
677 3479 716 3519 ex
740 3459 1028 3542 diversispartibus
1046 3472 1225 3538 venerunt,
1254 3484 1335 3524 ven-

151 3553 154 3560 '
218 3543 347 3602 tilatum
362 3551 417 3604 est.
460 3541 523 3602 Sed
536 3541 675 3622 qualiter
691 3541 841 3602 consultu
857 3541 973 3602 Domni
998 3551 1030 3602 et
1039 3544 1140 3604 Patris
1158 3543 1257 3604 nostri
1272 3546 1335 3602 Le-

217 3625 290 3688 onis
309 3621 502 3705 ApostolicI,
523 3632 787 3703 caeterorumque
802 3625 960 3684 Romanae
976 3625 1138 3686 Ecclesiae
1158 3625 1335 3707 Episcopo-

219 3730 293 3768 rum
309 3716 341 3767 et
358 3706 557 3787 reliquorum
573 3704 794 3780 sacerdotum,
816 3705 880 3765 sive
901 3706 1115 3766 Orientalium
1143 3715 1174 3765 et
1195 3710 1336 3767 Graeco·

219 3813 291 3850 rum
309 3785 584 3861 Patriarclrnrum,
607 3795 639 3845 et
655 3789 830 3846 multorum
844 3798 1024 3848 sanctorum
1048 3789 1279 3870 Episcoporum
1305 3794 1337 3847 et

219 3871 451 3945 sacerdotum,
475 3889 601 3928 necnon
616 3876 647 3927 et
666 3878 846 3930 nostrornm
861 3869 1091 3951 Episcoporum
1109 3870 1339 3946 omnium‚eae·

219 3963 426 4033 terorumque
444 3951 650 4012 sacerdotum
669 3971 704 4011 ac
715 3951 896 4012 Levitarum
913 3948 1099 4013 auctoritate
1119 3961 1150 4011 et
1167 3972 1336 4025 consensu,

219 4046 314 4117 atque
331 4035 530 4114 reliquorum
549 4032 693 4092 fidelium
717 4042 749 4093 et
775 4042 965 4092 cunctorum
984 4033 1248 4096 consiliariorum
1268 4052 1338 4091 nos-

217 4127 341 4178 trorum
356 4117 502 4177 consultu
521 4114 686 4174 definitum
709 4123 771 4191 est,
792 4115 880 4176 vobis
904 4115 1052 4177 omnibus
1068 4116 1232 4197 utriusque
1253 4112 1338 4173 ordi·

221 4199 271 4261 nis
289 4199 442 4260 Ministris
462 4197 543 4258 scire
565 4198 720 4260 volumus.
762 4197 921 4268 Statutum
938 4206 985 4258 est
1000 4219 1135 4280 namque
1158 4197 1280 4258 ratione
1304 4201 1337 4256 et
1446 4209 1447 4236 t

217 4281 405 4364 necessitate
421 4299 458 4342 ac
472 4278 658 4342 auctoritate
673 4277 853 4364 praedicta,
865 4280 1021 4342 consultu
1032 4279 1188 4357 omnium,
1204 4289 1243 4341 ut
1258 4299 1338 4360 qno·
