2926 4984
539 339 653 394 stura
688 339 864 403 omarus
1190 321 1261 409 567

136 477 244 540 omnia
270 475 420 540 fidelibus
442 478 645 542 admonenda
669 491 700 542 et
718 479 1046 563 perpendendasunt,
1068 501 1108 540 ne
1131 479 1165 540 in
1184 467 1260 559 boc,

135 561 225 642 quod
240 560 329 635 absit,
343 561 486 620 incidant
504 564 706 634 scandalum;
730 565 785 623 scd
799 561 897 643 magis
919 565 964 626 eis
985 563 1177 640 obediendo,
1198 584 1264 624 nou

133 643 195 704 lilii
207 643 408 724 perditionis,
429 645 485 704 sed
498 646 557 704 lilii
569 646 630 705 Dei
643 645 837 715 elliciantur;
862 655 892 704 et
910 667 974 706 non
991 668 1064 705 cum
1075 645 1179 706 stultis
1190 667 1267 726 poe-

135 748 221 802 nam,
238 725 295 786 sed
311 747 384 785 cum
404 725 494 788 iustis
509 728 648 811 praemia
662 727 842 809 percipiant
857 729 1059 809 sempiterna.
1082 728 1161 788 Nam
1175 727 1266 809 Epis*

136 829 233 890 copos
243 817 274 866 et
284 807 482 888 Sacerdotes,
499 810 616 892 quibus
634 810 736 872 omnis
747 819 832 869 terra
845 831 879 869 ca
906 820 941 870 ut
954 810 1100 887 inclinat,
1113 831 1172 891 per
1184 831 1266 891 quos

114 901 171 964 ¹et
189 897 334 949 nostrum
353 891 456 972 pollet
473 893 663 975 imperium,
685 891 856 952 admodum
881 831 1035 953 honorari
1059 903 1090 952 et
1117 890 1265 952 venerari

137 993 249 1032 omnes
269 993 447 1050 monemus,
470 997 530 1037 nec
546 996 599 1036 eos
615 973 749 1036 lacerari
764 983 818 1033 aut
840 973 1053 1055 blasphemari
1069 974 1118 1036 vel
1137 973 1264 1034 detrahi

135 1077 154 1114 a
168 1075 333 1136 quoquam
348 1055 513 1129 volumus3
536 1057 612 1138 quia
627 1057 782 1118 detractio
800 1057 1009 1119 Sacerdotum
1031 1057 1071 1116 ad
1101 1054 1266 1115 Christum

130 1135 285 1218 pertinet,
297 1135 389 1196 cuius
404 1139 475 1200 vice
491 1140 649 1222 legatione
664 1141 847 1222 funguntur
868 1139 901 1198 in
922 1139 1077 1200 Ecclesia.
1106 1137 1186 1196 Nam
1208 1137 1267 1217 qui

132 1218 276 1280 detrahit
303 1218 403 1279 alium
431 1219 617 1298 hominem,
648 1221 731 1282 sicat
752 1221 914 1281 homicida
940 1220 1161 1304 reputabitur:
1185 1218 1267 1299 quid

131 1301 197 1362 erit
217 1300 256 1360 de
273 1299 338 1362 illis
356 1302 412 1383 qui
433 1304 613 1364 sacerdotes
631 1302 821 1380 detrahunt,
846 1303 999 1384 quoniam
1020 1311 1052 1363 et
1072 1299 1132 1383 ipsi
1149 1309 1264 1360 semet-

136 1383 225 1462 ipsos
248 1383 422 1454 occidunt3
447 1394 478 1444 et
501 1384 669 1446 audientes
695 1384 905 1446 interimunt?
925 1385 1032 1467 Dupla
1056 1383 1142 1444 enim
1161 1403 1266 1462 poena

133 1464 226 1546 digni
253 1474 329 1526 sunt
349 1466 403 1546 qui
427 1467 563 1548 duplant
578 1470 698 1529 scelera
719 1490 786 1538 sua.
819 1467 883 1545 Qui
909 1465 959 1526 his
984 1465 1098 1528 sanctis
1133 1462 1265 1523 monitis

131 1547 273 1608 rebelles
300 1547 352 1606 vel
379 1547 602 1612 inobedientes
632 1550 821 1627 extiterint,
860 1547 963 1610 sciant
993 1569 1026 1610 se
1055 1571 1073 1608 a
1100 1544 1265 1612 liminibus

133 1639 263 1692 sanctae
288 1630 453 1692 Ecclesiae
471 1633 539 1692 fore
563 1633 696 1694 alienos.

366 1737 415 1795 De
441 1749 577 1818 quatuor
597 1737 797 1817 neglegentiis
818 1736 1035 1802 Sacerdotem.

221 1838 436 1908 CCCXXllI.
486 1845 535 1904 De
556 1841 757 1924 Presbyteris
785 1851 950 1904 eteorum
976 1842 1149 1920 Ecclesiis,
1178 1842 1264 1904 unde

136 1923 241 1985 multa
258 1924 477 2006 negleguntur
498 1933 530 1984 et
550 1925 698 1986 scaudala
718 1935 924 2004 generantur,
946 1927 980 1986 iu
1009 1935 1114 1986 nostra
1141 1925 1266 1985 discus-

134 2008 230 2069 sione
251 2015 388 2086 quatuor
407 2006 552 2088 pericula
575 2017 801 2088 apparuerunt.
829 2008 937 2068 Primo
955 2008 1031 2089 quia
1047 2007 1201 2067 nonnulli
1225 2028 1265 2066 ex

136 2086 256 2150 nostris
274 2087 510 2165 Sacerdotibus,
531 2089 669 2169 quadam
691 2092 861 2149 securitate
881 2100 1020 2172 accepta,
1051 2111 1110 2150 nec
1129 2110 1266 2169 eaquae

136 2172 180 2231 ad
199 2171 319 2230 cultum
335 2171 482 2232 divinum
502 2172 669 2252 pertinent
682 2170 817 2246 faciunt,
838 2192 943 2253 neque
969 2173 1001 2230 in
1030 2173 1266 2231 restauratione

136 2263 171 2314 et
193 2251 403 2312 luminaribus
419 2251 583 2314 Ecclesiae
603 2253 741 2312 studium
759 2252 878 2312 babent
900 2275 959 2314 nec
976 2253 1267 2314 etiamSenioribus

134 2334 205 2396 suis
218 2334 356 2394 debitam
371 2334 586 2397 reverentiam
605 2335 776 2410 exhibent,
806 2344 838 2395 et
859 2335 993 2416 insuper
1009 2335 1170 2394 Ecclesias
1196 2356 1267 2394 suas

135 2417 325 2497 expoliant,
345 2417 429 2477 etin
452 2417 621 2497 praediola
645 2439 701 2476 sua
723 2417 1073 2499 propriatransferunt.
1097 2419 1187 2492 Quae
1204 2439 1269 2478 om-

135 2499 194 2558 nia
215 2499 255 2557 ad
274 2499 512 2579 neglegentiam
533 2497 765 2579 Episcoporum
793 2500 957 2579 pertinere
984 2497 1266 2579 deprehendimus

135 2582 190 2640 Ob
211 2580 245 2639 id
266 2601 342 2640 vero
366 2580 503 2661 quadam
527 2580 695 2642 occasione
728 2589 858 2662 accepta
884 2580 1035 2640 Seniores
1060 2600 1172 2638 eorum
1191 2601 1267 2659 per-

133 2663 217 2722 moti
240 2663 273 2720 in
290 2671 411 2722 tantam
424 2659 595 2722 audaciam
607 2672 832 2743 prorumpunt,
854 2671 890 2720 ut
905 2683 957 2722 eos
974 2662 1070 2722 etiam
1089 2660 1216 2720 inlicite
1238 2668 1270 2717 ct

134 2745 309 2806 inhoneste
326 2753 421 2824 atque
441 2742 665 2803 inreverenter
679 2753 813 2802 tractare
828 2754 1040 2824 praesumant.
1070 2743 1163 2802 Unde
1181 2763 1268 2801 sum-

135 2847 269 2908 mopere
297 2825 443 2906 omuibus
463 2825 554 2885 nohis
574 2825 691 2886 abhinc
711 2825 951 2907 providendum
974 2824 1206 2899 iudicavimus,
1234 2833 1270 2883 ut

136 2931 175 2969 ea
193 2929 276 2988 <puae
291 2929 308 2965 a
326 2907 467 2967 Domino
490 2909 695 2987 Imperatore,
719 2908 1130 2987 consensuEpiscoporum,
1155 2907 1195 2965 ob
1214 2905 1270 2962 bo-

137 3012 253 3049 norem
268 2999 299 3049 et
314 3011 452 3050 amorem
463 2988 686 3049 DeiEcclesiis
704 3011 853 3049 concessa
870 2998 958 3062 sunt,
973 3011 1037 3050 nou
1053 2990 1086 3048 iu
1105 2988 1271 3048 avairitiam

134 3073 404 3153 Presbyterorum
430 3081 484 3130 aut
508 3070 540 3134 in
565 3071 773 3150 rapacitatem
794 3069 1024 3150 episcopalium
1049 3071 1270 3130 ministrorum

137 3155 267 3229 cedant,
287 3153 394 3214 sedin
413 3154 584 3212 utilitatem
600 3153 785 3232 Ecclesiae,
806 3166 837 3213 et
857 3152 894 3214 iu
915 3175 989 3214 usus
1008 3154 1210 3214 Clericorum
1238 3161 1270 3211 ct

137 3257 320 3320 pauperum
342 3235 525 3299 deveniant.

266 3342 315 3400 De
323 3343 522 3418 Presbyteris
532 3343 587 3423 qui
593 3341 625 3400 1'n
633 3342 697 3401 suis
713 3339 857 3402 domtus
864 3339 1005 3421 feminas
1024 3343 1146 3402 babent.

225 3445 430 3516 CCCXXtV,
473 3446 558 3505 Illud
577 3467 639 3505 non
657 3445 763 3506 minus
776 3446 994 3528 periculosum
1006 3468 1072 3508 esse
1088 3447 1270 3524 didicimus,

140 3529 228 3612 quod
253 3529 287 3588 in
315 3529 518 3610 quorundam
545 3528 778 3610 Episcoporum
806 3528 964 3610 parochiis
994 3529 1148 3609 quosdam
1172 3533 1269 3590 Pres-

137 3615 289 3694 byteros,
320 3621 432 3671 contra
458 3609 627 3671 interdieta
661 3620 843 3669 sanctorum
865 3632 1041 3688 canonum,
1069 3612 1202 3688 feminas
1236 3613 1269 3669 in

141 3693 289 3755 domibus
304 3695 369 3754 suis
386 3714 451 3754 non
468 3692 571 3757 solum
586 3691 739 3766 habitare,
756 3692 921 3753 sedetiam
936 3693 1116 3753 ministrare
1136 3694 1268 3763 t'aciunt·,;

140 3799 219 3858 quas
235 3786 267 3836 et
284 3774 435 3856 laqueum
453 3774 676 3834 Sacerdotibus
694 3795 845 3856 persaepe
863 3774 1018 3849 extitisse,
1037 3786 1067 3836 et
1083 3776 1200 3836 multos
1220 3797 1270 3836 oc-

142 3859 270 3918 casione
287 3857 320 3915 in
338 3857 520 3919 scandalum
536 3865 567 3916 et
580 3855 613 3914 in
630 3856 859 3916 detractionem
877 3857 1035 3916 corruisse
1051 3859 1269 3938 cognovimus.

143 3945 234 4017 Quae
256 3940 465 4021 transgressio
487 3947 519 3998 et
537 3947 679 4018 tempore
701 3938 852 4019 genitoris
871 3939 972 3998 nostri
987 3947 1018 3998 et
1031 3950 1181 3999 nostrom
1196 3964 1271 4002 con-

141 4023 292 4082 ventibus
308 4023 541 4103 Episcoporum
560 4019 738 4080 secuudum
755 4019 976 4082 auctoritatem
992 4022 1177 4081 canonicam
1191 4045 1267 4102 pro-

96 4097 102 4108 '
141 4106 254 4181 bibita,
283 4105 338 4164 sed
353 4105 490 4164 necdum
510 4103 549 4164 ad
565 4102 799 4162 correctionem
815 4103 912 4182 plene
929 4113 977 4162 est
989 4105 1153 4184 perducta.
1175 4107 1269 4164 Unde

143 4187 174 4244 in
201 4207 369 4254 commune
391 4186 573 4246 censuimus
591 4195 626 4244 ut
644 4183 679 4242 bi
700 4183 755 4265 qui
769 4193 875 4242 tantae
892 4186 1150 4267 transgressionis
1165 4187 1270 4247 incor-

144 4279 283 4332 rectores
300 4267 455 4330 hactcnus
472 4268 671 4345 extiterunt,v
684 4269 711 4330 si
736 4265 854 4329 adhinc
875 4264 972 4329 buius
996 4268 1043 4330 rei
1068 4279 1268 4354 correptores
