2948 4990
581 321 696 380 staur
721 321 876 382 saxeus.
1208 301 1286 376 stt

148 472 231 527 runt
244 481 310 526 non
333 471 458 527 taceant
476 465 654 530 veritatem.
671 466 741 528 ‘Nec
756 467 795 528 de
816 464 887 536 aliis
902 462 1040 548 negotiis
1060 460 1280 526 testimonium

149 548 285 625 dicant,
308 548 371 610 uisi
385 547 425 609 de
438 547 490 612 his
502 549 724 612 tantummodo
738 570 820 634 quae
836 547 896 610 sub
910 545 1090 629 praesentia
1104 563 1216 607 eorum
1230 567 1280 606 ac·

147 641 183 693 te
201 641 475 694 essauoscuutnr.
516 633 698 718 Superque
716 652 854 695 rasuera
878 630 1037 712 scriptura
1058 637 1205 707 testatur,
1227 627 1279 689 di·

148 735 248 778 esus:
267 713 409 785 Damus,
434 714 590 798 inquiunt
605 713 767 778 Pharisaei
783 715 824 777 ad
842 713 974 790 milites,
995 712 1085 772 vobis
1099 714 1278 795 pecuniata,

149 809 185 858 et
206 795 303 856 dicite
327 797 402 880 quia
420 797 514 859 vobis
538 799 764 860 dormientibus
789 807 936 858 venerunt
958 794 1109 878 discipuli
1133 795 1225 867 Iesu,
1247 807 1279 854 ct

147 877 346 942 abstulerunt
360 899 439 940 eum.
481 882 575 942 Unde
588 880 636 943 ait
652 881 867 964 Augustinus:
887 878 1087 939 Dormientes
1106 888 1199 944 testes
1217 875 1277 937 ad-

148 958 259 1034 lribes!
282 959 364 1021 Vere
389 971 423 1022 tu
436 963 504 1047 ipse
520 963 726 1038 obdormisti,
747 964 803 1047 prii
824 960 995 1024 serenando
1019 959 1097 1022 talia
1121 957 1276 1044 defecisti.

148 1043 190 1104 Si
209 1043 428 1116 dormiebant,
450 1046 530 1125 quid
542 1045 653 1108 uidere
667 1045 861 1129 potuerunt?
881 1044 920 1104 Si
933 1041 1014 1104 nihil
1034 1038 1188 1118 viderunt,
1197 1061 1277 1122 quo-

148 1126 247 1187 modo
265 1129 462 1286 teptessuntl
483 1127 552 1190 &d
572 1127 756 1210 defecerunt
771 1139 944 1190 scrutantes
959 1124 1176 1188 scrutationes.
1212 1123 1275 1183 'Sa-

173 1229 210 1269 ra
224 1229 283 1270 c.1
311 1229 338 1288 7.
1245 1244 1248 1251 =

143 1229 171 1292 p
409 1291 458 1352 De
471 1294 574 1375 pactis
586 1305 617 1354 et
660 1293 764 1354 tacitis
782 1290 1017 1357 conservandis.

234 1367 442 1439 CCCXLVt.
482 1377 580 1436 Pacta
593 1314 659 1437 vel
667 1374 783 1458 placita
801 1395 883 1458 quae
903 1373 1167 1456 perscripturum
1191 1367 1276 1452 legi-

149 1454 279 1516 timeae
296 1453 466 1520 iustissime
483 1459 673 1535 factasunt,
696 1456 869 1519 dummodo
890 1457 925 1516 in
944 1455 994 1518 his
1014 1455 1083 1518 dies
1097 1452 1150 1514 vel
1170 1473 1273 1512 annus

146 1536 192 1598 sit
217 1532 385 1600 euidenter
412 1559 597 1622 expressus,
621 1540 807 1602 nullatenus
824 1539 983 1599 immutari
1010 1533 1232 1620 permittimus.

147 1639 247 1725 Quod
269 1643 343 1704 haec
372 1647 414 1705 sit
442 1665 520 1706 uera
545 1648 661 1707 caritas
678 1666 740 1728 qua
765 1646 850 1704 Deus
866 1645 1098 1724 Proximusque
1118 1641 1271 1722 diligitur.

168 1723 212 1786 Et
233 1724 354 1788 idcirco
368 1726 560 1789 admonendi
571 1740 643 1790 sunt
659 1748 764 1789 omnes
782 1726 909 1788 Fideles
929 1742 962 1788 ut
985 1730 1062 1787 lianc
1082 1725 1250 1786 obseruare

653 1820 771 1872 curent.

229 1887 457 1953 CCCXLVII.
496 1891 623 1955 Placuit
641 1902 675 1952 ut
688 1892 920 1952 admoneantur
934 1910 1042 1950 omnes
1056 1889 1168 1952 fideles
1181 1889 1269 1972 quod

144 1971 227 2034 haec
241 1973 283 2033 sit
298 1994 373 2035 vera
389 1974 522 2052 caritas,
544 1975 620 2057 quia
637 1977 742 2037 Deum
761 1974 866 2052 diligit
890 1972 987 2033 horno
1012 1972 1182 2054 plusquam
1212 1995 1245 2036 se
1260 2018 1277 2056 ,γ
1301 2019 1307 2024 -
1330 2017 1333 2026 =

145 2063 181 2116 et
192 2057 373 2136 proximum
387 2065 539 2139 tanquam
555 2079 599 2128 se;
619 2056 732 2138 etquia
742 2056 823 2116 nihil
834 2056 905 2118 vult
919 2053 1090 2116 aliifacere
1106 2055 1168 2117 nisi
1182 2056 1271 2137 quod

145 2137 209 2198 sibi
229 2138 300 2200 vult
313 2138 393 2216 fieri,
416 2149 448 2200 et
466 2140 558 2222 plura
578 2160 660 2221 quae
677 2139 838 2200 recenseri
859 2139 992 2219 longum
1009 2147 1066 2200 est.
1106 2139 1186 2198 Nam
1200 2139 1271 2220 qui·

145 2241 277 2300 cunque
294 2221 327 2281 in
347 2231 426 2302 potu
441 2232 473 2284 et
498 2221 588 2300 cibo,
611 2231 642 2282 et
660 2220 773 2282 dandis
806 2231 901 2302 atque
930 2217 1125 2302 accipiendis
1149 2221 1269 2296 rebus,

144 2303 310 2364 caritatem
327 2313 460 2381 putant,
482 2326 546 2364 non
569 2299 774 2365 mediocriter
794 2312 919 2382 errant,
948 2302 1077 2364 dicente
1098 2302 1269 2383 Apostolc:

143 2385 282 2464 Regnum
305 2387 368 2445 Dei
382 2398 503 2447 nonest
518 2387 605 2448 cibus
623 2398 652 2448 et
664 2397 766 2469 potus.
807 2385 887 2445 Nam
906 2393 937 2446 et
953 2381 1032 2465 ipsa,
1050 2382 1181 2464 quando
1194 2405 1270 2445 cum

144 2466 275 2529 ciuitate
297 2467 398 2536 fiunt,
419 2469 504 2530 hona
528 2476 619 2546 sunt,
643 2477 674 2530 et
692 2467 777 2529 inter
796 2466 931 2529 virtutes
951 2464 1173 2549 computanda.

148 2571 191 2636 Ut
222 2587 333 2637 contra
362 2589 531 2638 extraneos
557 2575 720 2662 parentela
743 2589 797 2636 aret
818 2577 1036 2660 propinquitas
1059 2572 1268 2634 testimonium

587 2657 712 2722 minime
740 2656 828 2719 dicat

227 2736 472 2809 CCCXLVIII.
515 2742 662 2817 Fratres,
684 2759 825 2814 sorores,
853 2738 997 2814 uterini,
1017 2736 1140 2820 patrui,
1162 2759 1266 2797 avun-

143 2822 228 2898 culi,
250 2830 459 2902 materterae,
479 2822 546 2886 sive
566 2843 678 2885 eorum
697 2819 775 2897 lilii,
797 2822 875 2884 item
890 2842 1000 2904 nepos,
1011 2819 1132 2902 neptis,
1154 2841 1266 2906 conso·⁸

141 2904 252 2981 lirini,
273 2904 327 2965 vel
342 2905 487 2985 amitini,
509 2926 565 2968 seu
587 2906 682 2968 etiam
699 2902 828 2984 quidam
853 2927 893 2966 ex
922 2902 1049 2986 propria
1072 2902 1265 2984 consangui-

143 2987 261 3059 nitate,
284 2985 317 3046 in
337 2985 459 3050 iudicio
478 2988 627 3050 adversus
649 2995 818 3050 extraneos
839 2985 1057 3048 testimonium
1076 2983 1185 3045 dicere
1199 3005 1264 3046 uon

165 3067 368 3140 ermittimus;
393 3068 594 3132 nisiiorsituu
608 3077 755 3153 parentes
765 3069 907 3132 eiusdem
918 3065 1114 3150 cognationis
1129 3066 1215 3128 inter
1231 3090 1264 3129 se

141 3091 231 3211 litem
246 3149 438 3230 habuerint,
461 3162 515 3213 aut
533 3153 566 3213 in
584 3174 676 3214 causa
692 3150 731 3211 de
746 3173 808 3234 qua
820 3151 925 3234 agitur
942 3149 1036 3214 alium
1059 3149 1190 3212 omnino
1212 3152 1264 3211 in-

141 3233 337 3315 genuitatem
362 3233 470 3296 deesse
493 3235 680 3298 constiterit.

141 3337 258 3400 Contra
272 3340 416 3420 priorum
438 3337 653 3423 definitionem
661 3339 741 3424 filio
760 3339 815 3400 oei
831 3339 941 3399 heredi
958 3361 1020 3402 non
1037 3339 1131 3400 licere
1150 3342 1262 3402 venire.

223 3442 357 3506 cccxl
365 3446 426 3510 JX.
468 3445 554 3506 Filio
573 3433 627 3508 v’el
641 3443 753 3506 heredi
774 3453 885 3505 contra
907 3446 1050 3527 priorum
1072 3445 1186 3510 iustam
1209 3459 1265 3508 aut

139 3525 313 3608 legitimam
327 3527 548 3588 definitionem
565 3527 676 3588 venire
696 3547 759 3586 non
787 3527 898 3602 liceat,
921 3527 997 3608 quia
1020 3527 1101 3592 iuste
1128 3531 1263 3610 repelli-

139 3617 192 3669 tur
209 3609 423 3693 praesumptio
442 3609 529 3672 illius
545 3607 601 3692 qui
630 3612 711 3671 sacta
730 3608 893 3670 seniorum
915 3610 1032 3674 iniuste
1058 3621 1194 3692 conatur
1216 3613 1263 3670 in-

138 3711 210 3751 rum
236 3713 299 3751 ere.

214 3715 292 3834 ¹llon
306 3788 352 3834 est
366 3774 473 3834 danda
482 3774 601 3858 passim
618 3771 787 3835 accusandi
802 3775 855 3835 uel
867 3771 1022 3857 puniendi
1037 3775 1173 3834 licentia.

221 3854 343 3918 CCCL.
383 3857 454 3916 Non
477 3854 592 3936 passim
606 3855 716 3916 damus
735 3854 905 3918 accusandi
919 3855 971 3916 vel
986 3855 1146 3936 puniendi
1163 3855 1264 3917 licen-

137 3937 230 4013 tiam,
254 3938 315 4000 nisi
332 3948 386 3998 aut
409 3937 585 3998 manifestis
603 3937 732 4001 indiciis
750 3937 890 4022 patuerit
904 3937 1023 4014 scelus,
1045 3946 1100 3997 aut
1119 3937 1262 4020 legitime

137 4020 237 4080 fuerit
255 4017 394 4103 idipsum
410 4021 530 4082 malum
548 4031 728 4084 accusatum
757 4029 851 4102 atque
879 4019 1080 4090 convictum
1110 4021 1262 4100 quatinus

138 4103 229 4164 nulla
243 4101 414 4164 videantur
435 4100 617 4166 intentione
639 4106 692 4168 vel
709 4104 823 4166 ordine
837 4103 969 4166 Petrum
980 4101 1161 4183 transgredi
1172 4125 1263 4186 prae·

138 4193 230 4266 cepta
249 4194 451 4265 sanctorum,
473 4195 528 4248 aut
545 4183 671 4254 obviare
697 4185 793 4251 sacris
816 4181 936 4269 regulis
951 4184 1166 4268 antiquorum.
1197 4185 1264 4249 Sa-

137 4289 197 4349 pra
218 4289 243 4326 c.
272 4270 338 4331 151.
391 4296 393 4300 ·
