2926 4984
564 392 679 452 enm
701 389 879 458 oumrus.
1196 365 1269 447 ⁵37

375 534 423 602 De
442 532 640 613 Presbyteris
657 536 713 597 oel
736 522 865 596 Clericis
880 527 1042 613 sngiticds.

229 640 430 708 CLXXVII.
471 645 519 704 De
545 642 688 724 fugitivis
708 638 907 724 Presbyteris
936 638 987 699 vel
1010 634 1146 698 Clerieis
1171 655 1270 695 cano·

143 729 219 790 nica
240 725 410 786 auctoritas
433 726 633 795 observetnr3
657 725 751 784 idest
775 733 811 783 nt
830 745 923 781 nemo
946 720 1089 780 nostriun
1107 719 1271 778 Clericum

142 810 279 870 alterius
293 808 461 889 parochiae
477 808 614 874 ordinet,
633 828 739 886 neque
754 808 934 868 ordinatum
947 803 1107 882 suscipiat,
1118 801 1186 862 sine
1202 820 1271 880 per·

141 893 297 954 missione
318 891 365 950 sui
395 891 570 954 Pontificio.
611 891 653 950 Et
675 890 735 950 hoc
763 887 1031 951 considerandum
1054 894 1101 945 est
1127 883 1206 964 quid
1230 882 1270 942 de

142 977 264 1036 talibus
290 973 471 1034 faciendum
493 975 542 1038 sit.

171 1081 213 1142 Ut
227 1083 260 1139 in
278 1077 420 1139 domibus
439 1101 501 1139 non
520 1081 709 1140 consecratis
731 1098 922 1161 nequaquam
944 1077 1044 1136 Missa
1067 1074 1249 1139 celebretur.

233 1183 452 1246 CLXXViii.
495 1186 659 1246 Soncitum
681 1194 785 1245 estut
811 1183 921 1243 nullus
947 1181 1211 1263 Presbyterorum
1236 1179 1270 1239 in

142 1269 294 1332 domibus
312 1267 350 1326 ab
371 1268 538 1348 Episcopis
554 1289 619 1329 non
640 1267 834 1329 consecratis
853 1265 1046 1327 oblationem
1066 1263 1179 1324 offerre
1194 1284 1273 1344 quo·

142 1373 213 1432 quo
235 1349 330 1412 modo
350 1361 533 1432 praesumat.

148 1456 194 1519 Ut
210 1457 404 1534 Presbyteri,
425 1458 572 1530 Diaconi,
594 1460 648 1520 vel
667 1457 861 1519 Subdioconi
882 1477 937 1516 nec
954 1476 1042 1516 armo
1059 1463 1188 1538 portent
1216 1470 1273 1512 nec

517 1544 714 1602 venationem
736 1551 912 1600 exerceant.

232 1642 416 1705 CLXXIX.
457 1646 500 1706 Et
517 1646 579 1708 hoe
601 1646 781 1709 cavendum
798 1655 855 1721 est,
877 1654 912 1704 ut
928 1641 1110 1726 Presbyteri
1129 1640 1180 1700 vel
1199 1639 1274 1700 Dia-

145 1726 225 1786 coni
244 1725 311 1786 sive
333 1727 527 1788 Subdiuconi
542 1752 627 1790 arma
639 1738 765 1812 portare
783 1749 848 1787 non
865 1734 1080 1809 praesumant,
1102 1744 1208 1804 neque
1220 1743 1274 1785 ve·

146 1809 296 1868 nationes
316 1809 435 1891 aliquas
458 1832 619 1878 exercere.

170 1913 268 1997 Quod
280 1937 340 1977 non
361 1917 454 1976 liceat
473 1918 598 1978 mulieri
617 1919 720 1978 velum
745 1918 811 1978 sive
837 1930 945 2000 sponte
973 1917 1041 1978 sive
1062 1939 1125 1979 non
1143 1924 1252 1998 sponte

543 2013 701 2082 acceptum
719 1999 884 2064 dimittere.
904 2001 905 2006 ’

233 2099 399 2168 CLXXX.
442 2104 670 2185 Qualieunque
694 2106 787 2168 modo
808 2106 936 2182 mulier,
958 2103 1162 2186 permittente
1180 2123 1275 2164 cuno-

148 2187 224 2246 nioe
243 2186 312 2246 viro
333 2206 402 2261 suo,
422 2196 476 2246 aut
492 2207 529 2246 eo
549 2188 724 2265 defuncto,
742 2189 851 2251 velum
877 2197 1021 2248 sanctum
1045 2188 1077 2246 in
1097 2198 1193 2270 caput
1219 2208 1274 2246 ae·
1344 2240 1348 2246 .

149 2267 285 2350 ceperit,
307 2276 362 2327 aut
381 2280 494 2350 sponte
512 2278 568 2329 aut
586 2270 699 2348 invita,
721 2270 813 2332 ineo
840 2280 1024 2354 permanent
1047 2271 1190 2348 omuino,
1212 2278 1284 2328 nec'

50 2351 56 2366 ’
150 2351 307 2412 dimittat:

194 2455 303 2516 Utres
321 2477 494 2539 pauperum
510 2457 564 2518 vel
583 2460 685 2520 minus
700 2471 861 2544 potentum
883 2459 965 2520 mala
986 2458 1147 2519 occasione
1172 2477 1234 2517 non

341 2554 344 2560 '
643 2555 793 2606 emantur.

232 2618 415 2686 CLXXXI.
456 2623 593 2702 Propter
613 2623 814 2706 provisiones
838 2646 1030 2706 pauperum,
1069 2642 1127 2703 pro
1157 2620 1275 2702 quibus

149 2711 258 2763 curam
278 2702 396 2763 hebere
418 2703 589 2782 dehemus,
611 2706 733 2788 placuit
757 2707 847 2768 nobis
874 2716 910 2766 ut
932 2728 992 2766 nec
1021 2706 1191 2786 Episcopi,
1214 2723 1276 2763 nec

147 2784 300 2860 Abbetes,
324 2805 383 2846 nec
400 2789 549 2866 Comites,
566 2811 626 2850 neo
641 2788 772 2863 Vicarii,
788 2811 848 2849 nee
862 2788 999 2865 Iudices,
1022 2788 1197 2868 nullusque
1212 2807 1277 2847 om-

149 2867 240 2942 nino,
263 2866 322 2926 sub
343 2870 424 2928 mule
446 2871 611 2932 occasione
631 2871 684 2934 vel
704 2871 787 2931 mulo
809 2871 939 2952 ingenio
957 2893 1008 2930 res
1026 2891 1204 2953 pauperum
1222 2868 1276 2928 vel

148 2949 256 3008 minus
276 2959 442 3030 potentum
460 2973 519 3014 nec
543 2975 647 3016 emere
669 2974 728 3012 nec
746 2953 777 3014 vi
797 2954 910 3013 toliere
926 2952 1050 3012 audeat.
1103 2952 1167 3011 Sed
1185 2951 1277 3032 quis-

149 3030 223 3110 quis
234 3051 274 3090 ex
286 3032 331 3092 eis
343 3032 465 3112 aliquid
484 3058 665 3117 comparare
675 3035 827 3113 voluerit,
842 3036 874 3094 in
890 3035 1020 3116 publico
1039 3033 1155 3114 placito
1170 3054 1277 3096 coram

149 3113 275 3172 idoneis
296 3115 428 3176 testibus
449 3127 568 3178 etcum
588 3119 711 3180 ratione
735 3118 797 3178 hoc
815 3117 918 3177 faciut.
961 3118 1154 3196 Ubicunque
1169 3127 1276 3176 autem

148 3194 244 3288 utiter
258 3194 423 3284 inventum
440 3201 540 3261 fuerit
560 3203 690 3277 factum,
704 3201 766 3262 hoc
784 3201 915 3261 omuino
933 3200 1122 3262 emendetur
1140 3221 1200 3284 per
1214 3199 1277 3263 ius-

147 3296 272 3336 sionem
286 3286 434 3340 nostram.
485 3283 589 3367 Supra
606 3285 675 3344 Lib.
693 3289 740 3348 II.
755 3305 780 3348 c.
802 3286 851 3348 32.

147 3382 197 3440 De
217 3395 372 3466 potestate
397 3387 625 3471 Episcoporum
643 3410 702 3472 pro
723 3389 812 3448 rebus
833 3389 1064 3462 ecclesiasticis,
1084 3412 1120 3452 ac
1135 3392 1174 3451 de
1199 3415 1275 3455 con-

392 3471 550 3529 venientia
570 3470 797 3554 Episcoporum
823 3493 892 3530 cum
916 3473 1031 3538 Laicis.

233 3573 435 3637 CLXXXII.
478 3577 520 3634 Ut
532 3574 683 3657 Episcopi
698 3585 883 3656 potestatem
899 3576 1037 3638 habeant
1049 3601 1099 3639 res
1112 3581 1274 3644 ecclesias·

147 3657 226 3718 tiens
242 3656 443 3739 praevidere,
459 3678 581 3738 regere,
598 3667 630 3718 et
645 3658 835 3738 gubernare,
851 3669 945 3740 utque
962 3660 1145 3742 dispensare
1161 3684 1274 3722 secun·

147 3740 225 3800 dum
249 3739 437 3800 eanonicam
457 3741 686 3804 auctoritatem.
730 3740 887 3802 Volumus
905 3752 940 3800 ut
957 3752 989 3800 et
1012 3744 1085 3803 laici
1108 3743 1141 3802 in
1164 3739 1276 3806 eorum

146 3821 329 3882 ministerio
348 3821 499 3880 obedient
522 3822 688 3904 Episcopis
707 3821 747 3882 ad
767 3824 922 3904 regendas
939 3824 1100 3886 Ecclesias
1120 3825 1199 3902 Dei,
1223 3829 1275 3889 vi-

147 3903 226 3964 duus
244 3912 275 3965 et
291 3903 452 3984 orphanos
467 3903 688 3979 defensandos,
709 3913 741 3963 et
758 3913 793 3964 ut
814 3905 1077 3966 obedientessint
1100 3908 1145 3967 eis
1169 3909 1207 3967 ud
1223 3931 1274 3970 eo-

145 4007 219 4046 rum
234 3984 506 4046 Christianitatem
523 3987 721 4049 servandam.
743 3987 784 4046 Et
797 3987 947 4068 Episcopi
963 3989 1199 4050 consentientes
1211 3991 1276 4051 sint

146 4067 325 4128 Comitibus
341 4076 372 4127 et
398 4066 558 4129 iudicibus
578 4071 617 4131 ud
638 4068 772 4128 iustitias
796 4069 966 4141 faciendas.
1010 4070 1052 4129 Et
1074 4081 1108 4130 ut
1132 4072 1275 4134 nullate-

147 4169 207 4208 nus
229 4171 288 4230 per
310 4149 492 4229 aliquorum
511 4152 732 4227 mendacium,
754 4151 805 4212 rel
829 4151 945 4211 falsum
961 4153 1190 4231 testimonium,
1214 4177 1274 4216 ne-

147 4251 209 4310 que
232 4227 430 4313 periurium,
460 4241 515 4294 aut
539 4255 599 4318 per
624 4232 819 4319 praemium,
842 4234 896 4296 lex
916 4233 999 4296 iusta
1019 4234 1052 4295 in
1079 4235 1188 4320 aliquo
1217 4239 1275 4300 de-

148 4321 310 4395 pravetur.
