2926 4984
547 349 660 406 tiana
695 346 873 412 noturus,
1170 309 1242 395 tto
1315 391 1326 412 ,

112 489 162 562 Da
179 487 454 550 admonitione-ad
462 487 574 550 Laicos
586 509 646 573 pra
660 489 778 560 bonore
792 485 1003 549 ecclesiastico
1016 480 1244 549 conservando.

195 593 353 658 cclxx.
396 596 518 656 Omnes
536 595 648 656 Laicos
661 614 828 655 monemus
853 599 890 652 ut
903 590 1062 651 honorem
1079 587 1245 652 ecclesias·

111 681 213 739 ticum
234 687 436 754 conservent,
460 687 493 737 et
519 677 648 759 dignam
676 675 920 737 venerationem
943 671 1110 754 Episcopis
1134 679 1165 731 et
1182 669 1244 732 Dei

112 759 339 828 Sacerdotibus
358 758 542 836 exhibeant,
567 759 652 819 etad
669 780 780 819 eorum
797 757 1068 839 praedicationem
1086 777 1160 815 cum
1177 753 1244 814 suis

114 844 228 905 devote
246 851 434 919 occurrant,
463 851 494 901 et
511 841 634 902 ieiunia
654 842 693 902 ab
711 840 776 900 illis
794 839 1009 903 communiter
1026 837 1148 898 indicta
1164 857 1244 896 con-

114 933 257 1001 servent,
272 934 304 984 et
321 946 394 984 suos
415 924 584 985 ohservare
601 923 739 985 doceant
753 933 786 984 et
800 923 1004 1004 compellant.
1027 921 1148 981 Omnes
1161 941 1246 981 sum·

112 1029 244 1090 mopere
260 1007 410 1068 studeant
429 1016 465 1065 ut
486 1006 555 1066 dies
576 1005 768 1082 dominicus,
789 1005 873 1066 sicut
893 1004 995 1079 decet,
1016 1002 1198 1062 honoretur
1214 1009 1247 1061 et

112 1091 249 1154 colatur.
293 1091 333 1149 Et
350 1098 384 1148 nt
400 1088 535 1148 liberius
554 1088 624 1147 sieri
641 1089 763 1170 possit,
794 1098 934 1148 mercata
951 1096 984 1147 et
1002 1085 1119 1167 placita
1142 1085 1159 1143 ir
1186 1085 1246 1144 Co-

112 1172 268 1313 mutibus,
297 1171 380 1234 sieut
402 1191 496 1253 saepe
524 1171 724 1232 admonitum
743 1170 824 1248 fuit,
847 1170 906 1232 illo
929 1169 981 1232 die
1001 1167 1246 1252 prohibeantur.

111 1256 166 1316 lta·
191 1276 246 1320 .c.
269 1275 297 1335 7.

132 1361 183 1420 De
203 1359 416 1421 arimanniam
437 1361 669 1447 adsEpisccpos
688 1362 743 1422 uel
763 1360 899 1421 Comites
912 1379 974 1442 pro
995 1357 1166 1422 concordia
1182 1353 1227 1418 cd

378 1445 509 1505 invicem
530 1458 560 1505 ct
580 1466 650 1506 cum
666 1445 797 1504 caeteris
807 1441 975 1527 fidelibus.

196 1549 375 1616 CCLXXI.
415 1553 566 1635 Episcopi
582 1552 634 1613 rel
655 1552 795 1614 Comites
816 1551 856 1612 ad
878 1550 1018 1612 invicem
1031 1559 1063 1611 et
1083 1571 1157 1612 eum
1171 1569 1254 1634 easy

110 1635 192 1696 teris
212 1634 380 1695 Fidelibus
404 1636 609 1697 concorditer
630 1634 757 1711 vivant,
780 1643 813 1695 et
834 1633 874 1695 ad
894 1655 949 1694 sua
972 1631 1153 1694 ministeria
1170 1651 1246 1716 per-

111 1717 240 1801 agenda
260 1717 401 1779 vicissim
422 1718 483 1779 sibi
501 1719 696 1780 adiutorium
717 1718 834 1778 ferant.
879 1715 960 1779 laid.
981 1737 1008 1781 c.
1035 1737 1080 1777 10.

160 1824 211 1889 De
234 1825 381 1908 operibns
402 1826 435 1884 in
458 1825 716 1884 restaurationem
737 1822 950 1884 Ecclesiarum
972 1807 1195 1905 adimplendis.

198 1928 395 1996 CCLXXII,
436 1932 485 1990 De
502 1930 652 2012 operibus
672 1929 705 1990 in
726 1930 991 1991 restaurationem
1013 1928 1246 2006 Ecclesiarum,

109 2014 184 2084 sive
205 2012 239 2071 in
260 2012 428 2090 faciendo,
459 2011 581 2073 sivein
606 2011 813 2090 redimendo,
842 2013 1032 2095 episcopalis
1053 2011 1162 2095 potius
1195 2033 1248 2074 se·

110 2105 235 2178 quatur
258 2095 417 2160 voluntas.
469 2094 663 2156 Nullatenue
688 2103 793 2154 tamen
820 2105 984 2156 remaneat
1012 2095 1093 2178 quin
1121 2094 1205 2156 sicut
1228 2093 1248 2154 d

112 2179 210 2240 nobis
224 2199 317 2259 saepe
337 2178 460 2238 iussum
475 2185 533 2253 est,
549 2176 612 2237 hoc
626 2187 679 2236 aut
693 2177 777 2237 illud
793 2179 935 2258 partibus
945 2176 1164 2240 Ecclesiarum
1177 2197 1250 2261 per·

111 2262 268 2324 solvatur.
289 2262 332 2321 Et
344 2260 406 2321 hoc
420 2259 567 2320 omnibus
583 2270 694 2320 notum
707 2259 758 2335 sit,
780 2260 856 2340 quia
870 2260 1060 2342 quicunqne
1073 2260 1249 2343 neglegen-

37 2373 42 2380 ·
112 2354 167 2404 ter
189 2342 307 2404 exinde
331 2342 443 2425 egerit,
466 2351 499 2404 et
523 2363 628 2403 coram
648 2341 739 2402 nohis
763 2342 881 2404 exinde
904 2344 1078 2426 neglegens
1098 2351 1250 2424 repertus

112 2425 229 2501 fuerit,
252 2424 335 2486 illud
350 2425 497 2486 volumus
515 2424 647 2485 omnino
663 2434 699 2484 ut
717 2423 826 2484 subeat
848 2426 936 2504 quod
957 2423 990 2485 in
1016 2432 1125 2486 nostro
1148 2423 1249 2505 Capi·

112 2508 215 2568 talari
233 2508 272 2568 de
292 2507 352 2568 hac
374 2510 409 2568 ie
429 2507 590 2570 communi
612 2507 763 2570 consultu
787 2505 933 2570 fidelium
951 2517 1136 2572 nostrorum
1158 2505 1248 2568 ordi-

111 2589 272 2655 navimus.
311 2587 395 2652 Ibid.
417 2610 444 2651 c.
465 2611 515 2650 aa.
1090 2607 1092 2611 ·

109 2696 165 2758 De
182 2694 353 2758 Comitibns
361 2738 374 2768 ,
393 2707 427 2756 ut
447 2695 607 2756 Ministris
629 2693 789 2756 Ecclesiae
813 2695 847 2756 in
863 2695 929 2756 suis
953 2695 1138 2758 ministeriis
1158 2691 1250 2756 adta-

591 2790 676 2840 tores
694 2779 770 2844 sint.

200 2880 407 2948 CCLXXIII.
451 2881 590 2945 Comites
608 2883 766 2944 Ministris
781 2882 947 2945 Ecclesiae
962 2903 1140 2966 eorumque
1154 2884 1251 2946 mini·

111 2965 235 3043 steriis‚
253 2973 289 3024 ut
310 2964 373 3026 hoc
389 2965 519 3047 plenius
537 2975 569 3027 et
587 2965 625 3026 de
648 2966 811 3027 nostriset
831 2967 870 3027 de
886 2987 931 3041 se,
951 2974 982 3026 et
1001 2967 1041 3028 de
1058 2965 1124 3028 suis
1141 2966 1249 3030 homi-

113 3049 224 3123 nibus,
246 3047 393 3108 obtinere
412 3049 544 3130 possint,
568 3047 731 3109 adiutores
755 3048 787 3109 in
808 3048 956 3109 omnihus
978 3048 1065 3116 flant.
1107 3047 1149 3110 Et
1171 3051 1248 3134 qui·
1320 3079 1322 3082 ·

112 3152 245 3212 cunque
260 3130 362 3212 prima
383 3140 414 3190 et
431 3131 572 3193 secunda
592 3130 663 3193 viee
680 3131 719 3191 de
733 3130 784 3192 his
802 3131 957 3192 dComite
978 3131 1162 3195 admonitus
1180 3129 1247 3198 noh

111 3237 146 3276 se
172 3211 366 3290 eorrexerit,
390 3215 539 3275 volumus
556 3223 592 3274 ut
613 3235 672 3297 per
697 3215 838 3275 eundem
856 3214 1015 3276 Comitem
1037 3215 1107 3277 eius
1134 3220 1250 3300 negle-

111 3297 225 3380 gentia
244 3296 284 3357 ad
309 3304 449 3358 nostram
470 3297 615 3358 notitiam
638 3297 835 3378 perferatur,
857 3306 894 3358 nt
921 3300 1247 3364 nostraauctoritate

112 3377 203 3460 quod
223 3377 255 3436 in
275 3386 384 3439 nostro
398 3378 577 3462 Capitulari
596 3377 792 3457 continetur,
811 3379 920 3441 subire
933 3389 1076 3464 cogatur.
1096 3384 1184 3446 Iac.
1196 3383 1248 3446 25.

116 3509 161 3572 Ua
178 3509 219 3568 de
236 3510 421 3569 incestuosis
437 3522 467 3569 ct
487 3510 536 3569 lais
556 3510 612 3590 qni
625 3507 762 3570 decimas
783 3531 847 3572 non
865 3510 954 3588 dant,
969 3512 1008 3574 ab
1028 3511 1197 3597 Episcopis
1216 3525 1248 3578 et

111 3593 323 3669 Presbyteris,
339 3590 417 3651 etde
433 3593 629 3671 neglegenter
639 3593 828 3672 viventibus,
848 3593 952 3654 wadii
964 3616 1028 3656 non
1040 3596 1247 3679 accipiantur.

199 3694 407 3761 CCLXXlV.
448 3696 580 3757 Dictum
605 3706 652 3758 est
676 3695 768 3758 uobis
790 3698 879 3778 qnod
900 3699 933 3759 in
952 3698 1144 3783 quibusdam
1164 3702 1245 3765 loeis

110 3779 264 3862 Episcopi
283 3789 314 3838 et
333 3779 474 3854 Comites
491 3779 530 3839 ab
543 3779 733 3841 incestuosis
751 3789 783 3840 et
801 3781 839 3840 ah
856 3780 906 3842 his
932 3782 989 3863 qui
1014 3783 1153 3845 decimas
1177 3806 1244 3847 nou

112 3864 211 3939 dant,
236 3861 368 3922 vuadios
386 3861 566 3943 accipiant,
590 3871 622 3922 et
638 3885 655 3920 a
671 3863 871 3946 Presbyteris
893 3865 1087 3946 quibusdam
1106 3886 1166 3946 pro
1184 3870 1252 3930 ne·''

133 3945 284 4027 legentiis
294 3944 379 4004 inter
391 3966 423 4005 se
439 3944 609 4026 pecuniam
625 3944 788 4006 dividant:
810 3947 899 4028 quod
909 3948 1039 4032 penitus
1051 3947 1250 4011 abolendum

111 3968 331 4111 decrerimus,
353 4048 392 4088 ne
406 4028 489 4088 forte
509 4026 660 4087 avaritiae
677 4028 768 4088 locas
789 4028 894 4094 detur.
947 4030 989 4090 Et
1021 4023 1267 4095 constituimus

104 4119 149 4170 ut
166 4108 362 4185 incestuosi,
385 4108 475 4170 iuxta
497 4109 685 4170 canonicam
703 4111 915 4187 sententiam,
935 4111 1136 4196 poenitentia
1158 4118 1247 4178 mul-

112 4202 231 4253 tentur.
254 4190 319 4269 Qui
340 4201 418 4252 vero
437 4191 575 4254 decimas
592 4201 663 4274 post
682 4193 809 4254 crebras
836 4194 1074 4257 admonitiones
1095 4204 1128 4257 et
1150 4220 1246 4281 prae·

113 4274 291 4336 dicationes
315 4273 525 4338 Sacerdotem
549 4275 624 4338 dare
648 4275 876 4358 neglexerint,
910 4277 1244 4346 excommunicentur.
