2948 4990
201 249 277 362 ’664
312 305 319 318 ·
619 288 904 349 carrrunaarnu

207 435 325 518 gesima
339 430 624 513 octara‘erangelii
643 427 820 510 lobannis,
837 430 881 490 ita
901 427 999 490 dicit:
1020 423 1101 489 Ecce
1121 426 1206 486 iuter
1221 421 1327 484 Sane·

207 533 254 578 tos
272 529 318 575 est
342 513 456 574 Iudas.-
477 533 546 573 ecce
562 512 624 592 sur
643 513 806 572 estlndas.
845 512 888 572 Et
901 532 938 570 ne
956 523 1145 584 contemnas,
1153 503 1327 584 sursacrt'-

207 601 311 677 legas,
333 617 396 655 non
409 592 715 676 ,ustuliscunquesun
730 592 791 671 fur
802 593 987 664 loculorum,
1010 591 1068 650 scd
1081 590 1327 664 dominicorum,-

207 680 406 747 loculorum,
428 676 487 734 sed
501 685 669 739 sacrorum.
711 677 748 734 Si
769 677 902 735 crimina
927 674 1146 733 discernuntur
1171 673 1205 728 iu
1221 668 1327 747 foro,

206 762 428 842 qutaliscuaque
442 757 529 837 fruti
553 770 583 816 et
602 757 763 839 protelatus
773 801 784 827 ,
806 757 985 827 (Peculatus
1006 757 1088 815 enim
1112 751 1231 812 dicitur
1246 749 1330 828 sur*

207 857 271 902 tum
290 841 329 899 dc
349 861 381 897 re
404 841 549 920 publica,
572 851 602 898 et
629 859 693 898 reon
725 840 769 899 sic
791 837 951 898 iudicatur
969 837 1163 917 surtumrci
1183 833 1328 918 privatae

204 922 361 1006 accomodo
379 921 535 1003 publicae)
554 933 671 1004 quanto
684 919 1081 980 vehementiusiudicundus
1095 929 1142 977 est
1157 913 1328 992 sacrilegus

196 1006 277 1085 sur,
301 1006 355 1086 qui
374 1001 576 1079 artsusfucrit
594 1023 656 1062 uon
671 1001 872 1083 undecunque
896 1001 1025 1071 tollere,
1048 1000 1106 1062 sed
1121 999 1161 1058 de
1182 995 1327 1056 Ecclesia

205 1087 340 1144 tollere?
363 1085 425 1166 Qui
441 1084 564 1165 aliquid
578 1083 617 1142 de
638 1084 780 1143 Ecclesia
797 1080 901 1160 aufert
917 1082 1121 1160 uelsuratur,
1143 1077 1241 1148 Iudae
1251 1097 1328 1158 per·

203 1168 271 1228 clito
293 1178 501 1248 consparatur.
540 1166 621 1226 Nota
634 1165 722 1246 quod
740 1164 863 1246 aliquid
883 1163 922 1224 de
943 1164 1088 1225 Ecclesia
1104 1162 1231 1234 tollere,
1253 1161 1327 1220 fur-

201 1259 270 1308 tum
284 1269 353 1310 esse
372 1248 483 1312 heatus
498 1248 695 1328 Augustinus
707 1256 881 1322 asseveret,
904 1255 936 1308 et
954 1255 1145 1327 patratorem
1163 1241 1242 1303 tanti
1258 1241 1329 1299 lur-

202 1332 227 1391 ti
249 1333 353 1390 furem
370 1329 560 1409 sacrilegum
574 1331 734 1411 appellet,
755 1349 883 1392 necnon
907 1337 939 1388 et
957 1329 1054 1388 Iudae
1069 1327 1196 1408 perdito
1219 1321 1330 1403 aequi,-¹

203 1423 303 1495 paret.
345 1413 387 1470 Et
407 1418 476 1492 p'ost
491 1433 609 1494 pauca:
622 1414 754 1494 Quare,
778 1410 904 1491 inquit,
926 1411 1045 1470 loculos
1060 1411 1167 1470 habuit
1186 1407 1238 1468 cui
1255 1405 1328 1462 Aa·

202 1495 264 1571 geli
280 1495 550 1569 ncinistruveruut,
571 1496 633 1554 nisi
655 1496 729 1567 asaia
747 1493 889 1553 Ecclesia
910 1492 1008 1574 ipsius
1028 1492 1147 1552 loculos
1169 1509 1241 1549 suos
1266 1487 1329 1546 ha·
1396 1545 1401 1556 ,

204 1577 308 1635 biturca
345 1576 435 1634 crat?
479 1577 563 1636 Ecce
601 1573 722 1658 quihus¹
758 1575 837 1636 tanti
867 1573 1015 1652 Doctoris
1041 1570 1242 1634 documentis
1271 1567 1328 1626 in-

204 1657 376 1731 struimur,
402 1656 478 1735 quia
505 1659 593 1737 quod
627 1659 659 1716 in
689 1656 793 1739 capite
815 1655 1006 1737 praecessit,
1028 1656 1060 1716 in
1084 1675 1216 1737 corpore
1243 1649 1327 1727 eius,

112 1755 117 1758 ·
204 1739 293 1816 quod
326 1749 374 1798 est
400 1739 561 1815 Ecclesia,
594 1741 723 1801 videtur
753 1739 930 1819 impletum.
977 1738 1077 1798 Porro
1100 1738 1263 1799 Christum
1293 1743 1329 1792 et

203 1820 380 1880 Ecclesiam
395 1841 490 1880 uncam
510 1845 676 1902 personam
693 1844 760 1883 esse
785 1839 849 1882 non
872 1821 1040 1885 nescimus.
1078 1821 1121 1880 Et
1145 1819 1217 1880 ideo
1243 1835 1328 1894 quae

204 1901 368 1962 Ecclesiae
391 1912 483 1976 sunt,
506 1904 623 1964 Christi
645 1914 733 1974 sunt;
764 1912 796 1962 et
819 1923 901 1982 qnae
934 1903 1097 1964 Ecclesiae
1125 1901 1325 1974 offeruntur,

205 1982 333 2042 Christo
350 1981 542 2052 offerentum
565 1996 598 2045 et
617 2008 698 2066 quae
723 1985 761 2044 ah
778 1984 922 2044 Ecclesia
944 1985 1011 2046 eius
1034 1985 1216 2057 tolluntur,
1247 2001 1326 2060 pro-

205 2065 260 2122 cul
280 2064 379 2124 duhio
402 2065 528 2124 Christo
546 2067 714 2133 tolluntur.
755 2069 849 2142 Esto,
871 2068 1016 2126 futurum
1034 2076 1101 2128 erat
1122 2075 1157 2125 ut
1172 2061 1327 2124 'Ecclesia

206 2145 326 2206 Christi
349 2167 492 2206 nummos
512 2147 654 2214 haberet,
683 2149 728 2214 ¹Si
748 2167 913 2226 nummos,
936 2149 1048 2230 ntique
1077 2158 1110 2209 et
1133 2145 1263 2229 praedia
1294 2153 1327 2202 et

205 2227 383 2308 mancipia,
406 2237 439 2288 et
454 2229 649 2290 diversarum
669 2231 1028 2312 specieruminnumera
1049 2236 1242 2291 ornamento.
1284 2226 1328 2284 Et

205 2309 280 2389 quia
298 2308 456 2372 inlicitum
474 2311 514 2370 sit
534 2333 570 2370 ea
585 2333 667 2392 quae
684 2315 896 2372 conseruntur
911 2313 1091 2390 Ecclesiae,
1114 2309 1251 2382 auferri,
1272 2307 1327 2367 he-

206 2392 247 2451 ati
267 2392 453 2473 Hieronymi
476 2394 642 2454 scribentis
664 2394 696 2454 in
718 2394 917 2474 expositione
940 2395 1078 2454 Mathaei
1101 2390 1324 2474 Evangelistae

207 2473 304 2534 verba
327 2473 369 2532 ita
385 2484 550 2536 testantur.
595 2475 726 2547 Orines,
748 2476 873 2556 inquit,
897 2479 952 2556 qui
967 2478 1047 2558 stipe
1076 2477 1183 2558 templi
1217 2483 1247 2532 ct
1275 2473 1325 2530 leis

206 2575 283 2637 qrtae
301 2554 551 2636 conseruntnria
569 2579 640 2616 usus
654 2557 831 2629 Ecclesiae,
861 2559 1029 2618 abutuntur
1059 2559 1092 2621 ia
1116 2559 1186 2618 aliis
1214 2555 1323 2622 rebus,

205 2638 315 2715 artibus
335 2659 422 2696 suam
443 2640 591 2716 expleant
608 2640 799 2700 voluntatem
808 2684 820 2711 ,
851 2641 967 2698 similes
991 2653 1071 2698 suut»
1089 2639 1270 2700 Scribarum
1295 2645 1326 2692 el

205 2717 411 2778 Sacerdotem
427 2720 647 2781 redimentium
658 2721 851 2780 mendacium
877 2734 908 2780 et
936 2723 1115 2800 sanguinem
1137 2718 1325 2780 Salvatoris.

249 2821 345 2904 Quod
368 2825 518 2908 quicquid
539 2824 676 2906 offertur
697 2826 848 2902 Domino,
874 2837 1011 2885 sanctum
1032 2825 1217 2887 Sanctorum
1231 2825 1283 2901 sit,
1304 2842 1305 2848 ¹

275 2907 277 2912 ’
480 2921 510 2965 et
526 2909 570 2966 ad
589 2909 637 2965 ius
653 2909 809 2991 pertineat
829 2907 1044 2967 Sacerdotum.

287 2984 445 3053 CCCCV.
486 2989 575 3048 Nulli
591 2989 686 3052 liceat
702 2989 848 3067 ignorare
869 2989 956 3070 quod
973 3009 1065 3048 omne
1080 2985 1168 3069 quod
1184 2988 1324 3049 Domino

202 3079 429 3146 consecratur,
451 3069 519 3131 sive
543 3071 638 3131 homo
654 3071 772 3145 fuerit,
795 3072 862 3132 sive
881 3071 1019 3149 animal,
1055 3071 1119 3130 sive
1144 3091 1238 3153 ager,
1269 3071 1324 3132 vel

201 3151 358 3230 quicquid
378 3153 474 3212 semel
493 3154 593 3214 luerit
618 3161 859 3229 consecratum,
882 3165 1025 3216 sanctum
1055 3155 1237 3212 sanctorum
1263 3153 1327 3213 erit

201 3233 363 3309 Domino,
387 3244 419 3293 et
437 3234 475 3294 nd
491 3235 540 3294 ius
557 3236 697 3317 pertinet
714 3237 936 3306 Sacerdotum3
960 3243 1092 3318 propter
1117 3235 1207 3316 quod
1227 3235 1343 3322 inex-l

201 3314 349 3374 cusahilis
373 3316 435 3376 crit
453 3318 555 3378 omnis
575 3317 632 3399 qui
655 3339 692 3378 ea
715 3317 853 3376 Domino
869 3327 901 3376 et
919 3319 1099 3393 Ecclesiae,
1129 3317 1183 3377 cni
1200 3337 1326 3398 compe·

202 3404 295 3473 tunt,
318 3400 443 3474 aufert,
467 3410 585 3475 vastat,
607 3400 750 3474 invadit,
773 3400 826 3460 vel
846 3398 976 3482 diripit,
998 3399 1157 3480 usquead
1178 3400 1327 3459 emenda-

198 3478 321 3538 tionem
338 3479 565 3561 Ecclesiaeque
586 3481 851 3543 satisfactionem:
874 3491 905 3542 et
919 3483 1005 3564 qnod
1025 3484 1065 3543 sit
1077 3479 1262 3563 sacrilegus,
1292 3489 1325 3542 et

199 3581 264 3620 non
284 3571 407 3620 tantum
423 3565 615 3646 sacrilegus,
638 3565 694 3624 sed
713 3565 807 3624 ctiam
826 3564 879 3622 fur
897 3565 1077 3646 sacrilegus.
1163 3635 1166 3642 .
1239 3573 1241 3578 ’

218 3666 331 3725 Datis
353 3669 512 3748 sacrilegis
529 3671 583 3751 qui
601 3669 760 3729 Ecclesiae
782 3670 906 3750 eiusque
924 3669 1147 3730 Sacerdotibus
1168 3670 1317 3738 iniurias

301 3771 305 3778 ·
683 3750 832 3828 inserunt.
1241 3811 1242 3815 ,

282 3828 458 3894 CCCCVI.
501 3833 533 3893 si
553 3832 624 3913 quis
650 3832 682 3892 in
700 3832 761 3892 hoc
782 3855 882 3914 genus
899 3831 1057 3912 sacrilegii
1075 3833 1266 3912 proruperit,
1284 3842 1321 3893 ut

175 3979 176 3982 Ἰ
197 3911 230 3971 in
246 3913 405 3976 Ecclesias
422 3935 594 3996 earumque
615 3935 668 3976 res
690 3916 837 3992 inruens,
861 3914 1084 3978 Sacerdotibus
1112 3915 1319 3992 etMinistris,

197 3996 250 4054 vel
277 3997 346 4077 ipso
367 3997 468 4056 cultui
485 3999 640 4077 locoque,
663 3997 787 4078 aliquid
808 3998 957 4080 importet
979 3997 1115 4059 iniuriae
1132 3999 1183 4058 vel
1202 3999 1321 4059 inferat

196 4077 235 4134 ud
259 4077 360 4136 divini
376 4080 481 4140 cultus
497 4080 666 4156 iniuriam,
687 4081 899 4142 inconvictos
916 4082 983 4142 sive
1004 4081 1164 4140 confessos
1181 4101 1253 4140 reos
1270 4101 1321 4138 ca·

194 4159 285 4240 pituli
304 4162 462 4221 sententia
477 4163 603 4223 noverit
620 4163 858 4226 vindicandum.
899 4165 966 4224 Nec
980 4172 1167 4243 expectetur
1181 4161 1319 4245 utEpis·

194 4262 293 4324 copus
314 4241 449 4304 iniuriae
470 4246 618 4328 propriae
641 4246 798 4308 ultionem
819 4247 984 4331 deposcat,
1017 4245 1069 4307 cui
1091 4245 1239 4308 sanctitas
1266 4245 1319 4327 ig-
