2926 4986
224 295 298 382 700
650 309 935 376 cusrutsuuu

271 449 313 518 Ut
327 449 501 540 Episcopus
522 465 594 522 aute
608 456 721 518 iustam
740 451 956 538 definitionem
978 443 1155 509 nuliatenus
1172 437 1313 520 propria

619 548 773 622 potestate
793 535 949 618 privetur.

301 631 507 702 IXXXVII.
560 638 669 702 Adimt
704 639 866 723 Episcopo
894 633 1131 717 episcopatum,
1177 613 1349 702 antequem

218 741 332 783 causae
344 720 412 782 eius
426 720 530 784 exitus
545 729 704 804 appareat,
715 719 798 784 nulli
812 718 994 782 Christiano
1009 711 1111 774 videri
1133 709 1204 770 iure
1222 700 1350 790 potest.

377 820 418 886 Ut
441 823 523 885 nulli
537 830 706 889 criminoso
723 825 815 887 liccat
833 843 977 886 accusare
997 818 1196 904 Episcopum.

299 925 521 997 LXXXVIII.
560 930 754 1016 Episcopum
771 929 855 991 nulli
876 925 1046 990 criminoso
1065 921 1163 982 liceat
1186 930 1352 978 accusare»

299 1057 301 1062 ¹
364 1034 413 1094 De
427 1035 567 1096 Primate
586 1039 619 1099 ia
631 1039 826 1098 accusatione
844 1030 994 1122 Episcopi
1007 1022 1194 1114 expetendo.

300 1137 488 1205 LXXXIX.
530 1142 565 1202 Si
597 1142 669 1226 quis
696 1141 872 1226 Episcopus
892 1146 1078 1212 accusatur,
1118 1131 1159 1192 ad
1191 1125 1346 1191 Primores

216 1219 317 1304 ipsius
332 1221 519 1306 provinciae
535 1245 660 1288 caueam
676 1226 744 1288 eius
764 1225 888 1285 deferat
905 1227 1079 1281 accusator.

430 1327 474 1391 Ut
498 1341 664 1392 accusator
690 1327 854 1416 culpabilis
874 1345 937 1389 non
956 1323 1138 1409 recipiatur.

302 1431 374 1499 XC.
418 1433 452 1494 si
472 1435 662 1498 accusatoris
676 1453 810 1520 persona
829 1433 863 1493 in
879 1430 1000 1492 indicia
1023 1428 1246 1520 episcoppfum
1273 1427 1346 1488 nuk

215 1515 332 1611 pupilis
354 1517 553 1612 apparuerit,
576 1519 616 1580 ad
630 1518 829 1603 arguendum
846 1535 912 1576 non
925 1513 1109 1575 admittatur
1125 1529 1189 1568 n1s1
1210 1508 1251 1569 de
1266 1529 1345 1592 prot

216 1619 294 1683 prus
313 1619 424 1685 causis.

377 1699 417 1762 Ut
433 1725 521 1765 nemo
540 1699 765 1765 ecclesiasticus
782 1699 949 1786 testificari
962 1693 1176 1782 compellatur.

297 1803 388 1868 XCI.
428 1809 470 1868 Ut
485 1808 575 1870 nulla
593 1809 632 1870 ad
646 1807 827 1872 testimonia
841 1804 1014 1870 dicendum
1034 1783 1252 1865 Ecclesiastici
1283 1823 1348 1864 οη·

216 1885 348 1948 inslibct
368 1887 516 1971 pulsetur
531 1913 677 1973 persona.

569 1995 618 2056 Dc
637 1995 777 2058 Concilio
805 1993 986 2060 uniuersali.

240 2177 247 2193 ·
294 2094 407 2242 ἔξω.
448 2084 630 2161 Concilium
647 2099 829 2164 universale
847 2119 936 2179 non,·
958 2097 1021 2161 uisi
1045 2094 1257 2176 necessitate,
1290 2095 1347 2157 ia·

215 2201 290 2242 cren
316 2202 379 2247 um.
602 2203 605 2210 ·
770 2217 772 2224 ·

578 2283 748 2348 Detonsis
773 2285 971 2372 specialibus.
1033 2269 1036 2274 ¹

276 2385 282 2394 '
298 2389 423 2454 XCIII.
463 2393 584 2456 Causae
601 2413 682 2478 quae
703 2415 887 2456 communes
912 2412 976 2454 uon
1002 2399 1078 2454 sunt
1086 2435 1099 2465 ,
1121 2390 1156 2452 in
1175 2389 1244 2464 suis
1258 2410 1347 2474 pro--

216 2474 334 2538 vinciis
354 2475 547 2536 iudicentur.

270 2578 312 2640 Ut
329 2581 592 2664 Metropolitanus
609 2583 644 2642 in
657 2581 784 2642 alterius
802 2580 969 2662 prouincia
998 2577 1078 2638 nilu‘i
1094 2591 1285 2666 praesumat.

297 2683 420 2746 XCIV.
462 2689 680 2769 Unaquaeque
699 2687 865 2768 provincia
882 2708 938 2746 suo
959 2685 1208 2765 Metropolitano
1226 2693 1261 2744 et
1273 2683 1342 2746 suis

212 2767 537 2847 comprovincialibus
555 2770 720 2850 Episcopis
747 2770 787 2830 sit
805 2777 970 2841 contenta,
994 2789 1053 2827 uec
1069 2767 1184 2849 aliquIs
1202 2766 1236 2825 iu
1255 2766 1341 2826 limi·

213 2850 299 2910 tibus
321 2851 651 2932 alteriusprovinciac
668 2851 840 2932 quicquam
859 2859 1046 2932 praesumat.
1314 2851 1319 2863 '

362 2953 405 3044 Ut
429 2956 713 3016 contradicentibus
742 2979 806 3018 non
827 2956 990 3016 ordinetur
1009 2955 1192 3038 Episcopus.

295 3056 398 3121 XCV.
439 3059 627 3121 Nolentibus
646 3061 779 3123 Clericis
802 3062 853 3122 vel
875 3061 1111 3143 populis.ne1no
1129 3060 1338 3142 debctEpis-

212 3161 312 3223 copus
328 3141 479 3201 ordinari.
524 3143 572 3202 Sit
589 3142 722 3204 facultas
739 3144 871 3204 Clericis
889 3143 1051 3202 renitendi
1064 3187 1078 3216 r
1093 3141 1118 3202 si
1140 3164 1172 3202 sc
1192 3142 1339 3203 viderint

212 3223 423 3306 praegravari.
465 3225 506 3286 Et
531 3247 610 3306 quus
629 3246 668 3286 ex
690 3237 867 3288 transverso
891 3224 1116 3307 cognoverint,
1150 3245 1216 3283 nou
1238 3225 1336 3286 time.
1381 3279 1383 3286 .

213 3315 270 3364 ant
293 3307 444 3366 refutare.
1236 3327 1240 3338 ·
1316 3329 1319 3340 ·

234 3407 330 3491 Quod
349 3423 411 3470 tres
426 3409 577 3498 Episcopi
591 3425 757 3555 praecEepto
779 3409 1014 3495 Arclu’episcopi
1027 3409 1175 3472 ordinare
1188 3411 1313 3496 possint

699 3515 870 3579 PISCOJJIWI.

291 3591 414 3656 XCVI.
454 3594 488 3658 Si
501 3599 669 3660 necessitas
682 3599 799 3675 fuerit,
819 3609 882 3659 tres
891 3597 1039 3680 Episcopi
1049 3640 1063 3675 ,,
1082 3597 1114 3656 in
1135 3620 1331 3684 quocunqne

210 3677 283 3740 loco
299 3677 627 3763 sint,ll1·clsiepisc0pi
644 3693 813 3763 praecepto
826 3681 973 3742 ordinare
991 3682 1336 3768 possuntEpiscopum.

406 3786 456 3845 De
484 3787 729 3847 contradictione
757 3789 964 3848 ordinationis
981 3787 1139 3872 Episcopi.
1205 3793 1208 3798 '
1313 3785 1317 3799 '

292 3889 431 3954 XCVII.
473 3893 508 3952 si
529 3894 566 3952 de
586 3893 786 3952 ordina-tione
810 3891 959 3973 Episcopi
992 3893 1089 3952 fuerit
1118 3895 1336 3958 contradictio

210 3977 338 4050 oliorta,
362 3997 427 4034 non
445 3986 645 4056 praesumant
664 3977 703 4034 ad
716 3977 915 4056 purgandum
931 3995 1004 4032 etim
1019 3976 1074 4054 qui
1093 3979 1258 4050 ordinatus
1284 3981 1333 4040 est

207 4067 273 4118 tres
293 4058 366 4133 ium,
391 4059 447 4118 sed
466 4058 645 4139 postuletur
661 4059 700 4118 ud
721 4079 889 4115 nttmerum
911 4079 992 4117 unus
1011 4059 1143 4118 volouo
1166 4060 1330 4122 incudem

207 4139 302 4222 plcloc
325 4138 378 4198 cui
392 4140 587 4200 ordinandus
610 4149 665 4200 est.
708 4139 927 4210 Discutiuntur
947 4160 1021 4220 ergo
1045 4140 1148 4222 primo
1170 4163 1329 4224 personae

209 4217 514 4282 contradicentium:
533 4229 694 4304 postremo
713 4240 788 4284 vero
808 4220 864 4282 illa
885 4237 966 4304 quac
987 4221 1155 4302 obiciunt,
1183 4233 1328 4307 pertrac-
