2910 4984
211 253 286 352 §aa
607 273 915 344 ,caniturarum

214 413 370 479 namhoc
390 425 591 496 summopere
612 414 847 496 providendum
873 423 921 480 est
941 436 1008 495 no,
1036 424 1207 501 antequam
1226 419 1343 483 omnia

211 501 293 561 baec
314 499 408 571 fiant,
431 505 558 560 coactus
577 498 786 578 respondeat,
808 499 884 582 quia
898 499 1062 561 contentio
1081 521 1207 583 semper
1226 502 1340 563 vitan-

213 584 252 644 da
267 591 323 645 est.
365 579 471 640 Adimi
489 599 626 660 namque
639 579 797 662 Episcopo
817 583 1043 664 episcopatum,
1066 593 1237 665 antequam
1257 607 1341 646 cau-

212 687 264 726 sae
284 665 353 724 eius
373 662 476 722 exitus
496 671 659 743 appareat,
682 664 766 724 nulli
790 664 972 726 Christiano
999 663 1104 724 rideri
1124 664 1193 725 iure
1219 677 1338 748 potest.

213 746 310 824 Quod
327 745 352 806 si
366 755 529 824 aegrotans
542 743 641 806 fucrit
655 745 849 829 Episcopus,
872 756 928 806 aut
944 746 1052 827 aliqua
1068 767 1142 807 eum
1155 748 1261 829 gravis
1278 771 1339 809 ne·

213 829 340 891 cessitas
361 827 553 903 detinuerit,
574 846 633 907 pro
648 847 681 886 se
697 827 836 908 legatum
861 827 902 888 ad
927 827 1084 910 synodum
1102 829 1215 890 mittat.
1264 832 1337 892 Nec

212 908 470 972 licommnnione
486 909 696 990 suspendatur
711 909 764 970 cui
778 910 898 970 crimen
915 910 1106 988 intenditur,
1123 911 1184 971 nisi
1202 911 1241 971 ad
1259 935 1337 973 cau-

211 1015 277 1055 sam
296 1013 384 1052 suam
409 991 577 1050 dicendam
611 991 785 1050 electorum
813 992 961 1053 iudicum
988 991 1038 1053 die
1070 1003 1187 1054 statuta
1214 993 1335 1056 litteris

211 1083 361 1136 evocatus
377 1073 507 1131 minime
523 1073 714 1143 occurrerit,
737 1073 798 1136 hoc
826 1083 887 1151 est,
912 1073 974 1134 nisi
998 1075 1060 1135 alia
1078 1095 1338 1159 praeoccupave-

209 1158 252 1218 rit
268 1155 456 1230 necessitas,
479 1155 564 1215 inira
579 1155 715 1236 spatium
736 1156 872 1216 duorum
890 1157 943 1216 vel
967 1156 1065 1216 trium
1089 1157 1266 1235 mensium,
1300 1167 1336 1218 et

209 1262 249 1300 eo
266 1238 418 1318 amplius,
441 1248 536 1318 prout
551 1261 642 1298 causa
659 1237 837 1304 dictaverit.
879 1239 974 1316 Quod
992 1239 1017 1300 si
1034 1261 1074 1300 ex
1088 1248 1223 1319 utraque
1240 1249 1333 1323 parte

209 1322 249 1382 ad
273 1341 398 1382 causam
415 1319 583 1380 dicendam
609 1320 776 1398 venerint,
798 1321 874 1404 quia
891 1342 974 1382 unus
999 1321 1117 1402 absque
1147 1323 1248 1382 altero
1271 1343 1333 1382 au-

209 1403 272 1464 diri
295 1423 359 1462 non
380 1401 497 1478 dehet,
519 1403 739 1482 quaerendum
755 1413 800 1463 cst
817 1405 848 1462 in
865 1404 985 1462 iudicio
1004 1403 1096 1464 cuius
1117 1403 1182 1463 sint
1195 1425 1331 1465 conver-

208 1485 340 1547 sationis
357 1493 389 1544 et
404 1484 476 1544 fidei
503 1493 598 1566 atque
615 1485 804 1566 suspicionis
824 1495 1036 1562 accusatores,
1060 1493 1114 1544 aut
1134 1507 1198 1566 qua
1218 1486 1331 1560 inten-

208 1568 296 1628 tione
318 1566 379 1627 hoc
400 1566 531 1638 saciant,
555 1566 630 1649 quia
651 1567 690 1627 ad
711 1567 772 1627 hoc
795 1568 918 1628 admitti
936 1587 1000 1628 non
1022 1568 1140 1628 debent
1154 1564 1330 1629 nisibonae

209 1648 461 1713 conversationis
477 1658 508 1708 et
523 1659 628 1709 rectae
649 1648 723 1709 fidei
743 1650 822 1728 viri,
847 1661 878 1711 et
897 1650 953 1731 qui
972 1651 1057 1709 omni
1080 1643 1262 1730 suspicione
1280 1671 1332 1710 ca·

207 1741 319 1807 reant,
342 1739 374 1791 et
395 1731 479 1790 bona
494 1730 558 1791 vita
575 1732 865 1814 clareant,'neque
883 1733 1016 1792 infames
1034 1731 1179 1792 existant.
1203 1765 1207 1774 ·
1231 1731 1331 1808 Quod

208 1815 235 1876 si
256 1822 474 1874 accusatorum
502 1831 657 1894 personae
691 1814 724 1873 in
760 1815 1127 1896 iudicioEpiscoporum
1151 1813 1330 1896 culpabiles

209 1895 434 1978 apparuerint,
457 1896 497 1954 ad
521 1895 721 1978 arguendum
751 1919 815 1957 non
843 1897 1066 1972 admittantur,
1098 1895 1160 1956 nisi
1182 1896 1330 1978 proprias

209 1999 337 2053 causas,
360 1987 546 2037 nontamen
570 1977 750 2039 criminales
779 1981 832 2041 uel
862 1979 1108 2055 ecclesiasticas,
1139 1977 1331 2038 obiecerint.

207 2061 339 2122 Infamis
355 2057 442 2118 enim
455 2079 589 2140 persona
606 2081 666 2119 nec
683 2071 869 2142 procurator
884 2071 985 2142 potest
1004 2082 1096 2136 esse,
1125 2082 1186 2120 nec
1213 2059 1330 2141 cogni-

184 2153 268 2207 ·tor.
309 2139 447 2202 Absente
462 2163 538 2202 vero
554 2141 758 2220 adversario,
781 2166 844 2204 non
877 2143 1024 2204 audiatur
1054 2152 1231 2211 accusator;¹
1264 2163 1329 2204 nec

207 2223 383 2297 sententia,
406 2223 535 2282 absente
559 2231 648 2303 parte
676 2224 758 2302 alia,
788 2227 805 2286 ia
839 2225 949 2287 ludica
980 2225 1065 2286 dicta
1083 2223 1182 2284 ullam
1205 2223 1332 2286 obtine·

206 2309 256 2369 bit
271 2305 475 2375 ,firmitatem3
498 2326 603 2386 neque
619 2307 730 2368 absens
746 2329 805 2388 per
825 2307 924 2368 alium
945 2327 1092 2368 accusare
1112 2316 1167 2366 aut
1185 2307 1333 2366 accusari

206 2397 334 2474 potest,
357 2408 416 2446 nce
432 2386 533 2447 affinis
551 2386 637 2450 testis
661 2387 794 2455 admitti,
834 2391 1003 2450 Neminem
1017 2410 1093 2470 ergo
1115 2387 1261 2448 exbiberi
1288 2388 1331 2448 de

206 2469 371 2555 provincia
393 2469 432 2528 ad
446 2468 644 2549 provinciam
663 2471 716 2532 vel
743 2473 782 2532 ad
808 2472 992 2533 comitatum
1022 2481 1166 2554 oportet,
1196 2469 1257 2530 nisi
1289 2469 1334 2530 ad

205 2553 396 2615 relationem
410 2550 528 2611 Iudicis
544 2551 584 2610 ad
610 2574 707 2633 quem
723 2553 821 2614 suerit
839 2554 1053 2638 appellatum,
1076 2553 1108 2612 id
1128 2561 1192 2628 est,
1215 2562 1251 2612 ut
1280 2573 1335 2611 ac-

206 2646 258 2696 tor
272 2654 398 2714 semper
416 2633 462 2692 rei
482 2634 587 2693 forum
607 2645 768 2716 sequatur.
810 2635 843 2696 Si
870 2636 942 2716 quis
965 2645 1072 2695 antem
1097 2635 1241 2694 Iudicem
1273 2633 1335 2693 ad-

205 2738 334 2780 versum
351 2715 409 2776 sibi
426 2714 571 2791 senserit,
580 2738 693 2777 vocem
707 2717 931 2802 appellationis
954 2717 1114 2794 exhibeat,
1129 2737 1226 2798 quam
1245 2714 1335 2776 nulli

206 2809 332 2882 oportet
346 2797 465 2880 negari.
506 2799 548 2857 Et
565 2799 699 2880 reliqua.

210 2907 252 2968 Ut
272 2904 428 2967 accusatio
453 2901 643 2963 Clericorum
664 2905 750 2964 intra
766 2901 1065 2988 provinciamfiat,
1087 2905 1149 2964 nisi
1161 2899 1252 2983 forte
1274 2922 1335 2962 ac.

387 2998 511 3044 cassatus
531 2985 680 3044 maiorem
702 2987 906 3068 appellaverit
927 2989 1151 3046 auctoritatem.

287 3065 415 3130 XVlll.
460 3066 493 3125 Si
520 3066 592 3146 quis
619 3069 764 3128 Clericus
786 3089 884 3149 super
912 3068 1110 3149 quibuslibet
1143 3062 1334 3125 criminibus

204 3151 349 3238 pulsatus
365 3148 463 3207 fuerit
480 3148 512 3206 in
528 3148 694 3230 provincia
715 3173 778 3233 qua
795 3149 939 3210 consistit
953 3151 1007 3210 ille
1021 3152 1077 3231 qui
1092 3150 1247 3231 pulsatur,
1258 3167 1334 3207 suas

205 3242 315 3303 exerat
337 3232 494 3300 actiones3
518 3251 577 3291 nec
601 3233 745 3294 aestimet
774 3254 848 3292 eum
876 3235 1040 3292 accusator
1067 3254 1142 3293 suus
1168 3228 1243 3290 alibi
1277 3237 1335 3287 aut

178 3355 182 3362 -
208 3317 337 3396 longius
358 3311 608 3394 pertrahendum
635 3315 674 3374 ad
701 3313 866 3392 iudicium,
917 3315 970 3375 llli
998 3335 1075 3375 vero
1101 3313 1157 3394 qui
1186 3312 1336 3393 pulsatus

205 3399 324 3473 tuerit,
346 3397 373 3456 si
390 3395 533 3454 Iudicem
553 3405 734 3477 suspectum
749 3395 915 3473 habuerit,
936 3397 1033 3486 liceat
1052 3396 1224 3478 appellare.

490 3500 532 3562 Ut
551 3503 716 3583 peregrina
739 3503 859 3562 iudicia
881 3523 943 3564 non
953 3499 1053 3585 fiant.
1115 3512 1117 3514 ’

286 3608 376 3672 xlx.
411 3605 592 3686 ,Peregrina
614 3607 734 3668 iudicia
755 3607 898 3690 generali
921 3607 1085 3670 sanctione
1109 3605 1332 3678 inhibuimus;
1356 3677 1359 3682 .

204 3694 281 3778 quia
301 3691 473 3771 indignum
490 3697 536 3748 est
557 3697 592 3748 ut
611 3690 650 3748 ab
667 3690 809 3770 externis
827 3690 989 3750 iudicetur
1008 3691 1064 3773 qui
1080 3690 1334 3774 provinciales&

204 3801 237 3840 se
258 3778 378 3838 clectos
394 3772 490 3832 dehet
509 3769 625 3832 babere
644 3773 780 3858 ludices.
826 3772 988 3855 V11.309.

210 3885 251 3947 Ut
273 3883 375 3942 nullus
403 3877 666 3958 Metropolitanus
696 3877 872 3961 aliquorum
902 3875 1114 3962 Pontificum,
1144 3893 1336 3956 seorsumque

205 3967 401 4037 Clericorum
423 3971 475 4019 aut
496 3959 732 4031 Ecclesiarum,
768 3981 878 4020 caicsas
913 3958 1022 4020 audiat
1052 3960 1165 4038 absque
1192 3977 1338 4016 anartium

115 4111 120 4120 ,
205 4042 515 4130 comprovincialium
536 4041 767 4123 Episcoporum
797 4043 985 4125 praesentia.
1028 4043 1085 4107 Ex
1112 4037 1242 4114 Synodo
1272 4038 1340 4099 Ro·

577 4143 669 4182 anana
691 4125 802 4196 tertia,
826 4146 893 4205 cap.
914 4143 957 4182 vr.

291 4205 366 4269 XX.
408 4204 524 4267 Nullus
541 4205 806 4288 metropolitanus
820 4207 1017 4290 Episcopus„
1044 4203 1163 4287 absque
1186 4208 1339 4266 caetero·
