2926 4986
497 367 655 427 annino
690 368 880 429 secunus.
989 349 991 356 ’
1165 345 1237 421 789

254 510 301 571 De
325 510 414 589 Regis
434 508 601 583 uocabulo,
625 519 656 570 et
676 507 779 594 qualis
800 533 865 571 esse
888 507 999 574 debeat
1018 513 1095 596 ipse.

186 621 322 692 XXIV.
364 629 408 688 Ut
426 625 507 707 quid
527 625 597 688 Rex
619 625 723 686 dictos
746 627 798 702 sit,
821 626 962 688 Isidorus
986 627 1019 686 in
1050 627 1134 687 libro
1155 627 1239 688 Seu·

112 708 286 771 tentiarum
306 708 427 775 scribit.
467 709 536 772 Rex
565 708 671 785 enim,
695 708 821 791 inquit,
844 711 861 772 b
882 718 970 770 reete
996 710 1121 792 agendo
1145 731 1241 770 roca·
1302 705 1365 772 sis·
1450 706 1451 738 l

112 801 177 854 tur.-
219 789 254 852 si
277 791 362 852 enim
380 791 432 872 pie
451 799 484 852 et
506 790 590 854 iuste
614 798 646 852 et
667 789 919 854 misericorditer
943 791 1018 874 agit,
1040 791 1155 852 merito
1171 792 1242 850 Rex

113 874 305 956 appellatur.
324 888 326 896 ’
348 874 382 938 si
404 872 454 934 lais
476 868 626 952 caruerit,
649 896 714 934 non
735 875 893 951 Rex„sed
914 883 1068 957 tyrannus
1093 883 1148 934 est.
1179 871 1244 932 An-

113 955 198 1037 tiqui
222 959 398 1030 autem,'.ut
426 955 511 1017 idem
532 957 672 1018 Isidorus
700 957 733 1015 in
756 956 840 1018 libro
867 957 1142 1040 Etymologiarum
1165 953 1243 1016 scri-

113 1037 172 1116 hie,
199 1061 309 1099 omnes
328 1040 431 1120 Reges
451 1041 618 1122 Tyrannos
636 1039 804 1105 vocabant.
846 1041 910 1101 Sed
925 1049 1034 1121 postea
1049 1039 1102 1120 pie
1127 1049 1160 1099 et
1177 1037 1255 1101 iuss

113 1130 146 1182 te
169 1131 202 1182 et
221 1119 471 1182 misericorditer
492 1131 653 1204 regentes,
675 1121 771 1206 Regis
796 1137 870 1182 sunt
892 1143 1013 1182 nomen
1035 1121 1159 1204 adepti3
1183 1119 1244 1178 inl-

115 1202 169 1285 pie
192 1224 288 1281 vero,
312 1202 448 1281 iniuste,
479 1203 722 1286 crudeliterque
743 1203 1019 1286 principantibus,
1048 1225 1114 1263 non
1137 1201 1244 1282 Regis,

115 1285 172 1348 sed
196 1285 398 1367 tyrannicum
424 1295 564 1381 aptatum
584 1297 630 1347 est
650 1309 777 1348 nomen.
821 1287 914 1347 Unde
940 1296 972 1348 et
994 1285 1106 1346 heatus
1127 1288 1247 1365 Grego·

116 1367 184 1428 rius
208 1367 253 1426 ait
273 1367 308 1426 in
338 1369 530 1446 Moralrbuss
563 1368 658 1430 Vires
687 1390 818 1453 namque
842 1381 965 1430 sanctos
984 1367 1120 1451 proinde
1149 1367 1246 1446 Reges

117 1450 224 1510 vecari
242 1451 279 1514 in,
297 1452 396 1510 sacris
416 1451 548 1534 eloquiis
571 1451 752 1528 didicimus,
775 1473 810 1511 eo
831 1451 920 1534 quod
939 1465 1022 1512 recte
1043 1458 1149 1530 agant,
1173 1469 1247 1522 sen-

117 1551 228 1612 susque
249 1535 399 1614 proprios
422 1533 498 1594 bene
522 1545 643 1614 regant,
667 1547 697 1594 et
723 1548 823 1594 azotus
846 1535 1024 1594 resistentes
1067 1535 1127 1594 sibi
1146 1530 1252 1590 ratio-

117 1613 216 1676 nabili
237 1613 427 1677 discretione
454 1628 653 1700 componant.
695 1617 787 1676 Recte
811 1618 909 1696 igitur
929 1616 981 1674 illi
1001 1616 1110 1688 Reges
1127 1633 1247 1673 uocan-
1277 1683 1283 1702 ‚

117 1708 181 1767 tur,
203 1697 259 1779 qui
278 1711 342 1756 tam
364 1699 546 1780 semetipsos
559 1719 652 1779 qriam
666 1699 820 1762 subiectos
840 1699 915 1760 bene
938 1697 1075 1776 regendo
1091 1693 1247 1778 pacifica-

117 1790 338 1839 renovarunt.
379 1778 429 1840 Ad
452 1779 533 1861 qnid
551 1779 648 1840 etiam
667 1781 860 1843 constitutus
886 1780 927 1842 sit
949 1773 1246 1860 Imperator,·Ful·

118 1859 297 1940 gentius'in
318 1860 415 1922 Libro
438 1861 477 1923 de
505 1862 638 1926 veritate
660 1863 962 1946 praedestinationis
983 1860 1148 1944 sigradae
1173 1855 1249 1918 scri·

116 1939 180 2002 bit:
208 1941 471 2004 Clementissimus
497 1964 618 2026 quoque
639 1947 818 2030 Imperator
835 1967 897 2005 non
915 1945 990 2004 ideo
1014 1956 1061 2004 est
1078 1964 1136 2006 uas
1157 1940 1248 1998 mise·

119 2022 279 2086 ricordiae
294 2040 517 2110 praeparatum
529 2028 563 2086 in
578 2029 693 2106 gloria,
717 2029 790 2108 quia
806 2029 925 2111 apicem
948 2028 1068 2085 terreni
1080 2023 1246 2110 priucipa-

69 2167 72 2172 ,
119 2119 168 2166 tus
189 2107 321 2189 accepit,
343 2108 401 2179 sed
417 2110 445 2167 si
461 2111 494 2168 in
507 2110 666 2193 imperiali
680 2111 812 2182 culmine
828 2108 991 2192 reetafide
1007 2110 1102 2185 vivat,
1125 2118 1156 2165 et
1168 2122 1247 2164 vera

118 2187 407 2254 cordisbumilitate
418 2190 595 2274 praeditus,
613 2193 735 2253 culmen
750 2194 852 2272 regiae
869 2191 1032 2270 dignitatis
1049 2200 1173 2250 sanctae
1194 2205 1246 2244 re·

117 2269 231 2348 ligioni
251 2272 395 2331 subiiciat
401 2297 414 2342 ;
435 2275 464 2332 si
481 2274 577 2352 magis
598 2276 632 2334 in
653 2276 765 2338 timore
787 2274 906 2333 seruire
925 2275 1007 2344 Deo,
1029 2293 1121 2354 quam
1142 2271 1174 2328 in
1195 2278 1246 2324 ta-

119 2373 205 2412 more
225 2351 383 2414 dominari
403 2355 520 2437 populo
539 2355 712 2416 delectetur
717 2381 730 2426 ,·
755 2357 838 2416 siin
858 2377 894 2416 eo
916 2355 1029 2415 lenitas
1047 2350 1245 2413 iracundiam

119 2433 252 2513 mitigat,
275 2449 367 2496 ornat
390 2437 562 2516 benignitas
578 2450 764 2521 potestatem
770 2463 783 2508 ;
813 2439 841 2496 si
863 2458 896 2495 se
918 2438 1016 2514 magis
1037 2431 1244 2515 diligendum,

117 2537 210 2598 quam
230 2518 428 2578 metuendum
446 2521 565 2581 cunctis
587 2520 755 2590 exhibeam
777 2522 805 2579 si
822 2520 966 2580 subiectis
980 2519 1156 2592 salubriter,
1169 2531 1244 2574 cou-

116 2599 201 2658 sulat
209 2624 222 2669 ,·
242 2602 272 2659 si
291 2603 443 2661 iustitiam
465 2604 509 2664 sic
529 2615 644 2675 teneat,
667 2615 702 2668 ut
719 2600 968 2662 misericordiam
987 2622 1050 2661 non
1068 2598 1227 2677 relinquat
1234 2617 1246 2660 ,·

117 2681 146 2742 si
171 2702 249 2760 prae
268 2685 409 2745 omnibus
428 2685 473 2744 ita
493 2707 525 2744 se
546 2698 671 2745 sanctae
688 2686 796 2745 matris
814 2681 975 2743 Ecclesiae
995 2681 1166 2741 catholicae
1184 2695 1246 2734 me-

117 2765 243 2824 minerit
254 2763 377 2848 filium,
399 2781 433 2826 ut
458 2769 524 2826 eius
542 2769 616 2850 paci
635 2780 726 2847 atque
745 2765 968 2849 tranquillitati
988 2785 1049 2844 per
1069 2763 1245 2821 uniuersum

117 2845 265 2906 mundum
272 2847 424 2930 prodesse
443 2847 641 2930 suumfaciat
653 2851 876 2933 principatum.
918 2847 1022 2924 Magis
1039 2846 1121 2904 enim
1137 2841 1244 2901 Claris-

118 2930 238 2998 tianum
267 2933 387 3008 regitur
406 2952 444 2991 ae
464 2943 660 3015 propagatur
682 2928 936 3011 imperiumkdum
957 2927 1165 2987 ecclesiastico
1184 2935 1245 2981 sta·

118 3011 165 3069 tui
185 3030 379 3090 peromnem
403 3027 520 3073 terram
539 3014 723 3084 consulitur,
746 3032 840 3095 quam
859 3033 928 3071 cum
944 3013 978 3069 in
997 3022 1088 3092 parte
1106 3025 1245 3089 quacun·

118 3111 177 3171 qaae
194 3104 349 3150 terrarum
366 3116 426 3175 pro
450 3095 618 3178 temporali
637 3096 801 3155 securitate
820 3104 986 3173 pugnatur.
1030 3091 1121 3150 Unde
1142 3098 1174 3148 et
1188 3085 1246 3148 lsi·

119 3171 216 3232 dorus
242 3173 372 3233 scribit:
403 3178 569 3260 Principes
586 3197 717 3258 namque
736 3177 834 3236 seculi
850 3194 1070 3254 nonnunquam
1087 3175 1170 3231 intra
1185 3169 1245 3228 Ee·

117 3253 244 3314 alesiam
265 3261 430 3338 potestatis
453 3257 584 3340 adeptae
607 3260 744 3334 culmina
769 3269 886 3328 tenent,
910 3269 944 3316 ut
960 3277 1020 3338 per
1040 3254 1170 3314 eandem
1189 3273 1245 3335 po-

117 3347 260 3395 testatem
279 3337 486 3420 „disciplinam
514 3341 756 3401 ecclesiasticam
784 3340 934 3413 muniant.
977 3338 1139 3397 Caeterum
1162 3337 1245 3395 intra

117 3415 289 3480 Ecclesiam
298 3434 466 3500 potestates
478 3427 670 3484 necessariae
678 3444 741 3484 non
754 3433 868 3492 essent,
877 3422 940 3480 nisi
952 3433 985 3480 ut
993 3420 1246 3502 quodnonprae·

117 3500 368 3566 ualetSaeerdos
377 3503 504 3586 efficere
518 3527 578 3582 per
590 3506 750 3568 doetrinae
762 3525 945 3579 sermonem,
959 3504 1101 3562 Potestas
1117 3504 1175 3560 boc
1189 3501 1247 3557 im-

114 3594 205 3667 peret
214 3605 273 3664 per
290 3583 476 3671 disciplinae
492 3601 655 3649 terrorem.
682 3587 781 3668 Saepe
792 3607 852 3667 per
867 3605 993 3664 regnum
1003 3591 1164 3643 'terrenum
1178 3602 1247 3642 coe-

116 3667 193 3724 leste
207 3687 333 3745 regnum
347 3670 479 3750 proficit
491 3696 504 3739 ,·
522 3683 554 3729 ut
568 3673 623 3752 qai
634 3672 718 3730 intra
732 3669 905 3730 Ecclesiam
914 3669 1012 3751 positi
1022 3665 1245 3747 contrafidem

117 3760 148 3808 et
167 3747 373 3831 disciplinam
383 3753 541 3813 Ecclesiae
561 3765 674 3832 agunt,
698 3753 800 3830 rigore
828 3750 1011 3832 Principum
1030 3761 1244 3822 conterantur,

116 3831 276 3911 ipsamque
298 3832 520 3916 disciplinam,
552 3856 643 3916 quam
673 3835 833 3896 Ecclesiae
863 3831 982 3890 utilitas
1011 3849 1160 3889 exercere
1180 3851 1243 3887 non

114 3911 285 3993 praevalet,
302 3916 479 3976 ceruicibus
499 3918 704 4000 superborum
727 3916 870 3976 Potestas
883 3913 1071 3996 principalis
1095 3914 1244 3991 imponat.

117 3987 265 4056 Salomon
291 3993 323 4054 in
356 3997 567 4062 Proverbiisa
596 3996 821 4058 Misericordia
852 4007 881 4056 et
910 3995 1029 4054 ueritas
1064 3993 1246 4074 custodiunt

117 4073 240 4154 Regem,
261 4089 291 4137 et
315 4079 519 4140 roborabitur
538 4081 702 4140 clementia
721 4082 852 4139 tlarouus
878 4079 951 4141 eius.

404 4185 457 4245 De·
475 4185 648 4248 ministerio
670 4185 779 4264 regali,
801 4184 891 4266 quale
913 4184 963 4242 sit.
1017 4253 1022 4260 ,

199 4283 307 4352 XXV.
350 4289 469 4370 Regale
494 4311 631 4375 namque
662 4289 877 4353 ministerium
898 4287 1086 4372 specialiter
1111 4297 1159 4349 est
1186 4313 1246 4372 pew,¹
