2926 4986
205 337 277 414 tto
632 357 928 418 carneasmuu

205 519 243 562 eo
264 497 352 579 qnod
374 498 558 582 priusquam
579 498 703 582 aliquid
722 498 842 560 iudicio
867 497 1070 574 terminetur,
1092 495 1133 558 id
1143 494 1230 578 quod
1248 494 1336 556 alter

203 589 349 641 tenuerat
371 581 550 658 invasisset,
577 603 642 644 non
668 583 772 644 solum
793 583 875 643 illud
897 581 986 664 qued
1005 581 1087 640 male
1107 597 1333 661 praesumpse-

203 661 255 742 rit,
279 664 410 738 amittat,
432 665 500 740 sed,
523 674 558 724 ut
583 685 650 726 nen
678 666 900 748 unusquisque
926 685 995 724 rem
1016 664 1155 722 alienam
1182 666 1331 742 occupet,

128 771 131 778 ·
204 767 278 807 curn
298 747 397 806 fucrit
417 745 450 805 in
482 769 575 808 causa
601 748 749 810 devictus
769 769 922 830 pervasor
945 747 1024 807 iuris
1052 745 1172 822 alieni,
1206 753 1334 804 tantum

202 828 294 912 spatii
317 829 465 890 restituat
491 839 646 911 quantum
667 831 915 914 praesumpserit
936 829 1101 892 invadere.

167 983 173 994 ·
222 958 272 1020 De
283 959 331 1018 liis
344 960 399 1043 qui
413 973 525 1022 contra
540 959 887 1104 voluntatemddesuncti
900 959 1041 1043 saciant,
1059 972 1097 1020 ut.
1106 956 1246 1046 perdant
1260 959 1311 1016 lte·

680 1063 713 1106 re
739 1048 855 1105 itatem.
929 1061 930 1068 ’

286 1146 498 1210 cccxxvi.
542 1151 699 1212 Omnibus
727 1150 784 1236 qui
814 1161 924 1212 contra
954 1151 1155 1213 voluntatem
1185 1145 1333 1209 defuncti

198 1230 336 1309 iaciunt,
359 1242 395 1292 ut
415 1230 567 1320 indignis,
590 1237 752 1296 auferatur
772 1233 944 1318 hereditas.

201 1337 251 1398 De
279 1339 327 1398 tis
352 1341 463 1422 quibus
484 1363 544 1423 per
568 1353 783 1424 testamentum
807 1337 932 1418 aliquid
957 1339 1131 1418 delegatum
1158 1349 1221 1408 est,
1244 1335 1337 1420 quod

345 1424 426 1482 niln'l
446 1435 555 1484 centra
582 1426 775 1484 voluntatem
801 1421 945 1504 defuncti
965 1423 1059 1482 liceat
1087 1441 1188 1498 agere.

285 1526 519 1595 CCCXXVll.
561 1529 625 1610 Qui
642 1552 700 1613 per
719 1539 942 1592 testamentum
963 1527 1022 1593 sibi
1045 1525 1171 1608 aliquid
1192 1524 1335 1586 derelic-

204 1618 269 1670 tum
293 1613 453 1694 acceperit
471 1622 502 1672 et
531 1613 754 1688 vindicaverit,
777 1623 809 1674 et
834 1613 974 1673 voluerit
998 1619 1110 1671 contra
1130 1607 1335 1670 voluntatem

204 1693 351 1753 defuncti
376 1717 482 1775 agere,
504 1695 668 1761 licentium
689 1696 815 1778 penitus
837 1717 902 1756 non
924 1693 1064 1758 babebit.

205 1821 301 1905 Quod
317 1824 463 1882 uoluntas
481 1820 623 1904 defuncti
638 1825 676 1885 ab
690 1823 856 1886 heredibus
875 1825 908 1884 ia
923 1823 1064 1884 omnibus
1083 1823 1125 1881 sit
1142 1819 1334 1904 peragenda.

287 1923 529 1990 CCCXXVlll.
573 1929 662 1988 Nulli
684 1929 816 2010 quidem
840 1929 878 1990 de
906 1928 1000 1988 bonis
1029 1925 1220 2008 usurpandis
1248 1925 1336 1986 viro-

203 2031 286 2085 rum,
311 2032 369 2069 nee
384 2009 553 2072 dividendi
572 2023 682 2072 contra
696 2011 797 2072 bonos
811 2032 925 2088 mores,
947 2033 1096 2072 concessa
1112 2008 1243 2070 licentia
1265 2018 1334 2076 est;

204 2092 271 2162 sed,
295 2091 515 2173 praecipiente
540 2103 641 2174 patre,
665 2093 857 2154 divisionem
878 2095 916 2154 ab
939 2117 977 2155 en
1001 2096 1118 2154 factam
1143 2090 1281 2167 durare,
1305 2089 1334 2150 si

204 2174 298 2233 modo
322 2176 484 2254 usquead
510 2185 687 2236 extremum
709 2176 777 2238 eius
797 2177 926 2240 vivendi
950 2176 1088 2261 spatium
1112 2173 1259 2236 voluntas
1282 2193 1336 2233 ea-

204 2255 277 2317 dem
297 2278 516 2336 persererasse
542 2258 702 2323 doceatur.

264 2363 313 2424 De
329 2360 416 2445 filiis
446 2366 501 2444 qui
522 2377 647 2442 patrem
667 2365 834 2436 laeserint,
869 2363 1090 2425 donationibus
1114 2361 1267 2422 earcadis.

287 2466 496 2530 CCCXXlX.
540 2469 572 2530 Si
597 2469 669 2550 quis
692 2469 775 2530 lilius
800 2470 973 2532 donatione
993 2470 1090 2552 patris
1114 2469 1238 2550 aliquid
1255 2471 1334 2530 fuc-

174 2605 176 2610 .
203 2552 247 2612 rit
267 2559 470 2626 consecutus,
492 2561 612 2612 eleum
633 2553 833 2638 postmodum
856 2553 1000 2630 laeserit,
1029 2561 1100 2634 post
1123 2551 1270 2631 probatas
1295 2552 1330 2612 iu

203 2633 326 2696 iudicio
346 2634 497 2706 laesionis
519 2656 640 2713 causas,
661 2637 701 2696 ad
718 2635 928 2696 donationem
948 2646 1049 2718 pater,
1071 2634 1097 2696 si
1122 2635 1271 2712 voluerit,
1294 2635 1332 2695 in

204 2716 367 2804 integrum
387 2727 566 2782 revocetur.

202 2822 253 2883 De
279 2821 448 2882 donatione
468 2825 501 2882 in
516 2822 596 2907 filio
619 2823 636 2881 a
657 2837 747 2908 patre
763 2821 874 2964 'faigm'
901 2821 929 2881 si
952 2822 991 2883 alr
1016 2843 1053 2883 eo
1083 2821 1183 2884 laesus
1200 2820 1330 2903 faerit,

643 2929 646 2938 ¹
676 2929 805 2966 revocare
832 2931 860 2966 a.

285 3007 481 3076 CCCXXX.
523 3011 662 3074 Donatio
689 3011 722 3070 in
751 3011 817 3072 filio
842 3012 860 3071 al
880 2997 970 3094 patre
992 3011 1088 3087 fucta,
1111 3009 1137 3070 si
1158 3011 1279 3072 laesum
1295 3032 1333 3073 se

201 3101 292 3177 pater
315 3114 380 3154 esse
398 3093 592 3176 probaverit,
613 3104 793 3159 revocetur.

244 3201 294 3260 De
320 3199 512 3262 detractione
539 3203 723 3283 Principum
744 3201 1055 3341 acdraaiorum-natu
1082 3200 1120 3261 ab
1148 3199 1289 3260 omuibus

688 3305 779 3344 caven
806 3309 833 3342 a.

286 3383 496 3448 CCCXXXI.
540 3389 636 3464 Quod
656 3387 804 3448 omnibus
830 3387 978 3450 sulelibus
1000 3391 1214 3469 omnibusque
1241 3387 1332 3448 ordi-

204 3470 299 3530 nibus
322 3490 523 3550 summopere
540 3465 716 3531 cavendurn
739 3472 842 3531 sitne
865 3471 1013 3532 clanculo
1036 3483 1091 3532 aut
1106 3473 1234 3552 publice
1253 3492 1332 3530 une·

202 3563 271 3612 turn
292 3552 422 3612 Domini
442 3553 693 3634 detractionibus
712 3563 743 3613 et
761 3553 1047 3634 vituperationibus
1068 3555 1237 3630 dilanient,
1254 3574 1332 3634 per-

202 3635 382 3718 pendentes
406 3634 490 3693 illud
512 3637 694 3718 exemplum
717 3635 847 3708 Mariae,
876 3657 958 3716 quae
981 3659 1040 3717 pre
1062 3659 1100 3696 eo
1128 3637 1214 3716 quod
1239 3637 1332 3716 Moy-

203 3717 229 3778 si
251 3717 371 3774 famulo
396 3715 528 3776 Domini
550 3728 682 3800 propter
703 3717 923 3798 AEtbiopissam
945 3719 1099 3794 detraxit,
1128 3717 1332 3778 immunditia

203 3799 311 3880 leprae
336 3799 468 3858 multata
488 3798 539 3860 sit.
579 3803 621 3861 Et
642 3800 945 3861 illudPsalmistae:
959 3802 1074 3860 *Nolite
1097 3811 1221 3877 tangere
1238 3799 1329 3857 Clari-

205 3895 270 3941 stos
292 3901 391 3952 meos,
417 3893 447 3938 et
466 3882 498 3940 ia
520 3882 686 3964 Prophetis
710 3886 785 3942 meis
808 3885 904 3944 nolite
923 3884 1100 3962 malr'gnari.
1146 3883 1202 3944 VI.
1218 3883 1290 3956 dea.

245 4009 341 4092 Quod
363 4010 504 4070 omnibus
529 4012 583 4092 qui
600 4012 654 4070 lite
671 4013 790 4094 pulsati
806 4008 932 4090 suerint
950 4031 1013 4070 aon
1035 4010 1132 4071 aliubi
1147 4030 1240 4095 quam
1257 4011 1292 4069 in

504 4094 635 4176 proprio
657 4093 736 4172 soro
764 4093 951 4172 iurgandum
976 4094 1031 4184 sit.¹

202 4197 204 4204 '
287 4195 516 4261 cccxxxii
559 4197 705 4258 Clericus
729 4197 780 4257 vel
804 4189 936 4276 Laicus,
970 4197 996 4260 si
1026 4197 1161 4260 erimine
1190 4206 1245 4256 aut
1273 4195 1333 4257 lite

203 4279 345 4362 pulsatus
363 4280 471 4356 luerit,
495 4301 559 4340 nen
575 4281 673 4339 aliubi
696 4303 792 4362 qusnn
809 4280 842 4342 iu
861 4283 931 4342 l'oro
948 4303 1009 4344 suu
1023 4289 1154 4343 neamus
1174 4279 1333 4340 audiatur.
