<?xml version="1.0" encoding="UTF-8"?>
<!DOCTYPE html PUBLIC "-//W3C//DTD XHTML 1.0 Transitional//EN"
    "http://www.w3.org/TR/xhtml1/DTD/xhtml1-transitional.dtd">
<html xmlns="http://www.w3.org/1999/xhtml" xml:lang="en" lang="en">
 <head>
  <title>
</title>
<meta http-equiv="Content-Type" content="text/html;charset=utf-8" />
  <meta name='ocr-system' content='tesseract 3.04.00' />
  <meta name='ocr-capabilities' content='ocr_page ocr_carea ocr_par ocr_line ocrx_word'/>
</head>
<body>
  <div class='ocr_page' id='page_1' title='image "./corpusiurisgerm04visigoog_0121.png"; bbox 0 0 2926 4984; ppageno 0'>
   <div class='ocr_carea' id='block_1_1' title="bbox 234 339 945 428">
    <p class='ocr_par' dir='ltr' id='par_1_1' title="bbox 234 339 945 428">
     <span class='ocr_line' id='line_1_1' title="bbox 234 339 945 428; baseline 0.01 -12"><span class='ocrx_word' id='word_1_1' title='bbox 234 339 306 416; x_wconf 83' lang='lat'><em>518</em></span> <span class='ocrx_word' id='word_1_2' title='bbox 656 363 945 428; x_wconf 78' lang='lat' dir='ltr'><em>caurummuu</em></span> 
     </span>
    </p>
   </div>
   <div class='ocr_carea' id='block_1_2' title="bbox 369 499 1220 588">
    <p class='ocr_par' dir='ltr' id='par_1_2' title="bbox 369 499 1220 588">
     <span class='ocr_line' id='line_1_2' title="bbox 369 499 1220 588; baseline 0.008 -25"><span class='ocrx_word' id='word_1_3' title='bbox 369 499 424 563; x_wconf 87' lang='lat' dir='ltr'><em>De</em></span> <span class='ocrx_word' id='word_1_4' title='bbox 443 501 588 588; x_wconf 81' lang='lat' dir='ltr'><em>ampullis</em></span> <span class='ocrx_word' id='word_1_5' title='bbox 609 505 707 567; x_wconf 80' lang='lat' dir='ltr'><em>tribus</em></span> <span class='ocrx_word' id='word_1_6' title='bbox 727 507 761 567; x_wconf 85' lang='lat' dir='ltr'><em>iu</em></span> <span class='ocrx_word' id='word_1_7' title='bbox 782 506 885 569; x_wconf 86' lang='lat' dir='ltr'><em>Coena</em></span> <span class='ocrx_word' id='word_1_8' title='bbox 908 505 1040 567; x_wconf 80' lang='lat' dir='ltr'><em>Domini</em></span> <span class='ocrx_word' id='word_1_9' title='bbox 1060 501 1220 570; x_wconf 76' lang='lat' dir='ltr'><em>habendis.</em></span> 
     </span>
    </p>
   </div>
   <div class='ocr_carea' id='block_1_3' title="bbox 230 603 1361 1086">
    <p class='ocr_par' dir='ltr' id='par_1_3' title="bbox 230 603 1361 1086">
     <span class='ocr_line' id='line_1_3' title="bbox 316 603 1360 692; baseline 0.003 -22"><span class='ocrx_word' id='word_1_10' title='bbox 316 603 439 670; x_wconf 85' lang='lat' dir='ltr'><strong>LVIII.</strong></span> <span class='ocrx_word' id='word_1_11' title='bbox 481 611 522 670; x_wconf 88' lang='lat' dir='ltr'><em>Ut</em></span> <span class='ocrx_word' id='word_1_12' title='bbox 538 609 639 672; x_wconf 88' lang='lat' dir='ltr'><em>Presb</em></span> <span class='ocrx_word' id='word_1_13' title='bbox 661 621 710 672; x_wconf 93' lang='lat' dir='ltr'><em>ter</em></span> <span class='ocrx_word' id='word_1_14' title='bbox 724 611 758 672; x_wconf 93' lang='lat' dir='ltr'><em>in</em></span> <span class='ocrx_word' id='word_1_15' title='bbox 776 614 886 674; x_wconf 87' lang='lat' dir='ltr'><em>Coena</em></span> <span class='ocrx_word' id='word_1_16' title='bbox 901 610 1032 672; x_wconf 88' lang='lat' dir='ltr'><em>Domini</em></span> <span class='ocrx_word' id='word_1_17' title='bbox 1049 619 1114 671; x_wconf 90' lang='lat' dir='ltr'><em>tres</em></span> <span class='ocrx_word' id='word_1_18' title='bbox 1128 607 1283 692; x_wconf 80' lang='lat' dir='ltr'><strong>ampullas</strong></span> <span class='ocrx_word' id='word_1_19' title='bbox 1307 631 1360 672; x_wconf 81' lang='lat' dir='ltr'><em>se-</em></span> 
     </span>
     <span class='ocr_line' id='line_1_4' title="bbox 233 635 1360 772; baseline 0.002 -21"><span class='ocrx_word' id='word_1_20' title='bbox 233 710 307 751; x_wconf 90' lang='lat' dir='ltr'><em>cum</em></span> <span class='ocrx_word' id='word_1_21' title='bbox 332 689 472 767; x_wconf 86' lang='lat' dir='ltr'><em>deferat,</em></span> <span class='ocrx_word' id='word_1_22' title='bbox 495 714 592 751; x_wconf 91' lang='lat' dir='ltr'><em>unam</em></span> <span class='ocrx_word' id='word_1_23' title='bbox 613 635 659 754; x_wconf 80' lang='lat' dir='ltr'><em>ad</em></span> <span class='ocrx_word' id='word_1_24' title='bbox 669 693 823 772; x_wconf 87' lang='lat' dir='ltr'><em>chrisma,</em></span> <span class='ocrx_word' id='word_1_25' title='bbox 846 694 941 754; x_wconf 85' lang='lat' dir='ltr'><em>aIiam</em></span> <span class='ocrx_word' id='word_1_26' title='bbox 959 693 999 753; x_wconf 91' lang='lat' dir='ltr'><em>ad</em></span> <span class='ocrx_word' id='word_1_27' title='bbox 1015 693 1123 753; x_wconf 90' lang='lat' dir='ltr'><em>oleum</em></span> <span class='ocrx_word' id='word_1_28' title='bbox 1145 693 1184 752; x_wconf 87' lang='lat' dir='ltr'><em>ad</em></span> <span class='ocrx_word' id='word_1_29' title='bbox 1206 691 1360 753; x_wconf 86' lang='lat' dir='ltr'><em>catechu-</em></span> 
     </span>
     <span class='ocr_line' id='line_1_5' title="bbox 232 770 1360 856; baseline 0.001 -25"><span class='ocrx_word' id='word_1_30' title='bbox 232 792 344 831; x_wconf 89' lang='lat' dir='ltr'><em>menos</em></span> <span class='ocrx_word' id='word_1_31' title='bbox 367 770 606 854; x_wconf 83' lang='lat' dir='ltr'><em>inunguendos,</em></span> <span class='ocrx_word' id='word_1_32' title='bbox 628 776 752 836; x_wconf 80' lang='lat' dir='ltr'><em>tertiam</em></span> <span class='ocrx_word' id='word_1_33' title='bbox 774 776 813 836; x_wconf 87' lang='lat' dir='ltr'><em>ad</em></span> <span class='ocrx_word' id='word_1_34' title='bbox 832 776 974 836; x_wconf 88' lang='lat' dir='ltr'><em>infirmos</em></span> <span class='ocrx_word' id='word_1_35' title='bbox 988 774 1179 856; x_wconf 80' lang='lat' dir='ltr'><em>unguendos</em></span> <span class='ocrx_word' id='word_1_36' title='bbox 1188 774 1274 834; x_wconf 84' lang='lat' dir='ltr'><em>iuxta</em></span> <span class='ocrx_word' id='word_1_37' title='bbox 1289 796 1360 835; x_wconf 89' lang='lat' dir='ltr'><em>sen·</em></span> 
     </span>
     <span class='ocr_line' id='line_1_6' title="bbox 231 851 1361 941; baseline 0.003 -29"><span class='ocrx_word' id='word_1_38' title='bbox 231 851 364 912; x_wconf 89' lang='lat' dir='ltr'><em>tentiam</em></span> <span class='ocrx_word' id='word_1_39' title='bbox 383 855 604 934; x_wconf 82' lang='lat' dir='ltr'><em>apostoIIcam;</em></span> <span class='ocrx_word' id='word_1_40' title='bbox 628 868 663 918; x_wconf 92' lang='lat' dir='ltr'><em>ut</em></span> <span class='ocrx_word' id='word_1_41' title='bbox 677 859 806 939; x_wconf 91' lang='lat' dir='ltr'><em>quando</em></span> <span class='ocrx_word' id='word_1_42' title='bbox 824 857 895 941; x_wconf 88' lang='lat' dir='ltr'><em>quis</em></span> <span class='ocrx_word' id='word_1_43' title='bbox 910 858 1106 934; x_wconf 87' lang='lat' dir='ltr'><em>infirmatur,</em></span> <span class='ocrx_word' id='word_1_44' title='bbox 1124 857 1254 916; x_wconf 86' lang='lat' dir='ltr'><em>inducat</em></span> <span class='ocrx_word' id='word_1_45' title='bbox 1269 859 1361 917; x_wconf 87' lang='lat' dir='ltr'><em>Pres-</em></span> 
     </span>
     <span class='ocr_line' id='line_1_7' title="bbox 230 933 1357 1022; baseline 0.003 -27"><span class='ocrx_word' id='word_1_46' title='bbox 230 933 359 1015; x_wconf 85' lang='lat' dir='ltr'><em>byteros</em></span> <span class='ocrx_word' id='word_1_47' title='bbox 371 935 556 1016; x_wconf 84' lang='lat' dir='ltr'><strong>Ecclesiae,</strong></span> <span class='ocrx_word' id='word_1_48' title='bbox 578 947 611 1000; x_wconf 89' lang='lat' dir='ltr'><em>et</em></span> <span class='ocrx_word' id='word_1_49' title='bbox 624 949 717 1000; x_wconf 89' lang='lat' dir='ltr'><em>orent</em></span> <span class='ocrx_word' id='word_1_50' title='bbox 736 961 833 1022; x_wconf 87' lang='lat' dir='ltr'><em>super</em></span> <span class='ocrx_word' id='word_1_51' title='bbox 847 962 930 1020; x_wconf 90' lang='lat' dir='ltr'><em>eum,</em></span> <span class='ocrx_word' id='word_1_52' title='bbox 953 948 1133 1022; x_wconf 82' lang='lat' dir='ltr'><em>unguentes</em></span> <span class='ocrx_word' id='word_1_53' title='bbox 1141 960 1216 999; x_wconf 91' lang='lat' dir='ltr'><em>eum</em></span> <span class='ocrx_word' id='word_1_54' title='bbox 1233 938 1307 998; x_wconf 90' lang='lat' dir='ltr'><em>oleo</em></span> <span class='ocrx_word' id='word_1_55' title='bbox 1324 936 1357 998; x_wconf 88' lang='lat' dir='ltr'><em>in</em></span> 
     </span>
     <span class='ocr_line' id='line_1_8' title="bbox 232 1015 765 1086; baseline 0.011 -10"><span class='ocrx_word' id='word_1_56' title='bbox 232 1015 363 1076; x_wconf 89' lang='lat' dir='ltr'><em>nomine</em></span> <span class='ocrx_word' id='word_1_57' title='bbox 380 1018 520 1079; x_wconf 87' lang='lat' dir='ltr'><em>Domini.</em></span> <span class='ocrx_word' id='word_1_58' title='bbox 562 1020 680 1084; x_wconf 64' lang='lat' dir='ltr'><em>Ibida.</em></span> <span class='ocrx_word' id='word_1_59' title='bbox 701 1023 765 1086; x_wconf 81' lang='lat'><em>156.</em></span> 
     </span>
    </p>
   </div>
   <div class='ocr_carea' id='block_1_4' title="bbox 379 1147 1214 1238">
    <p class='ocr_par' dir='ltr' id='par_1_4' title="bbox 379 1147 1214 1238">
     <span class='ocr_line' id='line_1_9' title="bbox 379 1147 1214 1238; baseline 0.004 -30"><span class='ocrx_word' id='word_1_60' title='bbox 379 1147 420 1209; x_wconf 84' lang='lat' dir='ltr'><em>Ut</em></span> <span class='ocrx_word' id='word_1_61' title='bbox 442 1170 547 1212; x_wconf 87' lang='lat' dir='ltr'><em>omues</em></span> <span class='ocrx_word' id='word_1_62' title='bbox 570 1151 686 1212; x_wconf 82' lang='lat' dir='ltr'><em>Clerici</em></span> <span class='ocrx_word' id='word_1_63' title='bbox 714 1151 879 1238; x_wconf 84' lang='lat' dir='ltr'><em>Episcopis</em></span> <span class='ocrx_word' id='word_1_64' title='bbox 900 1152 965 1211; x_wconf 83' lang='lat' dir='ltr'><em>suis</em></span> <span class='ocrx_word' id='word_1_65' title='bbox 990 1151 1121 1212; x_wconf 82' lang='lat' dir='ltr'><em>subiecti</em></span> <span class='ocrx_word' id='word_1_66' title='bbox 1142 1152 1214 1216; x_wconf 86' lang='lat' dir='ltr'><em>sint.</em></span> 
     </span>
    </p>
   </div>
   <div class='ocr_carea' id='block_1_5' title="bbox 229 1252 1355 1423">
    <p class='ocr_par' dir='ltr' id='par_1_5' title="bbox 229 1252 1355 1423">
     <span class='ocr_line' id='line_1_10' title="bbox 313 1252 1355 1341; baseline 0.001 -24"><span class='ocrx_word' id='word_1_67' title='bbox 313 1252 402 1318; x_wconf 89' lang='lat' dir='ltr'>LIX.</span> <span class='ocrx_word' id='word_1_68' title='bbox 444 1259 487 1317; x_wconf 89' lang='lat' dir='ltr'><em>Ut</em></span> <span class='ocrx_word' id='word_1_69' title='bbox 507 1279 616 1319; x_wconf 89' lang='lat' dir='ltr'><em>omnes</em></span> <span class='ocrx_word' id='word_1_70' title='bbox 632 1258 832 1341; x_wconf 81' lang='lat' dir='ltr'><em>Presbyteri,</em></span> <span class='ocrx_word' id='word_1_71' title='bbox 854 1255 1007 1334; x_wconf 87' lang='lat' dir='ltr'><em>Diaconi,</em></span> <span class='ocrx_word' id='word_1_72' title='bbox 1029 1263 1060 1316; x_wconf 92' lang='lat' dir='ltr'><em>et</em></span> <span class='ocrx_word' id='word_1_73' title='bbox 1080 1255 1278 1318; x_wconf 80' lang='lat' dir='ltr'><em>subdiaconi</em></span> <span class='ocrx_word' id='word_1_74' title='bbox 1297 1257 1355 1318; x_wconf 86' lang='lat' dir='ltr'><em>sub</em></span> 
     </span>
     <span class='ocr_line' id='line_1_11' title="bbox 229 1338 727 1423; baseline 0 -23"><span class='ocrx_word' id='word_1_75' title='bbox 229 1345 388 1423; x_wconf 78' lang='lat' dir='ltr'><strong>potestate</strong></span> <span class='ocrx_word' id='word_1_76' title='bbox 404 1338 556 1423; x_wconf 85' lang='lat' dir='ltr'><em>Episcopi</em></span> <span class='ocrx_word' id='word_1_77' title='bbox 570 1350 727 1401; x_wconf 85' lang='lat' dir='ltr'><em>maneant.</em></span> 
     </span>
    </p>
   </div>
   <div class='ocr_carea' id='block_1_6' title="bbox 581 1419 1002 1511">
    <p class='ocr_par' dir='ltr' id='par_1_6' title="bbox 581 1419 1002 1511">
     <span class='ocr_line' id='line_1_12' title="bbox 581 1419 1002 1511; baseline -0.007 -4"><span class='ocrx_word' id='word_1_78' title='bbox 581 1448 636 1507; x_wconf 87' lang='lat' dir='ltr'><em>De</em></span> <span class='ocrx_word' id='word_1_79' title='bbox 654 1445 766 1506; x_wconf 85' lang='lat' dir='ltr'><em>ordine</em></span> <span class='ocrx_word' id='word_1_80' title='bbox 787 1419 1002 1511; x_wconf 67' lang='lat' dir='ltr'><em>Sacerdotem.</em></span> 
     </span>
    </p>
   </div>
   <div class='ocr_carea' id='block_1_7' title="bbox 228 1547 1357 2043">
    <p class='ocr_par' dir='ltr' id='par_1_7' title="bbox 228 1547 1357 2043">
     <span class='ocr_line' id='line_1_13' title="bbox 312 1547 1356 1634; baseline -0.003 -23"><span class='ocrx_word' id='word_1_81' title='bbox 312 1547 384 1611; x_wconf 83' lang='lat' dir='ltr'><em>LX.</em></span> <span class='ocrx_word' id='word_1_82' title='bbox 424 1551 467 1610; x_wconf 89' lang='lat' dir='ltr'><em>Ut</em></span> <span class='ocrx_word' id='word_1_83' title='bbox 483 1549 591 1610; x_wconf 89' lang='lat' dir='ltr'><em>nullus</em></span> <span class='ocrx_word' id='word_1_84' title='bbox 609 1550 782 1634; x_wconf 75' lang='lat' dir='ltr'><strong>Presbyter</strong></span> <span class='ocrx_word' id='word_1_85' title='bbox 795 1559 974 1630; x_wconf 89' lang='lat' dir='ltr'><em>praesumat</em></span> <span class='ocrx_word' id='word_1_86' title='bbox 988 1549 1020 1608; x_wconf 93' lang='lat' dir='ltr'><em>in</em></span> <span class='ocrx_word' id='word_1_87' title='bbox 1041 1548 1103 1608; x_wconf 88' lang='lat' dir='ltr'><em>aIia</em></span> <span class='ocrx_word' id='word_1_88' title='bbox 1116 1549 1267 1632; x_wconf 89' lang='lat' dir='ltr'><em>parocbia</em></span> <span class='ocrx_word' id='word_1_89' title='bbox 1282 1548 1356 1632; x_wconf 87' lang='lat' dir='ltr'><em>bap·</em></span> 
     </span>
     <span class='ocr_line' id='line_1_14' title="bbox 228 1630 1356 1712; baseline 0.001 -22"><span class='ocrx_word' id='word_1_90' title='bbox 228 1630 348 1708; x_wconf 81' lang='lat' dir='ltr'><em>tiuare,</em></span> <span class='ocrx_word' id='word_1_91' title='bbox 370 1652 429 1692; x_wconf 89' lang='lat' dir='ltr'><em>nec</em></span> <span class='ocrx_word' id='word_1_92' title='bbox 446 1633 555 1693; x_wconf 90' lang='lat' dir='ltr'><em>Missas</em></span> <span class='ocrx_word' id='word_1_93' title='bbox 570 1632 750 1705; x_wconf 89' lang='lat' dir='ltr'><em>celebrare,</em></span> <span class='ocrx_word' id='word_1_94' title='bbox 772 1632 841 1694; x_wconf 91' lang='lat' dir='ltr'><em>sine</em></span> <span class='ocrx_word' id='word_1_95' title='bbox 864 1631 1002 1692; x_wconf 91' lang='lat' dir='ltr'><em>iussione</em></span> <span class='ocrx_word' id='word_1_96' title='bbox 1019 1631 1169 1712; x_wconf 86' lang='lat' dir='ltr'><em>Episcopi</em></span> <span class='ocrx_word' id='word_1_97' title='bbox 1205 1631 1237 1690; x_wconf 93' lang='lat' dir='ltr'><em>in</em></span> <span class='ocrx_word' id='word_1_98' title='bbox 1264 1632 1356 1692; x_wconf 89' lang='lat' dir='ltr'><em>cuius</em></span> 
     </span>
     <span class='ocr_line' id='line_1_15' title="bbox 228 1713 1355 1797; baseline -0.001 -25"><span class='ocrx_word' id='word_1_99' title='bbox 228 1713 453 1794; x_wconf 85' lang='lat' dir='ltr'><em>paroehiaest.</em></span> <span class='ocrx_word' id='word_1_100' title='bbox 504 1716 546 1774; x_wconf 84' lang='lat' dir='ltr'><em>Et</em></span> <span class='ocrx_word' id='word_1_101' title='bbox 572 1735 682 1776; x_wconf 89' lang='lat' dir='ltr'><em>omnes</em></span> <span class='ocrx_word' id='word_1_102' title='bbox 714 1714 895 1797; x_wconf 80' lang='lat' dir='ltr'><em>Presbyteri</em></span> <span class='ocrx_word' id='word_1_103' title='bbox 931 1713 972 1774; x_wconf 89' lang='lat' dir='ltr'><em>ad</em></span> <span class='ocrx_word' id='word_1_104' title='bbox 1007 1713 1182 1773; x_wconf 85' lang='lat' dir='ltr'><em>concilium</em></span> <span class='ocrx_word' id='word_1_105' title='bbox 1204 1713 1355 1795; x_wconf 88' lang='lat' dir='ltr'><em>Episcopi</em></span> 
     </span>
     <span class='ocr_line' id='line_1_16' title="bbox 230 1794 1355 1879; baseline 0 -26"><span class='ocrx_word' id='word_1_106' title='bbox 230 1795 436 1856; x_wconf 88' lang='lat' dir='ltr'><em>conveniant.</em></span> <span class='ocrx_word' id='word_1_107' title='bbox 475 1798 519 1856; x_wconf 93' lang='lat' dir='ltr'><em>Et</em></span> <span class='ocrx_word' id='word_1_108' title='bbox 536 1797 562 1856; x_wconf 90' lang='lat' dir='ltr'><em>si</em></span> <span class='ocrx_word' id='word_1_109' title='bbox 582 1796 643 1858; x_wconf 92' lang='lat' dir='ltr'><em>hoc</em></span> <span class='ocrx_word' id='word_1_110' title='bbox 662 1796 749 1878; x_wconf 82' lang='lat' dir='ltr'><em>quod</em></span> <span class='ocrx_word' id='word_1_111' title='bbox 765 1795 912 1879; x_wconf 86' lang='lat' dir='ltr'><em>superius</em></span> <span class='ocrx_word' id='word_1_112' title='bbox 934 1794 1199 1876; x_wconf 88' lang='lat' dir='ltr'><em>comprehensum</em></span> <span class='ocrx_word' id='word_1_113' title='bbox 1219 1805 1285 1872; x_wconf 90' lang='lat' dir='ltr'><em>est,</em></span> <span class='ocrx_word' id='word_1_114' title='bbox 1307 1796 1355 1853; x_wconf 84' lang='lat' dir='ltr'><em>fa·</em></span> 
     </span>
     <span class='ocr_line' id='line_1_17' title="bbox 229 1876 1357 1957; baseline 0 -22"><span class='ocrx_word' id='word_1_115' title='bbox 229 1896 302 1935; x_wconf 89' lang='lat' dir='ltr'><em>cere</em></span> <span class='ocrx_word' id='word_1_116' title='bbox 324 1878 591 1957; x_wconf 85' lang='lat' dir='ltr'><em>contempserint,</em></span> <span class='ocrx_word' id='word_1_117' title='bbox 619 1879 796 1941; x_wconf 89' lang='lat' dir='ltr'><em>secundum</em></span> <span class='ocrx_word' id='word_1_118' title='bbox 812 1877 998 1938; x_wconf 90' lang='lat' dir='ltr'><em>canonicam</em></span> <span class='ocrx_word' id='word_1_119' title='bbox 1017 1877 1254 1937; x_wconf 85' lang='lat' dir='ltr'><em>institutionem</em></span> <span class='ocrx_word' id='word_1_120' title='bbox 1275 1876 1357 1936; x_wconf 85' lang='lat' dir='ltr'><em>Iudi·</em></span> 
     </span>
     <span class='ocr_line' id='line_1_18' title="bbox 230 1957 1355 2043; baseline 0 -26"><span class='ocrx_word' id='word_1_121' title='bbox 230 1966 363 2036; x_wconf 89' lang='lat' dir='ltr'><em>centnr,</em></span> <span class='ocrx_word' id='word_1_122' title='bbox 386 1966 449 2017; x_wconf 89' lang='lat' dir='ltr'><em>tam</em></span> <span class='ocrx_word' id='word_1_123' title='bbox 465 1959 525 2041; x_wconf 91' lang='lat' dir='ltr'><em>ipsi</em></span> <span class='ocrx_word' id='word_1_124' title='bbox 543 1981 637 2041; x_wconf 86' lang='lat' dir='ltr'><em>quam</em></span> <span class='ocrx_word' id='word_1_125' title='bbox 658 1971 690 2022; x_wconf 90' lang='lat' dir='ltr'><em>et</em></span> <span class='ocrx_word' id='word_1_126' title='bbox 706 1961 890 2021; x_wconf 88' lang='lat' dir='ltr'><em>defensores</em></span> <span class='ocrx_word' id='word_1_127' title='bbox 904 1979 1023 2020; x_wconf 88' lang='lat' dir='ltr'><em>eorum.</em></span> <span class='ocrx_word' id='word_1_128' title='bbox 1053 1958 1154 2043; x_wconf 81' lang='lat' dir='ltr'><em>Capit.</em></span> <span class='ocrx_word' id='word_1_129' title='bbox 1168 1981 1196 2018; x_wconf 91' lang='lat' dir='ltr'><em>a.</em></span> <span class='ocrx_word' id='word_1_130' title='bbox 1208 1957 1277 2039; x_wconf 79' lang='lat'><strong>755.</strong></span> <span class='ocrx_word' id='word_1_131' title='bbox 1292 1978 1318 2017; x_wconf 87' lang='lat' dir='ltr'><em>c.</em></span> <span class='ocrx_word' id='word_1_132' title='bbox 1326 1957 1355 2019; x_wconf 85' lang='lat'><em>8.</em></span> 
     </span>
    </p>
   </div>
   <div class='ocr_carea' id='block_1_8' title="bbox 313 2087 1271 2172">
    <p class='ocr_par' dir='ltr' id='par_1_8' title="bbox 313 2087 1271 2172">
     <span class='ocr_line' id='line_1_19' title="bbox 313 2087 1271 2172; baseline -0.002 -22"><span class='ocrx_word' id='word_1_133' title='bbox 313 2089 368 2150; x_wconf 89' lang='lat' dir='ltr'><em>De</em></span> <span class='ocrx_word' id='word_1_134' title='bbox 383 2108 418 2146; x_wconf 90' lang='lat' dir='ltr'><em>eo</em></span> <span class='ocrx_word' id='word_1_135' title='bbox 434 2089 489 2171; x_wconf 87' lang='lat' dir='ltr'><em>qui</em></span> <span class='ocrx_word' id='word_1_136' title='bbox 506 2109 569 2148; x_wconf 88' lang='lat' dir='ltr'><em>non</em></span> <span class='ocrx_word' id='word_1_137' title='bbox 584 2087 753 2172; x_wconf 82' lang='lat' dir='ltr'><em>confitetur</em></span> <span class='ocrx_word' id='word_1_138' title='bbox 776 2090 841 2150; x_wconf 81' lang='lat' dir='ltr'><em>Dei</em></span> <span class='ocrx_word' id='word_1_139' title='bbox 863 2089 1000 2150; x_wconf 81' lang='lat' dir='ltr'><em>Verbum</em></span> <span class='ocrx_word' id='word_1_140' title='bbox 1017 2110 1144 2171; x_wconf 86' lang='lat' dir='ltr'><em>passum</em></span> <span class='ocrx_word' id='word_1_141' title='bbox 1166 2110 1271 2149; x_wconf 86' lang='lat' dir='ltr'><em>earne.</em></span> 
     </span>
    </p>
   </div>
   <div class='ocr_carea' id='block_1_9' title="bbox 229 2213 1356 2539">
    <p class='ocr_par' dir='ltr' id='par_1_9' title="bbox 229 2213 1356 2539">
     <span class='ocr_line' id='line_1_20' title="bbox 312 2213 1354 2299; baseline 0.004 -24"><span class='ocrx_word' id='word_1_142' title='bbox 312 2213 401 2275; x_wconf 86' lang='lat' dir='ltr'><strong>LXI.</strong></span> <span class='ocrx_word' id='word_1_143' title='bbox 444 2215 477 2275; x_wconf 91' lang='lat' dir='ltr'><em>Si</em></span> <span class='ocrx_word' id='word_1_144' title='bbox 498 2216 570 2298; x_wconf 90' lang='lat' dir='ltr'><em>quis</em></span> <span class='ocrx_word' id='word_1_145' title='bbox 590 2239 655 2278; x_wconf 93' lang='lat' dir='ltr'><em>non</em></span> <span class='ocrx_word' id='word_1_146' title='bbox 677 2219 848 2278; x_wconf 87' lang='lat' dir='ltr'><em>confitetur</em></span> <span class='ocrx_word' id='word_1_147' title='bbox 862 2221 924 2279; x_wconf 93' lang='lat' dir='ltr'><em>Dei</em></span> <span class='ocrx_word' id='word_1_148' title='bbox 943 2218 1087 2281; x_wconf 88' lang='lat' dir='ltr'><em>Verbum</em></span> <span class='ocrx_word' id='word_1_149' title='bbox 1104 2241 1230 2299; x_wconf 88' lang='lat' dir='ltr'><em>passum</em></span> <span class='ocrx_word' id='word_1_150' title='bbox 1246 2239 1354 2298; x_wconf 88' lang='lat' dir='ltr'><em>carne,</em></span> 
     </span>
     <span class='ocr_line' id='line_1_21' title="bbox 230 2296 1354 2381; baseline 0.003 -22"><span class='ocrx_word' id='word_1_151' title='bbox 230 2306 263 2359; x_wconf 83' lang='lat' dir='ltr'><em>et</em></span> <span class='ocrx_word' id='word_1_152' title='bbox 291 2296 480 2357; x_wconf 84' lang='lat' dir='ltr'><em>crucifixum</em></span> <span class='ocrx_word' id='word_1_153' title='bbox 502 2319 619 2377; x_wconf 79' lang='lat' dir='ltr'><em>carne,</em></span> <span class='ocrx_word' id='word_1_154' title='bbox 647 2310 679 2360; x_wconf 90' lang='lat' dir='ltr'><em>et</em></span> <span class='ocrx_word' id='word_1_155' title='bbox 710 2311 844 2361; x_wconf 89' lang='lat' dir='ltr'><em>mortem</em></span> <span class='ocrx_word' id='word_1_156' title='bbox 867 2322 962 2362; x_wconf 90' lang='lat' dir='ltr'><em>carne</em></span> <span class='ocrx_word' id='word_1_157' title='bbox 993 2310 1148 2379; x_wconf 75' lang='lat' dir='ltr'><em>gustasse,</em></span> <span class='ocrx_word' id='word_1_158' title='bbox 1171 2301 1354 2381; x_wconf 88' lang='lat' dir='ltr'><em>factu&#39;mque</em></span> 
     </span>
     <span class='ocr_line' id='line_1_22' title="bbox 229 2379 1356 2465; baseline 0.004 -27"><span class='ocrx_word' id='word_1_159' title='bbox 229 2379 479 2462; x_wconf 85' lang='lat' dir='ltr'><em>primogenitum</em></span> <span class='ocrx_word' id='word_1_160' title='bbox 496 2401 536 2442; x_wconf 85' lang='lat' dir='ltr'><em>ex</em></span> <span class='ocrx_word' id='word_1_161' title='bbox 551 2383 702 2454; x_wconf 89' lang='lat' dir='ltr'><em>mortuis,</em></span> <span class='ocrx_word' id='word_1_162' title='bbox 724 2384 903 2444; x_wconf 88' lang='lat' dir='ltr'><em>secundum</em></span> <span class='ocrx_word' id='word_1_163' title='bbox 921 2382 1009 2465; x_wconf 90' lang='lat' dir='ltr'><em>quod</em></span> <span class='ocrx_word' id='word_1_164' title='bbox 1037 2382 1102 2442; x_wconf 84' lang='lat' dir='ltr'><em>vita</em></span> <span class='ocrx_word' id='word_1_165' title='bbox 1125 2390 1172 2443; x_wconf 89' lang='lat' dir='ltr'><em>est</em></span> <span class='ocrx_word' id='word_1_166' title='bbox 1197 2391 1228 2442; x_wconf 90' lang='lat' dir='ltr'><em>et</em></span> <span class='ocrx_word' id='word_1_167' title='bbox 1247 2383 1356 2446; x_wconf 82' lang='lat' dir='ltr'><em>vivifi-</em></span> 
     </span>
     <span class='ocr_line' id='line_1_23' title="bbox 232 2464 750 2539; baseline 0.004 -17"><span class='ocrx_word' id='word_1_168' title='bbox 232 2471 320 2522; x_wconf 90' lang='lat' dir='ltr'><em>cator</em></span> <span class='ocrx_word' id='word_1_169' title='bbox 334 2470 370 2520; x_wconf 89' lang='lat' dir='ltr'><em>ut</em></span> <span class='ocrx_word' id='word_1_170' title='bbox 387 2465 474 2524; x_wconf 89' lang='lat' dir='ltr'><em>Deus</em></span> <span class='ocrx_word' id='word_1_171' title='bbox 484 2507 493 2539; x_wconf 89' lang='lat'><em>,</em></span> <span class='ocrx_word' id='word_1_172' title='bbox 515 2464 682 2524; x_wconf 86' lang='lat' dir='ltr'><em>anathema</em></span> <span class='ocrx_word' id='word_1_173' title='bbox 701 2465 750 2530; x_wconf 90' lang='lat' dir='ltr'><em>sit.</em></span> 
     </span>
    </p>
   </div>
   <div class='ocr_carea' id='block_1_10' title="bbox 133 2590 1353 2674">
    <p class='ocr_par' dir='ltr' id='par_1_10' title="bbox 133 2590 1353 2674">
     <span class='ocr_line' id='line_1_24' title="bbox 133 2590 1353 2674; baseline -0.002 -20"><span class='ocrx_word' id='word_1_174' title='bbox 133 2636 142 2644; x_wconf 83' lang='lat'><em>-</em></span> <span class='ocrx_word' id='word_1_175' title='bbox 230 2593 281 2654; x_wconf 73' lang='lat' dir='ltr'><em>Do</em></span> <span class='ocrx_word' id='word_1_176' title='bbox 300 2590 393 2652; x_wconf 82' lang='lat' dir='ltr'><em>modo</em></span> <span class='ocrx_word' id='word_1_177' title='bbox 413 2593 760 2668; x_wconf 82' lang='lat' dir='ltr'><em>excommunicationis,</em></span> <span class='ocrx_word' id='word_1_178' title='bbox 778 2605 841 2652; x_wconf 79' lang='lat' dir='ltr'><em>tam</em></span> <span class='ocrx_word' id='word_1_179' title='bbox 859 2591 899 2652; x_wconf 88' lang='lat' dir='ltr'><em>de</em></span> <span class='ocrx_word' id='word_1_180' title='bbox 915 2593 1066 2664; x_wconf 86' lang='lat' dir='ltr'><em>Clericis,</em></span> <span class='ocrx_word' id='word_1_181' title='bbox 1090 2613 1181 2674; x_wconf 84' lang='lat' dir='ltr'><em>quam</em></span> <span class='ocrx_word' id='word_1_182' title='bbox 1198 2593 1238 2654; x_wconf 87' lang='lat' dir='ltr'><em>de</em></span> <span class='ocrx_word' id='word_1_183' title='bbox 1252 2593 1353 2662; x_wconf 62' lang='lat' dir='ltr'><em>laicis</em></span> 
     </span>
    </p>
   </div>
   <div class='ocr_carea' id='block_1_11' title="bbox 229 2719 1355 4362">
    <p class='ocr_par' dir='ltr' id='par_1_11' title="bbox 229 2719 1355 4362">
     <span class='ocr_line' id='line_1_25' title="bbox 314 2719 1355 2802; baseline 0.005 -22"><span class='ocrx_word' id='word_1_184' title='bbox 314 2719 420 2784; x_wconf 83' lang='lat' dir='ltr'><strong>LXII.</strong></span> <span class='ocrx_word' id='word_1_185' title='bbox 463 2719 588 2800; x_wconf 80' lang='lat' dir='ltr'><em>Siquis</em></span> <span class='ocrx_word' id='word_1_186' title='bbox 602 2721 772 2802; x_wconf 84' lang='lat' dir='ltr'><em>Presbyter</em></span> <span class='ocrx_word' id='word_1_187' title='bbox 794 2719 999 2802; x_wconf 87' lang='lat' dir='ltr'><em>abEpiscopo</em></span> <span class='ocrx_word' id='word_1_188' title='bbox 1020 2743 1077 2781; x_wconf 89' lang='lat' dir='ltr'><em>suo</em></span> <span class='ocrx_word' id='word_1_189' title='bbox 1095 2722 1284 2802; x_wconf 81' lang='lat' dir='ltr'><em>degradatus</em></span> <span class='ocrx_word' id='word_1_190' title='bbox 1302 2725 1355 2784; x_wconf 85' lang='lat' dir='ltr'><em>vel</em></span> 
     </span>
     <span class='ocr_line' id='line_1_26' title="bbox 231 2801 1355 2884; baseline -0.002 -18"><span class='ocrx_word' id='word_1_191' title='bbox 231 2802 524 2866; x_wconf 83' lang='lat' dir='ltr'><em>excommunicatus</em></span> <span class='ocrx_word' id='word_1_192' title='bbox 548 2801 665 2878; x_wconf 81' lang='lat' dir='ltr'><em>suerit,</em></span> <span class='ocrx_word' id='word_1_193' title='bbox 687 2812 719 2861; x_wconf 90' lang='lat' dir='ltr'><em>et</em></span> <span class='ocrx_word' id='word_1_194' title='bbox 746 2802 811 2882; x_wconf 91' lang='lat' dir='ltr'><em>ipse</em></span> <span class='ocrx_word' id='word_1_195' title='bbox 836 2823 894 2883; x_wconf 92' lang='lat' dir='ltr'><em>per</em></span> <span class='ocrx_word' id='word_1_196' title='bbox 919 2811 1135 2883; x_wconf 87' lang='lat' dir='ltr'><em>contemptum</em></span> <span class='ocrx_word' id='word_1_197' title='bbox 1158 2815 1266 2884; x_wconf 87' lang='lat' dir='ltr'><em>postea</em></span> <span class='ocrx_word' id='word_1_198' title='bbox 1294 2808 1355 2866; x_wconf 84' lang='lat' dir='ltr'><em>aii-</em></span> 
     </span>
     <span class='ocr_line' id='line_1_27' title="bbox 230 2882 1354 2970; baseline 0.004 -26"><span class='ocrx_word' id='word_1_199' title='bbox 230 2885 365 2966; x_wconf 87' lang='lat' dir='ltr'><em>quidde</em></span> <span class='ocrx_word' id='word_1_200' title='bbox 386 2905 443 2944; x_wconf 91' lang='lat' dir='ltr'><em>suo</em></span> <span class='ocrx_word' id='word_1_201' title='bbox 461 2883 564 2944; x_wconf 90' lang='lat' dir='ltr'><em>officio</em></span> <span class='ocrx_word' id='word_1_202' title='bbox 582 2882 650 2944; x_wconf 89' lang='lat' dir='ltr'><em>siue</em></span> <span class='ocrx_word' id='word_1_203' title='bbox 667 2884 802 2944; x_wconf 85' lang='lat' dir='ltr'><em>comiato</em></span> <span class='ocrx_word' id='word_1_204' title='bbox 822 2885 927 2944; x_wconf 87' lang='lat' dir='ltr'><em>facere</em></span> <span class='ocrx_word' id='word_1_205' title='bbox 943 2887 1205 2967; x_wconf 87' lang='lat' dir='ltr'><em>praesumpserit,</em></span> <span class='ocrx_word' id='word_1_206' title='bbox 1229 2897 1261 2949; x_wconf 89' lang='lat' dir='ltr'><em>et</em></span> <span class='ocrx_word' id='word_1_207' title='bbox 1278 2911 1354 2970; x_wconf 92' lang='lat' dir='ltr'><em>pos-</em></span> 
     </span>
     <span class='ocr_line' id='line_1_28' title="bbox 231 2966 1353 3050; baseline 0.002 -24"><span class='ocrx_word' id='word_1_208' title='bbox 231 2976 282 3026; x_wconf 89' lang='lat' dir='ltr'><em>tea</em></span> <span class='ocrx_word' id='word_1_209' title='bbox 312 2967 351 3026; x_wconf 87' lang='lat' dir='ltr'><em>ab</em></span> <span class='ocrx_word' id='word_1_210' title='bbox 375 2966 533 3046; x_wconf 88' lang='lat' dir='ltr'><em>Episcopo</em></span> <span class='ocrx_word' id='word_1_211' title='bbox 562 2973 726 3046; x_wconf 89' lang='lat' dir='ltr'><em>correptus</em></span> <span class='ocrx_word' id='word_1_212' title='bbox 756 2976 787 3026; x_wconf 92' lang='lat' dir='ltr'><em>et</em></span> <span class='ocrx_word' id='word_1_213' title='bbox 820 2967 1111 3028; x_wconf 81' lang='lat' dir='ltr'><em>excommunicatus</em></span> <span class='ocrx_word' id='word_1_214' title='bbox 1138 2968 1257 3045; x_wconf 90' lang='lat' dir='ltr'><em>fuerit,</em></span> <span class='ocrx_word' id='word_1_215' title='bbox 1295 2970 1353 3050; x_wconf 88' lang='lat' dir='ltr'><em>qui</em></span> 
     </span>
     <span class='ocr_line' id='line_1_29' title="bbox 232 3046 1353 3129; baseline 0.003 -21"><span class='ocrx_word' id='word_1_216' title='bbox 232 3069 305 3108; x_wconf 88' lang='lat' dir='ltr'><em>cum</em></span> <span class='ocrx_word' id='word_1_217' title='bbox 326 3048 395 3129; x_wconf 93' lang='lat' dir='ltr'><em>ipso</em></span> <span class='ocrx_word' id='word_1_218' title='bbox 426 3046 708 3108; x_wconf 81' lang='lat' dir='ltr'><em>communicaverit</em></span> <span class='ocrx_word' id='word_1_219' title='bbox 728 3047 882 3122; x_wconf 86' lang='lat' dir='ltr'><em>scienter,</em></span> <span class='ocrx_word' id='word_1_220' title='bbox 912 3048 991 3108; x_wconf 86' lang='lat' dir='ltr'><em>sciat</em></span> <span class='ocrx_word' id='word_1_221' title='bbox 1017 3070 1051 3109; x_wconf 89' lang='lat' dir='ltr'><em>se</em></span> <span class='ocrx_word' id='word_1_222' title='bbox 1076 3071 1143 3110; x_wconf 89' lang='lat' dir='ltr'><em>esse</em></span> <span class='ocrx_word' id='word_1_223' title='bbox 1167 3072 1353 3113; x_wconf 74' lang='lat' dir='ltr'><em>excommu-</em></span> 
     </span>
     <span class='ocr_line' id='line_1_30' title="bbox 231 3128 1353 3210; baseline 0.005 -22"><span class='ocrx_word' id='word_1_224' title='bbox 231 3130 371 3188; x_wconf 88' lang='lat' dir='ltr'><em>nicatum</em></span> <span class='ocrx_word' id='word_1_225' title='bbox 399 3128 555 3194; x_wconf 88' lang='lat' dir='ltr'><em>similiter.</em></span> <span class='ocrx_word' id='word_1_226' title='bbox 614 3128 809 3210; x_wconf 87' lang='lat' dir='ltr'><em>Quicunque</em></span> <span class='ocrx_word' id='word_1_227' title='bbox 844 3129 989 3189; x_wconf 87' lang='lat' dir='ltr'><em>CIericus</em></span> <span class='ocrx_word' id='word_1_228' title='bbox 1018 3132 1069 3190; x_wconf 81' lang='lat' dir='ltr'><em>veI</em></span> <span class='ocrx_word' id='word_1_229' title='bbox 1096 3131 1197 3192; x_wconf 82' lang='lat' dir='ltr'><em>IaIcus</em></span> <span class='ocrx_word' id='word_1_230' title='bbox 1219 3143 1275 3193; x_wconf 90' lang='lat' dir='ltr'><em>aut</em></span> <span class='ocrx_word' id='word_1_231' title='bbox 1302 3135 1353 3194; x_wconf 83' lang='lat' dir='ltr'><em>fe-</em></span> 
     </span>
     <span class='ocr_line' id='line_1_31' title="bbox 229 3210 1353 3297; baseline 0.004 -27"><span class='ocrx_word' id='word_1_232' title='bbox 229 3211 315 3270; x_wconf 89' lang='lat' dir='ltr'><em>mina</em></span> <span class='ocrx_word' id='word_1_233' title='bbox 348 3211 505 3270; x_wconf 88' lang='lat' dir='ltr'><em>incestum</em></span> <span class='ocrx_word' id='word_1_234' title='bbox 532 3210 747 3285; x_wconf 86' lang='lat' dir='ltr'><em>commiserit,</em></span> <span class='ocrx_word' id='word_1_235' title='bbox 783 3222 816 3271; x_wconf 92' lang='lat' dir='ltr'><em>et</em></span> <span class='ocrx_word' id='word_1_236' title='bbox 844 3211 882 3270; x_wconf 91' lang='lat' dir='ltr'><em>ab</em></span> <span class='ocrx_word' id='word_1_237' title='bbox 911 3212 1070 3292; x_wconf 90' lang='lat' dir='ltr'><em>Episcopo</em></span> <span class='ocrx_word' id='word_1_238' title='bbox 1102 3235 1159 3274; x_wconf 90' lang='lat' dir='ltr'><em>suo</em></span> <span class='ocrx_word' id='word_1_239' title='bbox 1186 3225 1353 3297; x_wconf 86' lang='lat' dir='ltr'><em>correptus</em></span> 
     </span>
     <span class='ocr_line' id='line_1_32' title="bbox 231 3292 1350 3374; baseline 0.004 -22"><span class='ocrx_word' id='word_1_240' title='bbox 231 3312 264 3353; x_wconf 88' lang='lat' dir='ltr'><em>se</em></span> <span class='ocrx_word' id='word_1_241' title='bbox 294 3292 463 3352; x_wconf 86' lang='lat' dir='ltr'><em>emendare</em></span> <span class='ocrx_word' id='word_1_242' title='bbox 494 3293 652 3367; x_wconf 84' lang='lat' dir='ltr'><em>noluerit,</em></span> <span class='ocrx_word' id='word_1_243' title='bbox 684 3301 714 3352; x_wconf 89' lang='lat' dir='ltr'><em>ct</em></span> <span class='ocrx_word' id='word_1_244' title='bbox 742 3293 780 3352; x_wconf 91' lang='lat' dir='ltr'><em>ab</em></span> <span class='ocrx_word' id='word_1_245' title='bbox 809 3293 876 3374; x_wconf 86' lang='lat' dir='ltr'><em>ipso</em></span> <span class='ocrx_word' id='word_1_246' title='bbox 907 3296 1200 3355; x_wconf 78' lang='lat' dir='ltr'><em>excommunicatus</em></span> <span class='ocrx_word' id='word_1_247' title='bbox 1233 3297 1350 3372; x_wconf 86' lang='lat' dir='ltr'><em>fuerit,</em></span> 
     </span>
     <span class='ocr_line' id='line_1_33' title="bbox 230 3372 1354 3454; baseline 0.01 -25"><span class='ocrx_word' id='word_1_248' title='bbox 230 3372 287 3454; x_wconf 89' lang='lat' dir='ltr'><em>qui</em></span> <span class='ocrx_word' id='word_1_249' title='bbox 308 3383 414 3452; x_wconf 87' lang='lat' dir='ltr'><em>postea</em></span> <span class='ocrx_word' id='word_1_250' title='bbox 435 3395 508 3432; x_wconf 90' lang='lat' dir='ltr'><em>cum</em></span> <span class='ocrx_word' id='word_1_251' title='bbox 527 3375 594 3454; x_wconf 86' lang='lat' dir='ltr'><em>ipso</em></span> <span class='ocrx_word' id='word_1_252' title='bbox 614 3375 913 3450; x_wconf 86' lang='lat' dir='ltr'><em>communicaverit,</em></span> <span class='ocrx_word' id='word_1_253' title='bbox 934 3375 1081 3435; x_wconf 87' lang='lat' dir='ltr'><em>similiter</em></span> <span class='ocrx_word' id='word_1_254' title='bbox 1098 3379 1354 3439; x_wconf 85' lang='lat' dir='ltr'><em>excommunice-</em></span> 
     </span>
     <span class='ocr_line' id='line_1_34' title="bbox 231 3455 1350 3535; baseline 0.005 -21"><span class='ocrx_word' id='word_1_255' title='bbox 231 3463 294 3518; x_wconf 84' lang='lat' dir='ltr'><em>tur.</em></span> <span class='ocrx_word' id='word_1_256' title='bbox 335 3455 377 3513; x_wconf 89' lang='lat' dir='ltr'><em>Et</em></span> <span class='ocrx_word' id='word_1_257' title='bbox 399 3463 434 3512; x_wconf 91' lang='lat' dir='ltr'><em>ut</em></span> <span class='ocrx_word' id='word_1_258' title='bbox 447 3456 551 3516; x_wconf 88' lang='lat' dir='ltr'><em>sciatis</em></span> <span class='ocrx_word' id='word_1_259' title='bbox 570 3456 673 3534; x_wconf 91' lang='lat' dir='ltr'><em>qualis</em></span> <span class='ocrx_word' id='word_1_260' title='bbox 688 3457 728 3516; x_wconf 88' lang='lat' dir='ltr'><em>sit</em></span> <span class='ocrx_word' id='word_1_261' title='bbox 744 3457 853 3516; x_wconf 87' lang='lat' dir='ltr'><em>modus</em></span> <span class='ocrx_word' id='word_1_262' title='bbox 876 3457 965 3517; x_wconf 89' lang='lat' dir='ltr'><em>istius</em></span> <span class='ocrx_word' id='word_1_263' title='bbox 993 3461 1350 3535; x_wconf 89' lang='lat' dir='ltr'><em>excommunicationis,</em></span> 
     </span>
     <span class='ocr_line' id='line_1_35' title="bbox 231 3536 1351 3612; baseline 0.004 -16"><span class='ocrx_word' id='word_1_264' title='bbox 231 3537 263 3597; x_wconf 90' lang='lat' dir='ltr'><em>in</em></span> <span class='ocrx_word' id='word_1_265' title='bbox 282 3536 460 3595; x_wconf 84' lang='lat' dir='ltr'><em>Ecclesiam</em></span> <span class='ocrx_word' id='word_1_266' title='bbox 474 3558 538 3595; x_wconf 89' lang='lat' dir='ltr'><em>non</em></span> <span class='ocrx_word' id='word_1_267' title='bbox 562 3536 655 3596; x_wconf 89' lang='lat' dir='ltr'><em>debet</em></span> <span class='ocrx_word' id='word_1_268' title='bbox 671 3538 806 3612; x_wconf 87' lang='lat' dir='ltr'><em>intrare,</em></span> <span class='ocrx_word' id='word_1_269' title='bbox 828 3559 888 3598; x_wconf 89' lang='lat' dir='ltr'><em>nec</em></span> <span class='ocrx_word' id='word_1_270' title='bbox 913 3561 984 3598; x_wconf 88' lang='lat' dir='ltr'><em>cum</em></span> <span class='ocrx_word' id='word_1_271' title='bbox 1006 3540 1073 3598; x_wconf 88' lang='lat' dir='ltr'><em>ullo</em></span> <span class='ocrx_word' id='word_1_272' title='bbox 1100 3539 1281 3602; x_wconf 89' lang='lat' dir='ltr'><em>Christiano</em></span> <span class='ocrx_word' id='word_1_273' title='bbox 1304 3542 1351 3602; x_wconf 90' lang='lat' dir='ltr'><em>ci-</em></span> 
     </span>
     <span class='ocr_line' id='line_1_36' title="bbox 229 3619 1350 3704; baseline 0.002 -23"><span class='ocrx_word' id='word_1_274' title='bbox 229 3619 306 3681; x_wconf 83' lang='lat' dir='ltr'><em>bum</em></span> <span class='ocrx_word' id='word_1_275' title='bbox 323 3619 373 3676; x_wconf 88' lang='lat' dir='ltr'><em>veI</em></span> <span class='ocrx_word' id='word_1_276' title='bbox 393 3628 503 3698; x_wconf 89' lang='lat' dir='ltr'><em>potum</em></span> <span class='ocrx_word' id='word_1_277' title='bbox 525 3639 669 3689; x_wconf 88' lang='lat' dir='ltr'><em>sumere;</em></span> <span class='ocrx_word' id='word_1_278' title='bbox 694 3641 753 3678; x_wconf 92' lang='lat' dir='ltr'><em>nec</em></span> <span class='ocrx_word' id='word_1_279' title='bbox 771 3620 838 3679; x_wconf 91' lang='lat' dir='ltr'><em>eius</em></span> <span class='ocrx_word' id='word_1_280' title='bbox 856 3641 986 3679; x_wconf 88' lang='lat' dir='ltr'><em>munera</em></span> <span class='ocrx_word' id='word_1_281' title='bbox 1013 3621 1180 3701; x_wconf 86' lang='lat' dir='ltr'><em>quisquam</em></span> <span class='ocrx_word' id='word_1_282' title='bbox 1206 3624 1350 3704; x_wconf 88' lang='lat' dir='ltr'><em>accipere</em></span> 
     </span>
     <span class='ocr_line' id='line_1_37' title="bbox 231 3699 1350 3786; baseline 0.004 -26"><span class='ocrx_word' id='word_1_283' title='bbox 231 3699 345 3773; x_wconf 87' lang='lat' dir='ltr'><em>debet,</em></span> <span class='ocrx_word' id='word_1_284' title='bbox 368 3700 418 3758; x_wconf 86' lang='lat' dir='ltr'><em>vel</em></span> <span class='ocrx_word' id='word_1_285' title='bbox 437 3699 581 3759; x_wconf 88' lang='lat' dir='ltr'><em>osculum</em></span> <span class='ocrx_word' id='word_1_286' title='bbox 601 3699 787 3780; x_wconf 80' lang='lat' dir='ltr'><em>porrigere,</em></span> <span class='ocrx_word' id='word_1_287' title='bbox 819 3721 878 3759; x_wconf 90' lang='lat' dir='ltr'><em>nec</em></span> <span class='ocrx_word' id='word_1_288' title='bbox 909 3702 940 3760; x_wconf 92' lang='lat' dir='ltr'><em>in</em></span> <span class='ocrx_word' id='word_1_289' title='bbox 969 3704 1111 3763; x_wconf 85' lang='lat' dir='ltr'><em>oratione</em></span> <span class='ocrx_word' id='word_1_290' title='bbox 1141 3726 1174 3763; x_wconf 93' lang='lat' dir='ltr'><em>se</em></span> <span class='ocrx_word' id='word_1_291' title='bbox 1202 3705 1350 3786; x_wconf 81' lang='lat' dir='ltr'><em>iungere,</em></span> 
     </span>
     <span class='ocr_line' id='line_1_38' title="bbox 232 3781 1350 3864; baseline 0.004 -21"><span class='ocrx_word' id='word_1_292' title='bbox 232 3803 292 3843; x_wconf 89' lang='lat' dir='ltr'><em>nec</em></span> <span class='ocrx_word' id='word_1_293' title='bbox 325 3781 484 3856; x_wconf 90' lang='lat' dir='ltr'><em>salutare,</em></span> <span class='ocrx_word' id='word_1_294' title='bbox 511 3789 681 3860; x_wconf 85' lang='lat' dir='ltr'><em>antequam</em></span> <span class='ocrx_word' id='word_1_295' title='bbox 706 3783 744 3840; x_wconf 87' lang='lat' dir='ltr'><em>ab</em></span> <span class='ocrx_word' id='word_1_296' title='bbox 764 3783 920 3864; x_wconf 86' lang='lat' dir='ltr'><em>Episcopo</em></span> <span class='ocrx_word' id='word_1_297' title='bbox 945 3805 1002 3843; x_wconf 90' lang='lat' dir='ltr'><em>suo</em></span> <span class='ocrx_word' id='word_1_298' title='bbox 1031 3783 1071 3845; x_wconf 89' lang='lat' dir='ltr'><em>sit</em></span> <span class='ocrx_word' id='word_1_299' title='bbox 1112 3788 1350 3848; x_wconf 90' lang='lat' dir='ltr'><em>reconciIiatus.</em></span> 
     </span>
     <span class='ocr_line' id='line_1_39' title="bbox 233 3861 1352 3944; baseline 0.004 -23"><span class='ocrx_word' id='word_1_300' title='bbox 233 3863 328 3939; x_wconf 87' lang='lat' dir='ltr'><em>Quod</em></span> <span class='ocrx_word' id='word_1_301' title='bbox 342 3862 367 3922; x_wconf 89' lang='lat' dir='ltr'><em>si</em></span> <span class='ocrx_word' id='word_1_302' title='bbox 385 3861 500 3943; x_wconf 89' lang='lat' dir='ltr'><em>aliquis</em></span> <span class='ocrx_word' id='word_1_303' title='bbox 515 3883 546 3934; x_wconf 85' lang='lat' dir='ltr'><em>se</em></span> <span class='ocrx_word' id='word_1_304' title='bbox 566 3863 786 3923; x_wconf 82' lang='lat' dir='ltr'><em>reclamaverit</em></span> <span class='ocrx_word' id='word_1_305' title='bbox 801 3865 887 3944; x_wconf 85' lang='lat' dir='ltr'><em>quod</em></span> <span class='ocrx_word' id='word_1_306' title='bbox 905 3865 1019 3926; x_wconf 89' lang='lat' dir='ltr'><em>iniuste</em></span> <span class='ocrx_word' id='word_1_307' title='bbox 1037 3866 1079 3926; x_wconf 90' lang='lat' dir='ltr'><em>sit</em></span> <span class='ocrx_word' id='word_1_308' title='bbox 1092 3867 1352 3928; x_wconf 81' lang='lat' dir='ltr'><em>excommunica-</em></span> 
     </span>
     <span class='ocr_line' id='line_1_40' title="bbox 232 3943 1352 4028; baseline 0.006 -25"><span class='ocrx_word' id='word_1_309' title='bbox 232 3953 301 4016; x_wconf 86' lang='lat' dir='ltr'><em>tus,</em></span> <span class='ocrx_word' id='word_1_310' title='bbox 324 3944 486 4003; x_wconf 86' lang='lat' dir='ltr'><em>IIceutiam</em></span> <span class='ocrx_word' id='word_1_311' title='bbox 506 3943 619 4003; x_wconf 88' lang='lat' dir='ltr'><em>habeat</em></span> <span class='ocrx_word' id='word_1_312' title='bbox 639 3946 678 4004; x_wconf 83' lang='lat' dir='ltr'><em>ad</em></span> <span class='ocrx_word' id='word_1_313' title='bbox 700 3946 980 4027; x_wconf 87' lang='lat' dir='ltr'><em>metropolitanum</em></span> <span class='ocrx_word' id='word_1_314' title='bbox 1004 3947 1196 4028; x_wconf 89' lang='lat' dir='ltr'><em>Episcopum</em></span> <span class='ocrx_word' id='word_1_315' title='bbox 1222 3950 1352 4025; x_wconf 87' lang='lat' dir='ltr'><em>venire,</em></span> 
     </span>
     <span class='ocr_line' id='line_1_41' title="bbox 232 4025 1354 4100; baseline 0.003 -14"><span class='ocrx_word' id='word_1_316' title='bbox 232 4036 274 4091; x_wconf 72' lang='lat' dir='ltr'><em>ut¹</em></span> <span class='ocrx_word' id='word_1_317' title='bbox 286 4025 403 4086; x_wconf 87' lang='lat' dir='ltr'><em>ibidem</em></span> <span class='ocrx_word' id='word_1_318' title='bbox 419 4027 596 4086; x_wconf 89' lang='lat' dir='ltr'><em>secundum</em></span> <span class='ocrx_word' id='word_1_319' title='bbox 620 4029 806 4088; x_wconf 87' lang='lat' dir='ltr'><em>canonicam</em></span> <span class='ocrx_word' id='word_1_320' title='bbox 828 4028 1061 4088; x_wconf 88' lang='lat' dir='ltr'><em>institutionem</em></span> <span class='ocrx_word' id='word_1_321' title='bbox 1086 4029 1296 4100; x_wconf 65' lang='lat' dir='ltr'><em>diiudicatum</em></span> <span class='ocrx_word' id='word_1_322' title='bbox 1320 4041 1354 4090; x_wconf 93' lang='lat' dir='ltr'><em>et</em></span> 
     </span>
     <span class='ocr_line' id='line_1_42' title="bbox 231 4107 1352 4191; baseline 0.005 -25"><span class='ocrx_word' id='word_1_323' title='bbox 231 4107 361 4176; x_wconf 83' lang='lat' dir='ltr'><em>interim</em></span> <span class='ocrx_word' id='word_1_324' title='bbox 375 4129 462 4166; x_wconf 86' lang='lat' dir='ltr'><em>suam</em></span> <span class='ocrx_word' id='word_1_325' title='bbox 479 4109 841 4169; x_wconf 82' lang='lat' dir='ltr'><em>excommunicationem</em></span> <span class='ocrx_word' id='word_1_326' title='bbox 861 4109 1025 4170; x_wconf 89' lang='lat' dir='ltr'><em>custodiat.</em></span> <span class='ocrx_word' id='word_1_327' title='bbox 1068 4112 1163 4186; x_wconf 88' lang='lat' dir='ltr'><em>Quod</em></span> <span class='ocrx_word' id='word_1_328' title='bbox 1188 4113 1212 4176; x_wconf 89' lang='lat' dir='ltr'><em>si</em></span> <span class='ocrx_word' id='word_1_329' title='bbox 1233 4112 1352 4191; x_wconf 88' lang='lat' dir='ltr'><em>aliquis</em></span> 
     </span>
     <span class='ocr_line' id='line_1_43' title="bbox 232 4188 1352 4273; baseline 0.009 -23"><span class='ocrx_word' id='word_1_330' title='bbox 232 4189 290 4250; x_wconf 87' lang='lat' dir='ltr'><em>ista</em></span> <span class='ocrx_word' id='word_1_331' title='bbox 306 4188 411 4247; x_wconf 85' lang='lat' dir='ltr'><em>omnia</em></span> <span class='ocrx_word' id='word_1_332' title='bbox 435 4191 671 4270; x_wconf 87' lang='lat' dir='ltr'><em>contempserit,</em></span> <span class='ocrx_word' id='word_1_333' title='bbox 688 4200 720 4250; x_wconf 89' lang='lat' dir='ltr'><em>et</em></span> <span class='ocrx_word' id='word_1_334' title='bbox 741 4191 917 4273; x_wconf 89' lang='lat' dir='ltr'><em>Episcopus</em></span> <span class='ocrx_word' id='word_1_335' title='bbox 941 4192 1002 4251; x_wconf 94' lang='lat' dir='ltr'><em>hoc</em></span> <span class='ocrx_word' id='word_1_336' title='bbox 1023 4191 1155 4252; x_wconf 88' lang='lat' dir='ltr'><em>minime</em></span> <span class='ocrx_word' id='word_1_337' title='bbox 1180 4195 1352 4260; x_wconf 81' lang='lat' dir='ltr'><em>emendare</em></span> 
     </span>
     <span class='ocr_line' id='line_1_44' title="bbox 230 4269 1227 4362; baseline 0.006 -29"><span class='ocrx_word' id='word_1_338' title='bbox 230 4269 384 4357; x_wconf 85' lang='lat' dir='ltr'><em>potuerit,</em></span> <span class='ocrx_word' id='word_1_339' title='bbox 405 4272 499 4357; x_wconf 75' lang='lat' dir='ltr'><em>Regis</em></span> <span class='ocrx_word' id='word_1_340' title='bbox 518 4271 639 4336; x_wconf 89' lang='lat' dir='ltr'><em>iudicio</em></span> <span class='ocrx_word' id='word_1_341' title='bbox 658 4272 758 4336; x_wconf 87' lang='lat' dir='ltr'><em>exilio</em></span> <span class='ocrx_word' id='word_1_342' title='bbox 775 4275 1017 4338; x_wconf 85' lang='lat' dir='ltr'><em>condemnetur.</em></span> <span class='ocrx_word' id='word_1_343' title='bbox 1064 4273 1148 4338; x_wconf 75' lang='lat' dir='ltr'><em>aoid.</em></span> <span class='ocrx_word' id='word_1_344' title='bbox 1162 4297 1188 4339; x_wconf 93' lang='lat' dir='ltr'><em>c.</em></span> <span class='ocrx_word' id='word_1_345' title='bbox 1198 4297 1227 4362; x_wconf 83' lang='lat'><em>9.</em></span> 
     </span>
    </p>
   </div>
   <div class='ocr_carea' id='block_1_12' title="bbox 0 0 1468 4984">
    <p class='ocr_par' dir='ltr' id='par_1_12' title="bbox 0 0 1468 4984">
     <span class='ocr_line' id='line_1_45' title="bbox 0 0 1468 4984; baseline 0 0"><span class='ocrx_word' id='word_1_346' title='bbox 0 0 1468 4984; x_wconf 95' lang='lat' dir='ltr'><em> </em></span> 
     </span>
    </p>
   </div>
  </div>
 </body>
</html>
