<?xml version="1.0" encoding="UTF-8"?>
<!DOCTYPE html PUBLIC "-//W3C//DTD XHTML 1.0 Transitional//EN"
    "http://www.w3.org/TR/xhtml1/DTD/xhtml1-transitional.dtd">
<html xmlns="http://www.w3.org/1999/xhtml" xml:lang="en" lang="en">
 <head>
  <title>
</title>
<meta http-equiv="Content-Type" content="text/html;charset=utf-8" />
  <meta name='ocr-system' content='tesseract 3.04.00' />
  <meta name='ocr-capabilities' content='ocr_page ocr_carea ocr_par ocr_line ocrx_word'/>
</head>
<body>
  <div class='ocr_page' id='page_1' title='image "./corpusiurisgerm04visigoog_0162.png"; bbox 0 0 2926 4984; ppageno 0'>
   <div class='ocr_carea' id='block_1_1' title="bbox 546 313 1258 405">
    <p class='ocr_par' dir='ltr' id='par_1_1' title="bbox 546 313 1258 405">
     <span class='ocr_line' id='line_1_1' title="bbox 546 313 1258 405; baseline -0.011 -9"><span class='ocrx_word' id='word_1_1' title='bbox 546 339 663 398; x_wconf 79' lang='lat' dir='ltr'><strong>ussa</strong></span> <span class='ocrx_word' id='word_1_2' title='bbox 698 332 880 404; x_wconf 81' lang='lat' dir='ltr'><strong>oumros.</strong></span> <span class='ocrx_word' id='word_1_3' title='bbox 1006 343 1009 350; x_wconf 58' lang='grc'><em>’</em></span> <span class='ocrx_word' id='word_1_4' title='bbox 1184 313 1258 405; x_wconf 77' lang='lat'><strong>⁵59</strong></span> 
     </span>
    </p>
   </div>
   <div class='ocr_carea' id='block_1_2' title="bbox 118 473 1262 898">
    <p class='ocr_par' dir='ltr' id='par_1_2' title="bbox 118 473 1262 898">
     <span class='ocr_line' id='line_1_2' title="bbox 118 473 1260 566; baseline -0.007 -20"><span class='ocrx_word' id='word_1_5' title='bbox 118 481 284 546; x_wconf 85' lang='lat' dir='ltr'><strong>iudicium</strong></span> <span class='ocrx_word' id='word_1_6' title='bbox 302 483 457 548; x_wconf 86' lang='lat' dir='ltr'><strong>sustineat</strong></span> <span class='ocrx_word' id='word_1_7' title='bbox 476 478 566 566; x_wconf 88' lang='lat' dir='ltr'><strong>quod</strong></span> <span class='ocrx_word' id='word_1_8' title='bbox 587 489 682 542; x_wconf 85' lang='lat' dir='ltr'><strong>antea</strong></span> <span class='ocrx_word' id='word_1_9' title='bbox 701 479 860 543; x_wconf 84' lang='lat' dir='ltr'><strong>sustinere</strong></span> <span class='ocrx_word' id='word_1_10' title='bbox 876 476 1000 544; x_wconf 80' lang='lat' dir='ltr'><strong>debuit.</strong></span> <span class='ocrx_word' id='word_1_11' title='bbox 1039 476 1083 538; x_wconf 86' lang='lat' dir='ltr'><strong>Et</strong></span> <span class='ocrx_word' id='word_1_12' title='bbox 1102 474 1128 538; x_wconf 87' lang='lat' dir='ltr'><strong>si</strong></span> <span class='ocrx_word' id='word_1_13' title='bbox 1142 473 1260 557; x_wconf 86' lang='lat' dir='ltr'><strong>aliquis</strong></span> 
     </span>
     <span class='ocr_line' id='line_1_3' title="bbox 119 558 1260 649; baseline -0.01 -21"><span class='ocrx_word' id='word_1_14' title='bbox 119 569 278 630; x_wconf 79' lang='lat' dir='ltr'><strong>adversus</strong></span> <span class='ocrx_word' id='word_1_15' title='bbox 300 589 375 630; x_wconf 84' lang='lat' dir='ltr'><strong>eum</strong></span> <span class='ocrx_word' id='word_1_16' title='bbox 391 567 500 649; x_wconf 79' lang='lat' dir='ltr'><strong>aliqua</strong></span> <span class='ocrx_word' id='word_1_17' title='bbox 520 562 754 641; x_wconf 85' lang='lat' dir='ltr'><strong>malefecerit,</strong></span> <span class='ocrx_word' id='word_1_18' title='bbox 777 564 959 625; x_wconf 88' lang='lat' dir='ltr'><strong>secundum</strong></span> <span class='ocrx_word' id='word_1_19' title='bbox 979 558 1148 642; x_wconf 85' lang='lat' dir='ltr'><strong>aequitatis</strong></span> <span class='ocrx_word' id='word_1_20' title='bbox 1170 558 1260 619; x_wconf 84' lang='lat' dir='ltr'><strong>ordi·</strong></span> 
     </span>
     <span class='ocr_line' id='line_1_4' title="bbox 119 640 1262 730; baseline -0.009 -18"><span class='ocrx_word' id='word_1_21' title='bbox 119 671 199 712; x_wconf 89' lang='lat' dir='ltr'><strong>nem</strong></span> <span class='ocrx_word' id='word_1_22' title='bbox 209 650 382 724; x_wconf 71' lang='lat' dir='ltr'>licentiam</span> <span class='ocrx_word' id='word_1_23' title='bbox 399 650 516 711; x_wconf 87' lang='lat' dir='ltr'><strong>habeat</strong></span> <span class='ocrx_word' id='word_1_24' title='bbox 531 669 621 708; x_wconf 89' lang='lat' dir='ltr'><strong>suam</strong></span> <span class='ocrx_word' id='word_1_25' title='bbox 641 645 796 707; x_wconf 86' lang='lat' dir='ltr'><strong>iustitium</strong></span> <span class='ocrx_word' id='word_1_26' title='bbox 812 642 1005 730; x_wconf 86' lang='lat' dir='ltr'><strong>requirendi</strong></span> <span class='ocrx_word' id='word_1_27' title='bbox 1020 640 1175 704; x_wconf 85' lang='lat' dir='ltr'><strong>decausis</strong></span> <span class='ocrx_word' id='word_1_28' title='bbox 1189 659 1262 724; x_wconf 81' lang='lat' dir='ltr'><strong>per·</strong></span> 
     </span>
     <span class='ocr_line' id='line_1_5' title="bbox 118 723 1259 816; baseline -0.008 -23"><span class='ocrx_word' id='word_1_29' title='bbox 118 731 255 816; x_wconf 86' lang='lat' dir='ltr'><strong>petratis</strong></span> <span class='ocrx_word' id='word_1_30' title='bbox 272 742 441 816; x_wconf 84' lang='lat' dir='ltr'><strong>postquam</strong></span> <span class='ocrx_word' id='word_1_31' title='bbox 456 731 497 791; x_wconf 87' lang='lat' dir='ltr'><strong>ad</strong></span> <span class='ocrx_word' id='word_1_32' title='bbox 512 740 649 790; x_wconf 88' lang='lat' dir='ltr'><strong>mortem</strong></span> <span class='ocrx_word' id='word_1_33' title='bbox 662 729 821 791; x_wconf 88' lang='lat' dir='ltr'><strong>iudicatus</strong></span> <span class='ocrx_word' id='word_1_34' title='bbox 837 739 895 796; x_wconf 89' lang='lat' dir='ltr'><strong>est.</strong></span> <span class='ocrx_word' id='word_1_35' title='bbox 924 729 973 788; x_wconf 88' lang='lat' dir='ltr'><strong>De</strong></span> <span class='ocrx_word' id='word_1_36' title='bbox 990 723 1176 810; x_wconf 82' lang='lat' dir='ltr'><strong>praeteritis</strong></span> <span class='ocrx_word' id='word_1_37' title='bbox 1189 737 1259 784; x_wconf 79' lang='lat' dir='ltr'><strong>mt-</strong></span> 
     </span>
     <span class='ocr_line' id='line_1_6' title="bbox 120 810 934 898; baseline -0.004 -23"><span class='ocrx_word' id='word_1_38' title='bbox 120 824 199 876; x_wconf 88' lang='lat' dir='ltr'><strong>neat</strong></span> <span class='ocrx_word' id='word_1_39' title='bbox 214 810 298 876; x_wconf 86' lang='lat' dir='ltr'><strong>sicut</strong></span> <span class='ocrx_word' id='word_1_40' title='bbox 313 837 406 898; x_wconf 87' lang='lat' dir='ltr'><strong>supra</strong></span> <span class='ocrx_word' id='word_1_41' title='bbox 423 814 601 875; x_wconf 89' lang='lat' dir='ltr'><strong>iudicatum</strong></span> <span class='ocrx_word' id='word_1_42' title='bbox 614 813 687 878; x_wconf 81' lang='lat' dir='ltr'><strong>fuit.</strong></span> <span class='ocrx_word' id='word_1_43' title='bbox 728 813 813 877; x_wconf 82' lang='lat' dir='ltr'><strong>[bid.</strong></span> <span class='ocrx_word' id='word_1_44' title='bbox 836 833 861 874; x_wconf 86' lang='lat' dir='ltr'><strong>c.</strong></span> <span class='ocrx_word' id='word_1_45' title='bbox 882 811 934 891; x_wconf 77' lang='grc'><strong>48.</strong></span> 
     </span>
    </p>
   </div>
   <div class='ocr_carea' id='block_1_3' title="bbox 171 911 1211 1003">
    <p class='ocr_par' dir='ltr' id='par_1_3' title="bbox 171 911 1211 1003">
     <span class='ocr_line' id='line_1_7' title="bbox 171 911 1211 1003; baseline -0.006 -23"><span class='ocrx_word' id='word_1_46' title='bbox 171 921 220 980; x_wconf 88' lang='lat' dir='ltr'><strong>De</strong></span> <span class='ocrx_word' id='word_1_47' title='bbox 237 922 346 982; x_wconf 84' lang='lat' dir='ltr'><strong>liberis</strong></span> <span class='ocrx_word' id='word_1_48' title='bbox 364 921 541 982; x_wconf 80' lang='lat' dir='ltr'><strong>bominibus</strong></span> <span class='ocrx_word' id='word_1_49' title='bbox 561 921 616 1003; x_wconf 85' lang='lat' dir='ltr'><strong>qui</strong></span> <span class='ocrx_word' id='word_1_50' title='bbox 637 917 681 980; x_wconf 87' lang='lat' dir='ltr'><strong>ad</strong></span> <span class='ocrx_word' id='word_1_51' title='bbox 695 919 825 979; x_wconf 82' lang='lat' dir='ltr'><strong>mullum</strong></span> <span class='ocrx_word' id='word_1_52' title='bbox 844 919 954 980; x_wconf 82' lang='lat' dir='ltr'><strong>uenire</strong></span> <span class='ocrx_word' id='word_1_53' title='bbox 976 911 1110 996; x_wconf 79' lang='lat' dir='ltr'><strong>cogendi</strong></span> <span class='ocrx_word' id='word_1_54' title='bbox 1129 925 1211 975; x_wconf 87' lang='lat' dir='ltr'><strong>suut.</strong></span> 
     </span>
    </p>
   </div>
   <div class='ocr_carea' id='block_1_4' title="bbox 119 1017 1284 1358">
    <p class='ocr_par' dir='ltr' id='par_1_4' title="bbox 119 1017 1284 1358">
     <span class='ocr_line' id='line_1_8' title="bbox 207 1017 1284 1090; baseline -0.009 0"><span class='ocrx_word' id='word_1_55' title='bbox 207 1026 475 1090; x_wconf 86' lang='lat' dir='ltr'>CCLXXXVIII.</span> <span class='ocrx_word' id='word_1_56' title='bbox 520 1029 563 1086; x_wconf 90' lang='lat' dir='ltr'><strong>Ut</strong></span> <span class='ocrx_word' id='word_1_57' title='bbox 581 1025 692 1085; x_wconf 85' lang='lat' dir='ltr'><strong>nullus</strong></span> <span class='ocrx_word' id='word_1_58' title='bbox 715 1024 797 1086; x_wconf 88' lang='lat' dir='ltr'><strong>alius</strong></span> <span class='ocrx_word' id='word_1_59' title='bbox 819 1023 858 1085; x_wconf 89' lang='lat' dir='ltr'><strong>de</strong></span> <span class='ocrx_word' id='word_1_60' title='bbox 882 1021 993 1085; x_wconf 89' lang='lat' dir='ltr'><strong>liberis</strong></span> <span class='ocrx_word' id='word_1_61' title='bbox 1012 1019 1200 1082; x_wconf 85' lang='lat' dir='ltr'><strong>bominibus</strong></span> <span class='ocrx_word' id='word_1_62' title='bbox 1220 1017 1284 1080; x_wconf 67' lang='lat' dir='ltr'><strong>ad,</strong></span> 
     </span>
     <span class='ocr_line' id='line_1_9' title="bbox 119 1101 1260 1194; baseline -0.006 -24"><span class='ocrx_word' id='word_1_63' title='bbox 119 1110 280 1194; x_wconf 82' lang='lat' dir='ltr'><strong>placitum</strong></span> <span class='ocrx_word' id='word_1_64' title='bbox 298 1109 349 1170; x_wconf 85' lang='lat' dir='ltr'><strong>vel</strong></span> <span class='ocrx_word' id='word_1_65' title='bbox 368 1109 408 1168; x_wconf 90' lang='lat' dir='ltr'><strong>ad</strong></span> <span class='ocrx_word' id='word_1_66' title='bbox 425 1108 560 1168; x_wconf 90' lang='lat' dir='ltr'><strong>mallum</strong></span> <span class='ocrx_word' id='word_1_67' title='bbox 577 1108 691 1173; x_wconf 77' lang='lat' dir='ltr'><strong>uenire</strong></span> <span class='ocrx_word' id='word_1_68' title='bbox 715 1117 859 1190; x_wconf 81' lang='lat' dir='ltr'>cogatur,</span> <span class='ocrx_word' id='word_1_69' title='bbox 882 1101 1024 1187; x_wconf 80' lang='lat' dir='ltr'><strong>exceptis</strong></span> <span class='ocrx_word' id='word_1_70' title='bbox 1044 1101 1190 1165; x_wconf 89' lang='lat' dir='ltr'><strong>Scabinis</strong></span> <span class='ocrx_word' id='word_1_71' title='bbox 1208 1102 1260 1163; x_wconf 79' lang='lat' dir='ltr'><strong>vel</strong></span> 
     </span>
     <span class='ocr_line' id='line_1_10' title="bbox 121 1185 1263 1272; baseline -0.009 -17"><span class='ocrx_word' id='word_1_72' title='bbox 121 1193 235 1255; x_wconf 84' lang='lat' dir='ltr'><strong>Vassis</strong></span> <span class='ocrx_word' id='word_1_73' title='bbox 251 1191 428 1266; x_wconf 82' lang='lat' dir='ltr'><strong>Comitum,</strong></span> <span class='ocrx_word' id='word_1_74' title='bbox 450 1190 513 1252; x_wconf 88' lang='lat' dir='ltr'><strong>nisi</strong></span> <span class='ocrx_word' id='word_1_75' title='bbox 537 1190 594 1272; x_wconf 89' lang='lat' dir='ltr'><strong>qui</strong></span> <span class='ocrx_word' id='word_1_76' title='bbox 614 1209 741 1252; x_wconf 83' lang='lat' dir='ltr'><strong>oausam</strong></span> <span class='ocrx_word' id='word_1_77' title='bbox 763 1213 854 1252; x_wconf 89' lang='lat' dir='ltr'><strong>suam</strong></span> <span class='ocrx_word' id='word_1_78' title='bbox 874 1189 1046 1272; x_wconf 83' lang='lat' dir='ltr'><strong>adquirere</strong></span> <span class='ocrx_word' id='word_1_79' title='bbox 1066 1185 1187 1249; x_wconf 85' lang='lat' dir='ltr'><strong>debent</strong></span> <span class='ocrx_word' id='word_1_80' title='bbox 1205 1193 1263 1246; x_wconf 81' lang='lat' dir='ltr'><strong>aut</strong></span> 
     </span>
     <span class='ocr_line' id='line_1_11' title="bbox 121 1271 579 1358; baseline -0.009 -22"><span class='ocrx_word' id='word_1_81' title='bbox 121 1277 332 1358; x_wconf 82' lang='lat' dir='ltr'><strong>respondere.</strong></span> <span class='ocrx_word' id='word_1_82' title='bbox 373 1271 458 1340; x_wconf 74' lang='lat' dir='ltr'><strong>thid.</strong></span> <span class='ocrx_word' id='word_1_83' title='bbox 482 1295 508 1335; x_wconf 87' lang='lat' dir='ltr'><strong>c.</strong></span> <span class='ocrx_word' id='word_1_84' title='bbox 529 1277 579 1340; x_wconf 82' lang='lat'><strong>51,</strong></span> 
     </span>
    </p>
   </div>
   <div class='ocr_carea' id='block_1_5' title="bbox 141 1373 1263 1566">
    <p class='ocr_par' dir='ltr' id='par_1_5' title="bbox 141 1373 1263 1566">
     <span class='ocr_line' id='line_1_12' title="bbox 141 1373 1241 1474; baseline -0.003 -33"><span class='ocrx_word' id='word_1_85' title='bbox 141 1381 194 1441; x_wconf 83' lang='lat' dir='ltr'><strong>De</strong></span> <span class='ocrx_word' id='word_1_86' title='bbox 218 1380 347 1440; x_wconf 84' lang='lat' dir='ltr'><strong>testibus</strong></span> <span class='ocrx_word' id='word_1_87' title='bbox 368 1379 412 1440; x_wconf 81' lang='lat' dir='ltr'><strong>od</strong></span> <span class='ocrx_word' id='word_1_88' title='bbox 434 1381 645 1474; x_wconf 80' lang='lat' dir='ltr'><strong>testimouium</strong></span> <span class='ocrx_word' id='word_1_89' title='bbox 667 1377 850 1450; x_wconf 77' lang='lat' dir='ltr'><strong>dicendum„</strong></span> <span class='ocrx_word' id='word_1_90' title='bbox 867 1378 1003 1460; x_wconf 82' lang='lat' dir='ltr'><strong>qualiter</strong></span> <span class='ocrx_word' id='word_1_91' title='bbox 1022 1373 1241 1440; x_wconf 76' lang='lat' dir='ltr'><strong>adhibeantur.</strong></span> 
     </span>
     <span class='ocr_line' id='line_1_13' title="bbox 210 1483 1263 1566; baseline -0.005 -17"><span class='ocrx_word' id='word_1_92' title='bbox 210 1485 458 1551; x_wconf 84' lang='lat' dir='ltr'><strong>CCLXXXlX.</strong></span> <span class='ocrx_word' id='word_1_93' title='bbox 500 1489 543 1547; x_wconf 90' lang='lat' dir='ltr'><strong>Ut</strong></span> <span class='ocrx_word' id='word_1_94' title='bbox 564 1494 662 1547; x_wconf 87' lang='lat' dir='ltr'><strong>testes</strong></span> <span class='ocrx_word' id='word_1_95' title='bbox 683 1484 721 1546; x_wconf 87' lang='lat' dir='ltr'><strong>ad</strong></span> <span class='ocrx_word' id='word_1_96' title='bbox 744 1484 963 1545; x_wconf 89' lang='lat' dir='ltr'><strong>testimonium</strong></span> <span class='ocrx_word' id='word_1_97' title='bbox 978 1483 1152 1545; x_wconf 86' lang='lat' dir='ltr'><strong>dicendum</strong></span> <span class='ocrx_word' id='word_1_98' title='bbox 1166 1505 1263 1566; x_wconf 85' lang='lat' dir='ltr'><strong>pree·</strong></span> 
     </span>
    </p>
   </div>
   <div class='ocr_carea' id='block_1_6' title="bbox 122 1566 1263 1879">
    <p class='ocr_par' dir='ltr' id='par_1_6' title="bbox 122 1566 1263 1879">
     <span class='ocr_line' id='line_1_14' title="bbox 122 1566 1263 1638; baseline -0.006 -7"><span class='ocrx_word' id='word_1_99' title='bbox 122 1569 192 1631; x_wconf 89' lang='lat' dir='ltr'><strong>mio</strong></span> <span class='ocrx_word' id='word_1_100' title='bbox 213 1590 278 1630; x_wconf 88' lang='lat' dir='ltr'><strong>non</strong></span> <span class='ocrx_word' id='word_1_101' title='bbox 304 1569 538 1635; x_wconf 84' lang='lat' dir='ltr'><strong>conducantur.</strong></span> <span class='ocrx_word' id='word_1_102' title='bbox 591 1571 632 1629; x_wconf 88' lang='lat' dir='ltr'><strong>Et</strong></span> <span class='ocrx_word' id='word_1_103' title='bbox 651 1579 686 1629; x_wconf 89' lang='lat' dir='ltr'><strong>ut</strong></span> <span class='ocrx_word' id='word_1_104' title='bbox 707 1567 818 1628; x_wconf 87' lang='lat' dir='ltr'><strong>nullus</strong></span> <span class='ocrx_word' id='word_1_105' title='bbox 842 1566 1061 1628; x_wconf 89' lang='lat' dir='ltr'><strong>testimouium</strong></span> <span class='ocrx_word' id='word_1_106' title='bbox 1085 1567 1182 1638; x_wconf 84' lang='lat' dir='ltr'><strong>dicat,</strong></span> <span class='ocrx_word' id='word_1_107' title='bbox 1205 1574 1263 1625; x_wconf 89' lang='lat' dir='ltr'><strong>aut</strong></span> 
     </span>
     <span class='ocr_line' id='line_1_15' title="bbox 123 1647 1263 1732; baseline -0.004 -19"><span class='ocrx_word' id='word_1_108' title='bbox 123 1662 360 1714; x_wconf 86' lang='lat' dir='ltr'><strong>sacramentum</strong></span> <span class='ocrx_word' id='word_1_109' title='bbox 382 1651 476 1730; x_wconf 87' lang='lat' dir='ltr'><strong>iuret,</strong></span> <span class='ocrx_word' id='word_1_110' title='bbox 501 1649 561 1712; x_wconf 91' lang='lat' dir='ltr'><strong>nisi</strong></span> <span class='ocrx_word' id='word_1_111' title='bbox 587 1651 727 1714; x_wconf 85' lang='lat' dir='ltr'><strong>ieiunus.</strong></span> <span class='ocrx_word' id='word_1_112' title='bbox 769 1652 813 1712; x_wconf 88' lang='lat' dir='ltr'><strong>Et</strong></span> <span class='ocrx_word' id='word_1_113' title='bbox 825 1660 861 1710; x_wconf 92' lang='lat' dir='ltr'><strong>ut</strong></span> <span class='ocrx_word' id='word_1_114' title='bbox 875 1658 982 1725; x_wconf 88' lang='lat' dir='ltr'><strong>testes,</strong></span> <span class='ocrx_word' id='word_1_115' title='bbox 1004 1649 1192 1732; x_wconf 86' lang='lat' dir='ltr'><strong>priusquam</strong></span> <span class='ocrx_word' id='word_1_116' title='bbox 1215 1647 1263 1708; x_wconf 61' lang='lat' dir='ltr'><strong>iu*</strong></span> 
     </span>
     <span class='ocr_line' id='line_1_16' title="bbox 123 1731 1263 1815; baseline -0.004 -19"><span class='ocrx_word' id='word_1_117' title='bbox 123 1745 212 1812; x_wconf 85' lang='lat' dir='ltr'><strong>rent,</strong></span> <span class='ocrx_word' id='word_1_118' title='bbox 235 1735 406 1815; x_wconf 86' lang='lat' dir='ltr'><strong>separatim</strong></span> <span class='ocrx_word' id='word_1_119' title='bbox 426 1734 640 1796; x_wconf 80' lang='lat' dir='ltr'><strong>discutiantur</strong></span> <span class='ocrx_word' id='word_1_120' title='bbox 656 1732 734 1814; x_wconf 87' lang='lat' dir='ltr'><strong>quid</strong></span> <span class='ocrx_word' id='word_1_121' title='bbox 758 1732 865 1812; x_wconf 76' lang='lat' dir='ltr'><strong>dicere</strong></span> <span class='ocrx_word' id='word_1_122' title='bbox 888 1731 994 1792; x_wconf 86' lang='lat' dir='ltr'><strong>velint</strong></span> <span class='ocrx_word' id='word_1_123' title='bbox 1015 1731 1055 1794; x_wconf 87' lang='lat' dir='ltr'><strong>de</strong></span> <span class='ocrx_word' id='word_1_124' title='bbox 1075 1733 1132 1794; x_wconf 90' lang='lat' dir='ltr'><strong>illa</strong></span> <span class='ocrx_word' id='word_1_125' title='bbox 1147 1752 1183 1792; x_wconf 86' lang='lat' dir='ltr'><strong>re</strong></span> <span class='ocrx_word' id='word_1_126' title='bbox 1199 1751 1263 1792; x_wconf 84' lang='lat' dir='ltr'><strong>un·</strong></span> 
     </span>
     <span class='ocr_line' id='line_1_17' title="bbox 125 1814 966 1879; baseline -0.005 -1"><span class='ocrx_word' id='word_1_127' title='bbox 125 1819 166 1878; x_wconf 89' lang='lat' dir='ltr'><strong>de</strong></span> <span class='ocrx_word' id='word_1_128' title='bbox 188 1817 411 1879; x_wconf 86' lang='lat' dir='ltr'><strong>testimonium</strong></span> <span class='ocrx_word' id='word_1_129' title='bbox 432 1817 568 1878; x_wconf 80' lang='lat' dir='ltr'><strong>reddero</strong></span> <span class='ocrx_word' id='word_1_130' title='bbox 590 1816 718 1877; x_wconf 88' lang='lat' dir='ltr'><strong>debent.</strong></span> <span class='ocrx_word' id='word_1_131' title='bbox 768 1815 852 1878; x_wconf 75' lang='lat' dir='ltr'><strong>ibid.</strong></span> <span class='ocrx_word' id='word_1_132' title='bbox 870 1836 895 1876; x_wconf 88' lang='lat' dir='ltr'><strong>c.</strong></span> <span class='ocrx_word' id='word_1_133' title='bbox 917 1814 966 1878; x_wconf 78' lang='lat'><strong>52.</strong></span> 
     </span>
    </p>
   </div>
   <div class='ocr_carea' id='block_1_7' title="bbox 232 1917 1158 2002">
    <p class='ocr_par' dir='ltr' id='par_1_7' title="bbox 232 1917 1158 2002">
     <span class='ocr_line' id='line_1_18' title="bbox 232 1917 1158 2002; baseline -0.004 -19"><span class='ocrx_word' id='word_1_134' title='bbox 232 1925 280 1983; x_wconf 87' lang='lat' dir='ltr'><strong>De</strong></span> <span class='ocrx_word' id='word_1_135' title='bbox 309 1925 429 1982; x_wconf 81' lang='lat' dir='ltr'><strong>iustitie</strong></span> <span class='ocrx_word' id='word_1_136' title='bbox 455 1922 621 1981; x_wconf 83' lang='lat' dir='ltr'><strong>cuiuslibet</strong></span> <span class='ocrx_word' id='word_1_137' title='bbox 652 1923 671 1980; x_wconf 76' lang='lat' dir='ltr'><strong>b</strong></span> <span class='ocrx_word' id='word_1_138' title='bbox 699 1921 787 1980; x_wconf 86' lang='lat' dir='ltr'><strong>nullo</strong></span> <span class='ocrx_word' id='word_1_139' title='bbox 813 1920 953 2002; x_wconf 82' lang='lat' dir='ltr'><strong>quolibet</strong></span> <span class='ocrx_word' id='word_1_140' title='bbox 982 1917 1158 1980; x_wconf 82' lang='lat' dir='ltr'><strong>dilatanda.</strong></span> 
     </span>
    </p>
   </div>
   <div class='ocr_carea' id='block_1_8' title="bbox 117 2022 1263 2440">
    <p class='ocr_par' dir='ltr' id='par_1_8' title="bbox 117 2022 1263 2440">
     <span class='ocr_line' id='line_1_19' title="bbox 211 2022 1262 2109; baseline -0.001 -20"><span class='ocrx_word' id='word_1_141' title='bbox 211 2026 339 2090; x_wconf 86' lang='lat' dir='ltr'><strong>CCXC.</strong></span> <span class='ocrx_word' id='word_1_142' title='bbox 382 2029 424 2087; x_wconf 90' lang='lat' dir='ltr'><strong>Ut</strong></span> <span class='ocrx_word' id='word_1_143' title='bbox 452 2027 562 2088; x_wconf 88' lang='lat' dir='ltr'><strong>nullus</strong></span> <span class='ocrx_word' id='word_1_144' title='bbox 592 2026 731 2108; x_wconf 85' lang='lat' dir='ltr'><strong>quilibet</strong></span> <span class='ocrx_word' id='word_1_145' title='bbox 760 2026 874 2088; x_wconf 85' lang='lat' dir='ltr'><strong>Missus</strong></span> <span class='ocrx_word' id='word_1_146' title='bbox 897 2035 1032 2103; x_wconf 87' lang='lat' dir='ltr'><strong>noster,</strong></span> <span class='ocrx_word' id='word_1_147' title='bbox 1066 2022 1262 2109; x_wconf 78' lang='lat' dir='ltr'><strong>neque&#39;Co-</strong></span> 
     </span>
     <span class='ocr_line' id='line_1_20' title="bbox 125 2108 1260 2190; baseline -0.001 -18"><span class='ocrx_word' id='word_1_148' title='bbox 125 2132 206 2188; x_wconf 89' lang='lat' dir='ltr'><strong>mes,</strong></span> <span class='ocrx_word' id='word_1_149' title='bbox 229 2131 335 2190; x_wconf 88' lang='lat' dir='ltr'><strong>neque</strong></span> <span class='ocrx_word' id='word_1_150' title='bbox 355 2110 468 2186; x_wconf 84' lang='lat' dir='ltr'><strong>ludex,</strong></span> <span class='ocrx_word' id='word_1_151' title='bbox 491 2119 545 2168; x_wconf 89' lang='lat' dir='ltr'><strong>aut</strong></span> <span class='ocrx_word' id='word_1_152' title='bbox 563 2108 736 2186; x_wconf 78' lang='lat' dir='ltr'><strong>Scabinus,</strong></span> <span class='ocrx_word' id='word_1_153' title='bbox 757 2109 932 2170; x_wconf 90' lang='lat' dir='ltr'><strong>cuiuslibet</strong></span> <span class='ocrx_word' id='word_1_154' title='bbox 950 2108 1104 2169; x_wconf 87' lang='lat' dir='ltr'><strong>iustitiam</strong></span> <span class='ocrx_word' id='word_1_155' title='bbox 1126 2109 1260 2171; x_wconf 83' lang='lat' dir='ltr'><strong>dilatare</strong></span> 
     </span>
     <span class='ocr_line' id='line_1_21' title="bbox 124 2191 1263 2276; baseline -0.003 -23"><span class='ocrx_word' id='word_1_156' title='bbox 124 2202 319 2276; x_wconf 86' lang='lat' dir='ltr'><strong>praesumat,</strong></span> <span class='ocrx_word' id='word_1_157' title='bbox 342 2194 367 2253; x_wconf 91' lang='lat' dir='ltr'><strong>si</strong></span> <span class='ocrx_word' id='word_1_158' title='bbox 393 2193 499 2264; x_wconf 78' lang='lat' dir='ltr'><strong>statim</strong></span> <span class='ocrx_word' id='word_1_159' title='bbox 517 2191 690 2272; x_wconf 87' lang='lat' dir='ltr'><strong>adimpleta</strong></span> <span class='ocrx_word' id='word_1_160' title='bbox 711 2192 853 2272; x_wconf 89' lang='lat' dir='ltr'><strong>potuerit</strong></span> <span class='ocrx_word' id='word_1_161' title='bbox 874 2213 940 2252; x_wconf 88' lang='lat' dir='ltr'><strong>esse</strong></span> <span class='ocrx_word' id='word_1_162' title='bbox 960 2193 1141 2253; x_wconf 86' lang='lat' dir='ltr'><strong>secundum</strong></span> <span class='ocrx_word' id='word_1_163' title='bbox 1163 2192 1263 2254; x_wconf 88' lang='lat' dir='ltr'><strong>recti·</strong></span> 
     </span>
     <span class='ocr_line' id='line_1_22' title="bbox 126 2273 1263 2356; baseline 0 -21"><span class='ocrx_word' id='word_1_164' title='bbox 126 2276 288 2352; x_wconf 83' lang='lat' dir='ltr'><strong>tudinem,</strong></span> <span class='ocrx_word' id='word_1_165' title='bbox 312 2297 416 2356; x_wconf 86' lang='lat' dir='ltr'><strong>neque</strong></span> <span class='ocrx_word' id='word_1_166' title='bbox 434 2276 574 2355; x_wconf 85' lang='lat' dir='ltr'><strong>praemia</strong></span> <span class='ocrx_word' id='word_1_167' title='bbox 601 2296 656 2356; x_wconf 88' lang='lat' dir='ltr'><strong>pro</strong></span> <span class='ocrx_word' id='word_1_168' title='bbox 676 2273 737 2334; x_wconf 89' lang='lat' dir='ltr'><strong>hoc</strong></span> <span class='ocrx_word' id='word_1_169' title='bbox 761 2275 776 2333; x_wconf 73' lang='lat' dir='ltr'><strong>le</strong></span> <span class='ocrx_word' id='word_1_170' title='bbox 799 2274 947 2354; x_wconf 87' lang='lat' dir='ltr'><strong>quolibet</strong></span> <span class='ocrx_word' id='word_1_171' title='bbox 969 2274 1100 2335; x_wconf 87' lang='lat' dir='ltr'><strong>bomine</strong></span> <span class='ocrx_word' id='word_1_172' title='bbox 1121 2297 1179 2354; x_wconf 86' lang='lat' dir='ltr'><strong>por</strong></span> <span class='ocrx_word' id='word_1_173' title='bbox 1201 2275 1263 2335; x_wconf 86' lang='lat' dir='ltr'><strong>ali-</strong></span> 
     </span>
     <span class='ocr_line' id='line_1_23' title="bbox 117 2356 1156 2440; baseline -0.001 -22"><span class='ocrx_word' id='word_1_174' title='bbox 117 2359 218 2440; x_wconf 70' lang='lat' dir='ltr'><strong>&#39;quod</strong></span> <span class='ocrx_word' id='word_1_175' title='bbox 240 2358 408 2440; x_wconf 81' lang='lat' dir='ltr'><strong>ingenium</strong></span> <span class='ocrx_word' id='word_1_176' title='bbox 427 2359 546 2416; x_wconf 87' lang='lat' dir='ltr'><strong>malum</strong></span> <span class='ocrx_word' id='word_1_177' title='bbox 565 2366 742 2438; x_wconf 82' lang='lat' dir='ltr'><strong>praesumat</strong></span> <span class='ocrx_word' id='word_1_178' title='bbox 766 2357 921 2438; x_wconf 81' lang='lat' dir='ltr'><strong>accipere.</strong></span> <span class='ocrx_word' id='word_1_179' title='bbox 963 2356 1047 2422; x_wconf 77' lang='lat' dir='ltr'><strong>ibid.</strong></span> <span class='ocrx_word' id='word_1_180' title='bbox 1066 2377 1092 2416; x_wconf 87' lang='lat' dir='ltr'><strong>c.</strong></span> <span class='ocrx_word' id='word_1_181' title='bbox 1106 2358 1156 2418; x_wconf 79' lang='lat'><strong>53.</strong></span> 
     </span>
    </p>
   </div>
   <div class='ocr_carea' id='block_1_9' title="bbox 380 2462 1012 2546">
    <p class='ocr_par' dir='ltr' id='par_1_9' title="bbox 380 2462 1012 2546">
     <span class='ocr_line' id='line_1_24' title="bbox 380 2462 1012 2546; baseline 0.005 -26"><span class='ocrx_word' id='word_1_182' title='bbox 380 2463 425 2521; x_wconf 88' lang='lat' dir='ltr'><strong>De</strong></span> <span class='ocrx_word' id='word_1_183' title='bbox 457 2464 585 2521; x_wconf 83' lang='lat' dir='ltr'><strong>nimium</strong></span> <span class='ocrx_word' id='word_1_184' title='bbox 617 2463 805 2546; x_wconf 77' lang='lat' dir='ltr'><strong>blasphemis</strong></span> <span class='ocrx_word' id='word_1_185' title='bbox 827 2462 1012 2524; x_wconf 80' lang='lat' dir='ltr'><strong>latronibus.</strong></span> 
     </span>
    </p>
   </div>
   <div class='ocr_carea' id='block_1_10' title="bbox 123 2564 1262 2814">
    <p class='ocr_par' dir='ltr' id='par_1_10' title="bbox 123 2564 1262 2814">
     <span class='ocr_line' id='line_1_25' title="bbox 209 2564 1262 2650; baseline 0 -22"><span class='ocrx_word' id='word_1_186' title='bbox 209 2564 356 2630; x_wconf 82' lang='lat' dir='ltr'><strong>CCXCl.</strong></span> <span class='ocrx_word' id='word_1_187' title='bbox 398 2571 448 2629; x_wconf 84' lang='lat' dir='ltr'><strong>Da</strong></span> <span class='ocrx_word' id='word_1_188' title='bbox 460 2567 640 2628; x_wconf 83' lang='lat' dir='ltr'><strong>latronibus</strong></span> <span class='ocrx_word' id='word_1_189' title='bbox 654 2567 710 2649; x_wconf 93' lang='lat' dir='ltr'><strong>qui</strong></span> <span class='ocrx_word' id='word_1_190' title='bbox 727 2591 873 2650; x_wconf 82' lang='lat' dir='ltr'><strong>magnam</strong></span> <span class='ocrx_word' id='word_1_191' title='bbox 887 2567 1007 2630; x_wconf 79' lang='lat' dir='ltr'><strong>liabent</strong></span> <span class='ocrx_word' id='word_1_192' title='bbox 1020 2566 1262 2650; x_wconf 81' lang='lat' dir='ltr'><strong>blasphemiam,</strong></span> 
     </span>
     <span class='ocr_line' id='line_1_26' title="bbox 123 2650 1259 2733; baseline 0.004 -23"><span class='ocrx_word' id='word_1_193' title='bbox 123 2651 316 2733; x_wconf 88' lang='lat' dir='ltr'><strong>quicunque</strong></span> <span class='ocrx_word' id='word_1_194' title='bbox 333 2650 474 2731; x_wconf 79' lang='lat' dir='ltr'><strong>aliquem</strong></span> <span class='ocrx_word' id='word_1_195' title='bbox 496 2672 535 2710; x_wconf 83' lang='lat' dir='ltr'><strong>ex</strong></span> <span class='ocrx_word' id='word_1_196' title='bbox 555 2650 604 2710; x_wconf 90' lang='lat' dir='ltr'><strong>bis</strong></span> <span class='ocrx_word' id='word_1_197' title='bbox 629 2651 928 2733; x_wconf 83' lang='lat' dir='ltr'><strong>comprehenderit,</strong></span> <span class='ocrx_word' id='word_1_198' title='bbox 952 2652 1081 2714; x_wconf 88' lang='lat' dir='ltr'><strong>nullum</strong></span> <span class='ocrx_word' id='word_1_199' title='bbox 1106 2651 1259 2714; x_wconf 86' lang='lat' dir='ltr'><strong>damnum</strong></span> 
     </span>
     <span class='ocr_line' id='line_1_27' title="bbox 124 2732 656 2814; baseline -0.002 -20"><span class='ocrx_word' id='word_1_200' title='bbox 124 2733 247 2794; x_wconf 81' lang='lat' dir='ltr'><strong>exinde</strong></span> <span class='ocrx_word' id='word_1_201' title='bbox 272 2733 416 2814; x_wconf 86' lang='lat' dir='ltr'><strong>patiatur.</strong></span> <span class='ocrx_word' id='word_1_202' title='bbox 458 2732 542 2793; x_wconf 81' lang='lat' dir='ltr'><strong>lbid.</strong></span> <span class='ocrx_word' id='word_1_203' title='bbox 559 2755 585 2794; x_wconf 87' lang='lat' dir='ltr'><strong>c.</strong></span> <span class='ocrx_word' id='word_1_204' title='bbox 605 2733 656 2795; x_wconf 80' lang='lat'><strong>61.</strong></span> 
     </span>
    </p>
   </div>
   <div class='ocr_carea' id='block_1_11' title="bbox 188 2836 1199 2923">
    <p class='ocr_par' dir='ltr' id='par_1_11' title="bbox 188 2836 1199 2923">
     <span class='ocr_line' id='line_1_28' title="bbox 188 2836 1199 2923; baseline 0.001 -24"><span class='ocrx_word' id='word_1_205' title='bbox 188 2841 237 2899; x_wconf 85' lang='lat' dir='ltr'><strong>De</strong></span> <span class='ocrx_word' id='word_1_206' title='bbox 263 2839 392 2899; x_wconf 84' lang='lat' dir='ltr'><strong>testibus</strong></span> <span class='ocrx_word' id='word_1_207' title='bbox 417 2836 463 2898; x_wconf 83' lang='lat' dir='ltr'><strong>ad</strong></span> <span class='ocrx_word' id='word_1_208' title='bbox 489 2860 554 2898; x_wconf 82' lang='lat' dir='ltr'><strong>rem</strong></span> <span class='ocrx_word' id='word_1_209' title='bbox 581 2839 752 2923; x_wconf 81' lang='lat' dir='ltr'><strong>quamlibet</strong></span> <span class='ocrx_word' id='word_1_210' title='bbox 776 2837 1007 2900; x_wconf 85' lang='lat' dir='ltr'><strong>discutiendam</strong></span> <span class='ocrx_word' id='word_1_211' title='bbox 1033 2837 1199 2920; x_wconf 14' lang='lat' dir='ltr'><strong>seligendis,</strong></span> 
     </span>
    </p>
   </div>
   <div class='ocr_carea' id='block_1_12' title="bbox 122 2939 1265 3437">
    <p class='ocr_par' dir='ltr' id='par_1_12' title="bbox 122 2939 1265 3437">
     <span class='ocr_line' id='line_1_29' title="bbox 208 2939 1265 3027; baseline 0.006 -22"><span class='ocrx_word' id='word_1_212' title='bbox 208 2941 375 3008; x_wconf 88' lang='lat' dir='ltr'><strong>CCXCll.</strong></span> <span class='ocrx_word' id='word_1_213' title='bbox 418 2946 461 3004; x_wconf 90' lang='lat' dir='ltr'><strong>Ut</strong></span> <span class='ocrx_word' id='word_1_214' title='bbox 470 2944 731 3027; x_wconf 88' lang='lat' dir='ltr'><strong>quandocunque</strong></span> <span class='ocrx_word' id='word_1_215' title='bbox 750 2953 844 3006; x_wconf 87' lang='lat' dir='ltr'><strong>testes</strong></span> <span class='ocrx_word' id='word_1_216' title='bbox 863 2945 902 3005; x_wconf 83' lang='lat' dir='ltr'><strong>ad</strong></span> <span class='ocrx_word' id='word_1_217' title='bbox 920 2939 988 3006; x_wconf 81' lang='lat' dir='ltr'><strong>rem</strong></span> <span class='ocrx_word' id='word_1_218' title='bbox 1009 2946 1189 3026; x_wconf 84' lang='lat' dir='ltr'><strong>quamlibet</strong></span> <span class='ocrx_word' id='word_1_219' title='bbox 1201 2947 1265 3012; x_wconf 80' lang='lat' dir='ltr'><strong>dis·</strong></span> 
     </span>
     <span class='ocr_line' id='line_1_30' title="bbox 123 3023 1263 3109; baseline 0.003 -19"><span class='ocrx_word' id='word_1_220' title='bbox 123 3027 312 3090; x_wconf 86' lang='lat' dir='ltr'><strong>outiendam</strong></span> <span class='ocrx_word' id='word_1_221' title='bbox 332 3026 510 3108; x_wconf 87' lang='lat' dir='ltr'><strong>quaerendi</strong></span> <span class='ocrx_word' id='word_1_222' title='bbox 531 3037 626 3108; x_wconf 88' lang='lat' dir='ltr'><strong>atque</strong></span> <span class='ocrx_word' id='word_1_223' title='bbox 648 3023 791 3109; x_wconf 84' lang='lat' dir='ltr'><strong>eligendi</strong></span> <span class='ocrx_word' id='word_1_224' title='bbox 813 3037 903 3103; x_wconf 87' lang='lat' dir='ltr'><strong>sunt,</strong></span> <span class='ocrx_word' id='word_1_225' title='bbox 927 3029 944 3088; x_wconf 76' lang='lat' dir='ltr'><strong>b</strong></span> <span class='ocrx_word' id='word_1_226' title='bbox 975 3029 1073 3091; x_wconf 87' lang='lat' dir='ltr'><strong>Misso</strong></span> <span class='ocrx_word' id='word_1_227' title='bbox 1096 3023 1207 3092; x_wconf 83' lang='lat' dir='ltr'><strong>nostro</strong></span> <span class='ocrx_word' id='word_1_228' title='bbox 1229 3041 1263 3093; x_wconf 85' lang='lat' dir='ltr'><strong>et</strong></span> 
     </span>
     <span class='ocr_line' id='line_1_31' title="bbox 122 3107 1262 3194; baseline 0.004 -22"><span class='ocrx_word' id='word_1_229' title='bbox 122 3109 252 3172; x_wconf 85' lang='lat' dir='ltr'><strong>Comite</strong></span> <span class='ocrx_word' id='word_1_230' title='bbox 271 3108 303 3167; x_wconf 92' lang='lat' dir='ltr'><strong>in</strong></span> <span class='ocrx_word' id='word_1_231' title='bbox 327 3107 418 3170; x_wconf 90' lang='lat' dir='ltr'><strong>cuius</strong></span> <span class='ocrx_word' id='word_1_232' title='bbox 441 3109 620 3170; x_wconf 87' lang='lat' dir='ltr'><strong>ministerio</strong></span> <span class='ocrx_word' id='word_1_233' title='bbox 643 3109 682 3170; x_wconf 85' lang='lat' dir='ltr'><strong>de</strong></span> <span class='ocrx_word' id='word_1_234' title='bbox 709 3132 744 3170; x_wconf 88' lang='lat' dir='ltr'><strong>re</strong></span> <span class='ocrx_word' id='word_1_235' title='bbox 766 3111 988 3192; x_wconf 79' lang='lat' dir='ltr'><strong>qualicunque</strong></span> <span class='ocrx_word' id='word_1_236' title='bbox 1017 3113 1178 3194; x_wconf 80' lang='lat' dir='ltr'><strong>agendum</strong></span> <span class='ocrx_word' id='word_1_237' title='bbox 1202 3125 1262 3194; x_wconf 84' lang='lat' dir='ltr'><strong>est,</strong></span> 
     </span>
     <span class='ocr_line' id='line_1_32' title="bbox 124 3190 1262 3281; baseline 0.004 -28"><span class='ocrx_word' id='word_1_238' title='bbox 124 3193 208 3253; x_wconf 84' lang='lat' dir='ltr'><strong>tales</strong></span> <span class='ocrx_word' id='word_1_239' title='bbox 234 3190 397 3272; x_wconf 85' lang='lat' dir='ltr'><strong>eligantur</strong></span> <span class='ocrx_word' id='word_1_240' title='bbox 415 3190 527 3270; x_wconf 83' lang='lat' dir='ltr'><strong>quales</strong></span> <span class='ocrx_word' id='word_1_241' title='bbox 551 3193 663 3272; x_wconf 85' lang='lat' dir='ltr'><strong>optimi</strong></span> <span class='ocrx_word' id='word_1_242' title='bbox 690 3191 723 3250; x_wconf 91' lang='lat' dir='ltr'><strong>in</strong></span> <span class='ocrx_word' id='word_1_243' title='bbox 754 3193 822 3281; x_wconf 85' lang='lat' dir='ltr'><strong>ipso</strong></span> <span class='ocrx_word' id='word_1_244' title='bbox 847 3215 927 3274; x_wconf 82' lang='lat' dir='ltr'><strong>pago</strong></span> <span class='ocrx_word' id='word_1_245' title='bbox 951 3193 1094 3255; x_wconf 79' lang='lat' dir='ltr'><strong>inveniri</strong></span> <span class='ocrx_word' id='word_1_246' title='bbox 1118 3208 1262 3276; x_wconf 79' lang='lat' dir='ltr'><strong>possunt,</strong></span> 
     </span>
     <span class='ocr_line' id='line_1_33' title="bbox 123 3273 1262 3361; baseline 0.007 -27"><span class='ocrx_word' id='word_1_247' title='bbox 123 3275 167 3338; x_wconf 88' lang='lat' dir='ltr'><strong>Et</strong></span> <span class='ocrx_word' id='word_1_248' title='bbox 188 3294 254 3333; x_wconf 90' lang='lat' dir='ltr'><strong>non</strong></span> <span class='ocrx_word' id='word_1_249' title='bbox 275 3273 369 3334; x_wconf 88' lang='lat' dir='ltr'><strong>liceat</strong></span> <span class='ocrx_word' id='word_1_250' title='bbox 386 3273 599 3355; x_wconf 80' lang='lat' dir='ltr'><strong>litigatoribus</strong></span> <span class='ocrx_word' id='word_1_251' title='bbox 621 3297 680 3356; x_wconf 85' lang='lat' dir='ltr'><strong>per</strong></span> <span class='ocrx_word' id='word_1_252' title='bbox 696 3274 836 3354; x_wconf 70' lang='lat' dir='ltr'><strong>prziemia</strong></span> <span class='ocrx_word' id='word_1_253' title='bbox 857 3277 952 3336; x_wconf 86' lang='lat' dir='ltr'><strong>falsos</strong></span> <span class='ocrx_word' id='word_1_254' title='bbox 970 3286 1066 3338; x_wconf 85' lang='lat' dir='ltr'><strong>testes</strong></span> <span class='ocrx_word' id='word_1_255' title='bbox 1088 3277 1262 3361; x_wconf 85' lang='lat' dir='ltr'><strong>adducere,</strong></span> 
     </span>
     <span class='ocr_line' id='line_1_34' title="bbox 122 3356 874 3437; baseline 0.005 -21"><span class='ocrx_word' id='word_1_256' title='bbox 122 3357 210 3420; x_wconf 84' lang='lat' dir='ltr'><strong>sicut</strong></span> <span class='ocrx_word' id='word_1_257' title='bbox 229 3357 385 3417; x_wconf 85' lang='lat' dir='ltr'><strong>hacteuus</strong></span> <span class='ocrx_word' id='word_1_258' title='bbox 406 3357 474 3417; x_wconf 84' lang='lat' dir='ltr'><strong>lieri</strong></span> <span class='ocrx_word' id='word_1_259' title='bbox 496 3356 627 3417; x_wconf 85' lang='lat' dir='ltr'><strong>solebat.</strong></span> <span class='ocrx_word' id='word_1_260' title='bbox 670 3356 753 3419; x_wconf 70' lang='lat' dir='ltr'><strong>leid.</strong></span> <span class='ocrx_word' id='word_1_261' title='bbox 776 3379 801 3422; x_wconf 85' lang='lat' dir='ltr'><strong>c.</strong></span> <span class='ocrx_word' id='word_1_262' title='bbox 826 3359 874 3437; x_wconf 86' lang='lat'><strong>78.</strong></span> 
     </span>
    </p>
   </div>
   <div class='ocr_carea' id='block_1_13' title="bbox 491 3461 883 3544">
    <p class='ocr_par' dir='ltr' id='par_1_13' title="bbox 491 3461 883 3544">
     <span class='ocr_line' id='line_1_35' title="bbox 491 3461 883 3544; baseline 0.01 -24"><span class='ocrx_word' id='word_1_263' title='bbox 491 3464 537 3520; x_wconf 85' lang='lat' dir='ltr'><strong>De</strong></span> <span class='ocrx_word' id='word_1_264' title='bbox 556 3463 674 3544; x_wconf 77' lang='lat' dir='ltr'><strong>placito</strong></span> <span class='ocrx_word' id='word_1_265' title='bbox 694 3461 883 3524; x_wconf 83' lang='lat' dir='ltr'><strong>Ceuteuorii.</strong></span> 
     </span>
    </p>
   </div>
   <div class='ocr_carea' id='block_1_14' title="bbox 122 3566 1260 3908">
    <p class='ocr_par' dir='ltr' id='par_1_14' title="bbox 122 3566 1260 3908">
     <span class='ocr_line' id='line_1_36' title="bbox 211 3566 1260 3660; baseline 0.01 -31"><span class='ocrx_word' id='word_1_266' title='bbox 211 3566 394 3630; x_wconf 82' lang='lat' dir='ltr'><strong>CCXCIll.</strong></span> <span class='ocrx_word' id='word_1_267' title='bbox 437 3569 480 3626; x_wconf 92' lang='lat' dir='ltr'><strong>Ut</strong></span> <span class='ocrx_word' id='word_1_268' title='bbox 504 3569 613 3628; x_wconf 89' lang='lat' dir='ltr'><strong>nullus</strong></span> <span class='ocrx_word' id='word_1_269' title='bbox 637 3568 731 3629; x_wconf 88' lang='lat' dir='ltr'><strong>homo</strong></span> <span class='ocrx_word' id='word_1_270' title='bbox 751 3569 781 3626; x_wconf 92' lang='lat' dir='ltr'><strong>in</strong></span> <span class='ocrx_word' id='word_1_271' title='bbox 802 3569 919 3650; x_wconf 87' lang='lat' dir='ltr'><strong>placito</strong></span> <span class='ocrx_word' id='word_1_272' title='bbox 943 3573 1130 3633; x_wconf 84' lang='lat' dir='ltr'><strong>Centenarii</strong></span> <span class='ocrx_word' id='word_1_273' title='bbox 1152 3595 1260 3660; x_wconf 83' lang='lat' dir='ltr'><strong>neque</strong></span> 
     </span>
     <span class='ocr_line' id='line_1_37' title="bbox 124 3650 1257 3732; baseline 0.011 -22"><span class='ocrx_word' id='word_1_274' title='bbox 124 3651 167 3712; x_wconf 86' lang='lat' dir='ltr'><strong>ad</strong></span> <span class='ocrx_word' id='word_1_275' title='bbox 181 3660 327 3726; x_wconf 87' lang='lat' dir='ltr'><strong>mortem,</strong></span> <span class='ocrx_word' id='word_1_276' title='bbox 346 3651 506 3730; x_wconf 79' lang='lat' dir='ltr'><strong>nequead</strong></span> <span class='ocrx_word' id='word_1_277' title='bbox 526 3650 705 3711; x_wconf 83' lang='lat' dir='ltr'><strong>libertatem</strong></span> <span class='ocrx_word' id='word_1_278' title='bbox 723 3673 811 3712; x_wconf 88' lang='lat' dir='ltr'><strong>suam</strong></span> <span class='ocrx_word' id='word_1_279' title='bbox 834 3655 1058 3732; x_wconf 78' lang='lat' dir='ltr'><strong>amittendum,</strong></span> <span class='ocrx_word' id='word_1_280' title='bbox 1080 3667 1135 3716; x_wconf 88' lang='lat' dir='ltr'><strong>aut</strong></span> <span class='ocrx_word' id='word_1_281' title='bbox 1151 3659 1257 3722; x_wconf 80' lang='lat' dir='ltr'><strong>adres</strong></span> 
     </span>
     <span class='ocr_line' id='line_1_38' title="bbox 122 3732 1256 3820; baseline 0.009 -27"><span class='ocrx_word' id='word_1_282' title='bbox 122 3733 306 3794; x_wconf 84' lang='lat' dir='ltr'><strong>reddendas</strong></span> <span class='ocrx_word' id='word_1_283' title='bbox 327 3734 379 3794; x_wconf 81' lang='lat' dir='ltr'><strong>vel</strong></span> <span class='ocrx_word' id='word_1_284' title='bbox 396 3732 566 3814; x_wconf 81' lang='lat' dir='ltr'><strong>mancipia,</strong></span> <span class='ocrx_word' id='word_1_285' title='bbox 591 3733 759 3794; x_wconf 83' lang='lat' dir='ltr'><strong>iudicetur.</strong></span> <span class='ocrx_word' id='word_1_286' title='bbox 810 3737 874 3795; x_wconf 73' lang='lat' dir='ltr'><strong>snt</strong></span> <span class='ocrx_word' id='word_1_287' title='bbox 897 3737 952 3796; x_wconf 86' lang='lat' dir='ltr'><strong>ista</strong></span> <span class='ocrx_word' id='word_1_288' title='bbox 971 3747 1025 3797; x_wconf 86' lang='lat' dir='ltr'><strong>aut</strong></span> <span class='ocrx_word' id='word_1_289' title='bbox 1047 3737 1081 3797; x_wconf 90' lang='lat' dir='ltr'><strong>iu</strong></span> <span class='ocrx_word' id='word_1_290' title='bbox 1105 3759 1256 3820; x_wconf 78' lang='lat' dir='ltr'><strong>praeseu-</strong></span> 
     </span>
     <span class='ocr_line' id='line_1_39' title="bbox 122 3815 1257 3908; baseline 0.005 -31"><span class='ocrx_word' id='word_1_291' title='bbox 122 3815 168 3877; x_wconf 84' lang='lat' dir='ltr'><strong>tia</strong></span> <span class='ocrx_word' id='word_1_292' title='bbox 192 3815 324 3875; x_wconf 89' lang='lat' dir='ltr'><strong>Comitis</strong></span> <span class='ocrx_word' id='word_1_293' title='bbox 342 3815 394 3876; x_wconf 83' lang='lat' dir='ltr'><strong>vol</strong></span> <span class='ocrx_word' id='word_1_294' title='bbox 418 3815 586 3876; x_wconf 81' lang='lat' dir='ltr'><strong>Missurum</strong></span> <span class='ocrx_word' id='word_1_295' title='bbox 611 3827 793 3877; x_wconf 86' lang='lat' dir='ltr'><strong>nostrorum</strong></span> <span class='ocrx_word' id='word_1_296' title='bbox 814 3819 1009 3879; x_wconf 82' lang='lat' dir='ltr'><strong>iudicentur.</strong></span> <span class='ocrx_word' id='word_1_297' title='bbox 1051 3818 1137 3881; x_wconf 74' lang='lat' dir='ltr'><strong>[bid.</strong></span> <span class='ocrx_word' id='word_1_298' title='bbox 1159 3843 1185 3882; x_wconf 89' lang='lat' dir='ltr'><strong>c.</strong></span> <span class='ocrx_word' id='word_1_299' title='bbox 1207 3845 1257 3908; x_wconf 79' lang='lat'><strong>79,</strong></span> 
     </span>
    </p>
   </div>
   <div class='ocr_carea' id='block_1_15' title="bbox 164 3921 1219 4006">
    <p class='ocr_par' dir='ltr' id='par_1_15' title="bbox 164 3921 1219 4006">
     <span class='ocr_line' id='line_1_40' title="bbox 164 3921 1219 4006; baseline 0.009 -25"><span class='ocrx_word' id='word_1_300' title='bbox 164 3923 213 4006; x_wconf 81' lang='lat' dir='ltr'><strong>De</strong></span> <span class='ocrx_word' id='word_1_301' title='bbox 227 3921 356 4005; x_wconf 82' lang='lat' dir='ltr'><strong>placitis</strong></span> <span class='ocrx_word' id='word_1_302' title='bbox 373 3923 392 3981; x_wconf 77' lang='lat' dir='ltr'><strong>b</strong></span> <span class='ocrx_word' id='word_1_303' title='bbox 409 3923 519 3982; x_wconf 82' lang='lat' dir='ltr'><strong>Missis</strong></span> <span class='ocrx_word' id='word_1_304' title='bbox 542 3921 710 3982; x_wconf 84' lang='lat' dir='ltr'><strong>dominicis</strong></span> <span class='ocrx_word' id='word_1_305' title='bbox 731 3923 902 4004; x_wconf 65' lang='lat' dir='ltr'><strong>Conn&#39;u&#39;b‘us</strong></span> <span class='ocrx_word' id='word_1_306' title='bbox 924 3938 1032 3986; x_wconf 88' lang='lat' dir='ltr'><strong>notum</strong></span> <span class='ocrx_word' id='word_1_307' title='bbox 1042 3924 1219 4006; x_wconf 81' lang='lat' dir='ltr'><strong>faciendis.</strong></span> 
     </span>
    </p>
   </div>
   <div class='ocr_carea' id='block_1_16' title="bbox 123 4023 1268 4361">
    <p class='ocr_par' dir='ltr' id='par_1_16' title="bbox 123 4023 1268 4361">
     <span class='ocr_line' id='line_1_41' title="bbox 209 4023 1260 4118; baseline 0.009 -30"><span class='ocrx_word' id='word_1_308' title='bbox 209 4023 389 4088; x_wconf 69' lang='lat' dir='ltr'><strong>CCXttV.</strong></span> <span class='ocrx_word' id='word_1_309' title='bbox 431 4029 474 4086; x_wconf 92' lang='lat' dir='ltr'><strong>Ut</strong></span> <span class='ocrx_word' id='word_1_310' title='bbox 492 4027 717 4108; x_wconf 88' lang='lat' dir='ltr'><strong>unusquisque</strong></span> <span class='ocrx_word' id='word_1_311' title='bbox 737 4029 908 4090; x_wconf 86' lang='lat' dir='ltr'><strong>Missorum</strong></span> <span class='ocrx_word' id='word_1_312' title='bbox 931 4039 1113 4091; x_wconf 88' lang='lat' dir='ltr'><strong>nostrorum</strong></span> <span class='ocrx_word' id='word_1_313' title='bbox 1137 4035 1169 4094; x_wconf 87' lang='lat' dir='ltr'><strong>iu</strong></span> <span class='ocrx_word' id='word_1_314' title='bbox 1188 4037 1260 4118; x_wconf 88' lang='lat' dir='ltr'><strong>pla-</strong></span> 
     </span>
     <span class='ocr_line' id='line_1_42' title="bbox 124 4107 1258 4198; baseline 0.009 -28"><span class='ocrx_word' id='word_1_315' title='bbox 124 4107 187 4171; x_wconf 91' lang='lat' dir='ltr'><strong>cito</strong></span> <span class='ocrx_word' id='word_1_316' title='bbox 209 4131 267 4170; x_wconf 91' lang='lat' dir='ltr'><strong>suo</strong></span> <span class='ocrx_word' id='word_1_317' title='bbox 284 4120 396 4169; x_wconf 87' lang='lat' dir='ltr'><strong>uotum</strong></span> <span class='ocrx_word' id='word_1_318' title='bbox 419 4109 513 4169; x_wconf 85' lang='lat' dir='ltr'><strong>faciat</strong></span> <span class='ocrx_word' id='word_1_319' title='bbox 535 4110 715 4170; x_wconf 90' lang='lat' dir='ltr'><strong>Comitibus</strong></span> <span class='ocrx_word' id='word_1_320' title='bbox 735 4111 790 4192; x_wconf 91' lang='lat' dir='ltr'><strong>qui</strong></span> <span class='ocrx_word' id='word_1_321' title='bbox 811 4113 851 4172; x_wconf 88' lang='lat' dir='ltr'><strong>ad</strong></span> <span class='ocrx_word' id='word_1_322' title='bbox 870 4115 940 4175; x_wconf 89' lang='lat' dir='ltr'><strong>eius</strong></span> <span class='ocrx_word' id='word_1_323' title='bbox 962 4114 1156 4176; x_wconf 84' lang='lat' dir='ltr'><strong>missaticum</strong></span> <span class='ocrx_word' id='word_1_324' title='bbox 1182 4141 1258 4198; x_wconf 84' lang='lat' dir='ltr'><strong>per-</strong></span> 
     </span>
     <span class='ocr_line' id='line_1_43' title="bbox 123 4191 1258 4278; baseline 0.004 -26"><span class='ocrx_word' id='word_1_325' title='bbox 123 4193 242 4267; x_wconf 86' lang='lat' dir='ltr'><strong>tinent,</strong></span> <span class='ocrx_word' id='word_1_326' title='bbox 264 4201 300 4252; x_wconf 91' lang='lat' dir='ltr'><strong>ut</strong></span> <span class='ocrx_word' id='word_1_327' title='bbox 324 4194 356 4251; x_wconf 89' lang='lat' dir='ltr'><strong>in</strong></span> <span class='ocrx_word' id='word_1_328' title='bbox 375 4192 440 4253; x_wconf 89' lang='lat' dir='ltr'><strong>illis</strong></span> <span class='ocrx_word' id='word_1_329' title='bbox 459 4192 622 4253; x_wconf 84' lang='lat' dir='ltr'><strong>mensibus</strong></span> <span class='ocrx_word' id='word_1_330' title='bbox 645 4191 762 4273; x_wconf 90' lang='lat' dir='ltr'><strong>quibus</strong></span> <span class='ocrx_word' id='word_1_331' title='bbox 787 4194 844 4256; x_wconf 91' lang='lat' dir='ltr'><strong>ille</strong></span> <span class='ocrx_word' id='word_1_332' title='bbox 868 4195 1066 4278; x_wconf 72' lang='lat' dir='ltr'><strong>legationem</strong></span> <span class='ocrx_word' id='word_1_333' title='bbox 1086 4223 1173 4260; x_wconf 66' lang='lat' dir='ltr'><strong>suum</strong></span> <span class='ocrx_word' id='word_1_334' title='bbox 1195 4224 1258 4264; x_wconf 86' lang='lat' dir='ltr'><strong>non</strong></span> 
     </span>
     <span class='ocr_line' id='line_1_44' title="bbox 125 4274 1268 4361; baseline 0.004 -26"><span class='ocrx_word' id='word_1_335' title='bbox 125 4274 212 4354; x_wconf 84' lang='lat' dir='ltr'><strong>facit,</strong></span> <span class='ocrx_word' id='word_1_336' title='bbox 236 4275 432 4336; x_wconf 85' lang='lat' dir='ltr'><strong>conveniant</strong></span> <span class='ocrx_word' id='word_1_337' title='bbox 452 4275 538 4337; x_wconf 87' lang='lat' dir='ltr'><strong>inter</strong></span> <span class='ocrx_word' id='word_1_338' title='bbox 562 4297 614 4352; x_wconf 87' lang='lat' dir='ltr'><strong>se,</strong></span> <span class='ocrx_word' id='word_1_339' title='bbox 637 4286 668 4337; x_wconf 88' lang='lat' dir='ltr'><strong>et</strong></span> <span class='ocrx_word' id='word_1_340' title='bbox 687 4277 869 4336; x_wconf 85' lang='lat' dir='ltr'><strong>communia</strong></span> <span class='ocrx_word' id='word_1_341' title='bbox 890 4278 1007 4361; x_wconf 87' lang='lat' dir='ltr'><strong>placita</strong></span> <span class='ocrx_word' id='word_1_342' title='bbox 1033 4281 1171 4358; x_wconf 72' lang='lat' dir='ltr'><strong>faciant,</strong></span> <span class='ocrx_word' id='word_1_343' title='bbox 1196 4295 1268 4358; x_wconf 64' lang='lat' dir='ltr'><strong>tum⁴</strong></span> 
     </span>
    </p>
   </div>
   <div class='ocr_carea' id='block_1_17' title="bbox 0 0 1475 4984">
    <p class='ocr_par' dir='ltr' id='par_1_17' title="bbox 0 0 1475 4984">
     <span class='ocr_line' id='line_1_45' title="bbox 0 0 1475 4984; baseline 0 0"><span class='ocrx_word' id='word_1_344' title='bbox 0 0 1475 4984; x_wconf 95' lang='lat' dir='ltr'><strong> </strong></span> 
     </span>
    </p>
   </div>
  </div>
 </body>
</html>
