2910 4984
499 357 654 413 anmrao
674 357 836 420 unsara.
1143 327 1215 401 aas

89 503 159 552 tum
179 489 367 554 custodiant.
409 492 451 554 Et
471 498 685 577 'atnaqnaeque
715 495 880 557 Abbatissa
902 494 936 553 iu
966 511 1024 553 suo
1052 489 1196 552 hlonastc

43 582 46 588 '
87 577 138 642 rio
162 577 230 641 sine
254 575 489 641 intermissione
514 577 661 639 resideat.
703 577 786 640 Ibid.
808 599 834 644 c.
855 579 884 642 3.

152 681 200 740 De
220 693 372 763 potest-ate
389 680 616 766 Episcoporam
637 706 731 767 super
743 685 946 761 Presbyteros
960 691 991 740 et
1008 678 1156 777 Clericus.

172 787 315 847 CXXIII.
358 789 401 847 Ut
428 787 578 869 Episcopi
608 789 647 850 de
675 791 870 870 Presbyterrs
900 796 933 848 et
958 784 1093 846 Clericis
1132 782 1216 844 infra

88 869 224 930 illorum
248 869 431 950 parochiam
463 879 652 953 potestatem
685 871 825 934 habeant
855 869 1035 938 secundum
1065 887 1215 933 canones·

87 949 174 1021 Ibid.
196 971 222 1010 c.
246 953 277 1028 4.

418 1058 466 1118 De
489 1060 670 1128 incestuosis
689 1060 873 1129 horninibus.

131 1175 138 1184 “
172 1160 317 1233 CXXIV.
360 1165 402 1223 Ut
424 1164 573 1246 Episcopi
596 1163 792 1228 incestuosos
815 1165 961 1231 homines
986 1161 1167 1240 emendent,
1183 1171 1215 1222 et

89 1265 236 1328 magnam
259 1245 459 1327 diligentiam
484 1247 764 1314 habeant-exeis·
807 1249 870 1309 Sed
890 1257 924 1318 et¹
945 1248 983 1310 dc
1003 1246 1109 1306 viduis
1127 1245 1214 1304 int'ra
1306 1281 1307 1286 κ

77 1349 180 1406 *suam
206 1327 388 1410 parochiam
409 1337 596 1409 potestatem
618 1331 756 1392 habeant
774 1331 813 1390 ad
835 1330 1068 1412 corrigendam.
1091 1325 1213 1393 ruet.

107 1433 158 1493 De
178 1433 306 1492 alterius
324 1433 443 1493 Clerico
467 1433 618 1518 Episcopi
637 1458 700 1496 non
721 1435 900 1520 recipiendo
926 1456 981 1495 nec
1003 1431 1192 1496 ordinando.
1290 1482 1293 1490 .

171 1535 305 1602 CXXV.
349 1539 390 1599 Ut
416 1559 480 1599 non
500 1539 595 1599 liceat
616 1541 747 1602 alterius
769 1541 934 1602 Clericum
952 1539 1121 1624 recipere,
1149 1557 1211 1598 nec

89 1620 238 1689 ordinare
266 1615 306 1680 ad
327 1621 467 1702 aliquem
490 1623 630 1704 gradum.
673 1623 756 1688 Ibid.
774 1643 800 1684 c.
821 1623 851 1685 6.

211 1725 260 1784 De
280 1725 446 1786 homicidis
466 1729 521 1809 qui
547 1728 714 1787 secundnm
742 1729 839 1808 legem
860 1730 942 1789 mori
966 1727 1088 1789 dehent.

171 1833 315 1894 CXXVI.
357 1833 399 1892 Ut
409 1831 588 1892 homicidae
600 1833 654 1892 vel
669 1835 785 1898 caeteri
801 1833 847 1894 rei
860 1834 916 1915 qui
932 1829 1145 1916 legibusmori
1158 1829 1211 1890 de·

86 1915 189 1990 hent,
211 1915 237 1974 si
268 1914 307 1973 ad
330 1915 506 1975 Ecclesiam
529 1916 748 1996 confugerint,
781 1938 844 1976 non
875 1926 1077 1977 excusentur.
1105 1913 1160 1971 'Et
1184 1911 1211 1972 si

87 2019 120 2064 se
143 1996 315 2074 emendare
337 1997 513 2077 noluerint,
536 1997 645 2058 nullas
668 1999 712 2058 eis
736 1999 837 2065 rictus
862 1999 965 2060 detur.
1012 1995 1096 2060 ibid.
1114 2015 1139 2056 c.
1161 1995 1190 2056 8.

475 2103 523 2161 De
538 2101 668 2162 decimis
686 2103 810 2174 dandis,

153 2210 331 2278 cxxvtl.
371 2210 420 2270 De
447 2208 587 2269 decimis.
628 2211 671 2268 Ut
701 2209 920 2292 unusquisque
941 2231 1031 2271 snam
1056 2209 1212 2271 decimam

89 2293 211 2372 donet,
234 2302 401 2374 atquepcr
420 2291 594 2352 iussionem
612 2293 761 2375 Episcopi
791 2292 999 2375 dispensetur.
1042 2292 1165 2354 loide.
1183 2313 1210 2371 7.

226 2422 277 2480 De
297 2420 470 2480 latronibus
502 2419 546 2478 cd
565 2421 714 2504 placitum
739 2421 867 2481 Cornitis
893 2421 1088 2483 exhibendis.

170 2527 347 2594 CXXVIII.
391 2528 431 2584 Ut
452 2521 651 2594 latronesde
674 2526 756 2584 infra
780 2527 985 2586 emunitatem
1011 2527 1059 2587 illi
1086 2527 1210 2589 ludices

88 2611 124 2677 in
147 2610 282 2672 Comitis
304 2609 456 2690 placitum
481 2618 693 2689 praesentent.
751 2610 794 2672 Et
818 2608 874 2688 qui
906 2609 964 2672 hoc
991 2631 1055 2676 nora
1085 2611 1211 2686 iecerit,

86 2693 281 2754 heneficium
302 2701 333 2751 ct
352 2691 506 2749 honorem
525 2692 645 2769 perdat.
667 2689 821 2750 Similiter
840 2690 928 2751 Vassi
952 2693 1063 2768 inmisi,
1086 2693 1112 2762 ei
1132 2693 1212 2758 hacc

87 2796 151 2834 non
181 2773 436 2852 adimpleverint,
459 2773 650 2844 beneficium
672 2783 703 2832 et
730 2773 885 2842 honorem
910 2777 1055 2854 perdant.
1091 2778 1132 2835 Et
1153 2775 1212 2856 qui

87 2856 283 2922 beneficium
303 2875 366 2913 non
390 2855 517 2932 habent,
538 2855 681 2913 hunnum
702 2857 836 2916 solvant.
880 2856 961 2916 [tiit.
981 2879 1007 2922 c.
1024 2881 1053 2938 9.

301 2961 341 3022 Ut
354 2963 495 3044 periuria
519 2963 587 3042 queis
599 2961 725 3040 faciens
745 2985 869 3021 munitm
883 2963 1006 3046 perdat.

173 3067 316 3136 CXXIX.
356 3070 404 3126 De
424 3087 462 3131 eo
480 3067 536 3148 qui
554 3068 731 3147 periurium
748 3068 918 3146 iecerit,ut
934 3071 1055 3136 nullam
1069 3072 1215 3152 redemp-

78 3150 213 3216 tionem
235 3151 346 3226 solvat,
369 3150 424 3208 sed
446 3172 574 3208 inanum
595 3150 715 3230 perdat,
766 3152 863 3226 Quod
895 3152 921 3212 si
948 3166 1112 3213 accusator
1133 3177 1213 3214 con-

91 3235 226 3293 tendere
250 3232 388 3291 volnerit
407 3233 444 3290 de
468 3232 536 3312 ipso
549 3231 702 3312 periurio,
724 3241 808 3308 stent
828 3233 867 3290 ad
885 3255 1023 3296 crucem.
1065 3239 1106 3296 Et
1125 3236 1148 3297 si
1162 3238 1214 3294 iu-

91 3326 180 3382 rator
201 3313 327 3390 vieerit,
354 3315 425 3394 lege
448 3336 502 3373 sna
525 3323 687 3374 accusator
703 3314 865 3373 emendet.
907 3316 973 3376 IIoc
993 3339 1068 3377 vero
1093 3320 1131 3379 dc
1152 3319 1215 3377 mi-

93 3397 225 3462 noribus
248 3396 350 3455 causis
373 3396 615 3462 observandum.
657 3399 705 3455 De
724 3394 897 3459 maioribus
913 3419 990 3458 vero
1016 3402 1130 3478 rebus,
1159 3411 1216 3462 aut
1242 3452 1247 3465 ,

94 3477 131 3544 de
148 3487 232 3540 stata
245 3477 464 3560 ingenuitatis,
487 3479 664 3538 secundum
686 3479 790 3560 legem
808 3480 999 3542 custodiant.
1023 3483 1105 3544 thid.
1125 3507 1150 3546 c.
1170 3506 1213 3550 ιο.

370 3584 418 3643 De
436 3583 577 3650 vindicta
591 3597 621 3642 et
633 3584 751 3644 iudicio
766 3586 931 3645 latronum.

175 3688 314 3761 CXXX.
356 3690 404 3749 De
425 3687 569 3748 vindicta
594 3697 626 3748 et
652 3689 772 3750 iudicio
795 3690 827 3748 in
849 3691 988 3753 latrones
1013 3693 1109 3774 facto,
1131 3700 1217 3760 lesti-

94 3773 200 3834 monio
225 3774 473 3855 Episcoporum,
501 3771 617 3852 absque
636 3781 768 3853 peccato
791 3774 923 3834 Comitis
944 3795 1010 3836 esse
1032 3779 1153 3856 dicunt,
1174 3783 1217 3842 ita

93 3863 198 3916 tamen
229 3863 264 3914 ut
289 3856 407 3934 absque
432 3854 556 3914 invidia
579 3863 633 3912 aut
655 3855 821 3916 occasione
848 3856 931 3916 mala
957 3858 1039 3918 nihil
1061 3861 1149 3921 aliud
1172 3865 1216 3926 ibi

95 3935 318 4018 interponatur
341 3935 401 3996 nisi
422 3957 496 3998 vera
527 3936 646 3996 iustitia
667 3937 707 3996 ad
737 3937 980 4018 perficiendum.
1023 3944 1117 4017 Quod
1147 3945 1217 4026 ipse

95 4019 152 4096 qui
172 4019 356 4100 perediam
376 4021 428 4078 vel
452 4020 569 4078 malum
588 4019 763 4100 ingenium,
787 4020 847 4080 nisi
870 4042 928 4101 pro
955 4022 1072 4082 iustitia
1093 4027 1217 4086 sacien-

96 4100 134 4163 da
151 4100 315 4160 hominem
337 4101 490 4182 punierit,
512 4100 667 4162 honorem
684 4125 777 4162 suum
792 4103 915 4182 perdat,
941 4115 973 4165 et
993 4105 1116 4183 legibus
1142 4132 1217 4168 cou-

95 4187 149 4327 pat
162 4183 393 4328 qupbmdiniaste
406 4184 494 4263 fecit,
516 4184 694 4250 secundam
706 4207 843 4279 poenam
858 4207 953 4279 quam
970 4187 1095 4272 intulit,¹
1110 4212 1219 4262 emeca

116 4283 160 4334 c.
237 4291 247 4325 r
276 4287 330 4327 .c.
357 4283 417 4328 110'
