<?xml version="1.0" encoding="UTF-8"?>
<!DOCTYPE html PUBLIC "-//W3C//DTD XHTML 1.0 Transitional//EN"
    "http://www.w3.org/TR/xhtml1/DTD/xhtml1-transitional.dtd">
<html xmlns="http://www.w3.org/1999/xhtml" xml:lang="en" lang="en">
 <head>
  <title>
</title>
<meta http-equiv="Content-Type" content="text/html;charset=utf-8" />
  <meta name='ocr-system' content='tesseract 3.04.00' />
  <meta name='ocr-capabilities' content='ocr_page ocr_carea ocr_par ocr_line ocrx_word'/>
</head>
<body>
  <div class='ocr_page' id='page_1' title='image "./corpusiurisgerm04visigoog_0251.png"; bbox 0 0 2948 4990; ppageno 0'>
   <div class='ocr_carea' id='block_1_1' title="bbox 215 310 897 398">
    <p class='ocr_par' dir='ltr' id='par_1_1' title="bbox 215 310 897 398">
     <span class='ocr_line' id='line_1_1' title="bbox 215 310 897 398; baseline 0.006 -8"><span class='ocrx_word' id='word_1_1' title='bbox 215 310 289 390; x_wconf 74' lang='lat' dir='ltr'><strong>ott</strong></span> <span class='ocrx_word' id='word_1_2' title='bbox 612 333 897 398; x_wconf 76' lang='lat' dir='ltr'><strong>cartrutsstun</strong></span> 
     </span>
    </p>
   </div>
   <div class='ocr_carea' id='block_1_2' title="bbox 150 471 1355 1738">
    <p class='ocr_par' dir='ltr' id='par_1_2' title="bbox 344 471 1200 561">
     <span class='ocr_line' id='line_1_2' title="bbox 344 471 1200 561; baseline 0.005 -25"><span class='ocrx_word' id='word_1_3' title='bbox 344 473 382 536; x_wconf 82' lang='lat' dir='ltr'><strong>Si</strong></span> <span class='ocrx_word' id='word_1_4' title='bbox 402 471 442 536; x_wconf 81' lang='lat' dir='ltr'><strong>de</strong></span> <span class='ocrx_word' id='word_1_5' title='bbox 460 471 634 558; x_wconf 79' lang='lat' dir='ltr'><strong>sure-quis</strong></span> <span class='ocrx_word' id='word_1_6' title='bbox 657 477 797 539; x_wconf 79' lang='lat' dir='ltr'><strong>nesciens</strong></span> <span class='ocrx_word' id='word_1_7' title='bbox 816 473 941 560; x_wconf 79' lang='lat' dir='ltr'><strong>aliquid</strong></span> <span class='ocrx_word' id='word_1_8' title='bbox 960 473 1200 561; x_wconf 76' lang='lat' dir='ltr'><strong><em>comparaverit.</em></strong></span> 
     </span>
    </p>

    <p class='ocr_par' dir='ltr' id='par_1_3' title="bbox 150 578 1355 1738">
     <span class='ocr_line' id='line_1_3' title="bbox 258 578 1355 667; baseline 0.005 -25"><span class='ocrx_word' id='word_1_9' title='bbox 258 599 260 606; x_wconf 61' lang='lat'><strong>⁴</strong></span> <span class='ocrx_word' id='word_1_10' title='bbox 282 601 284 607; x_wconf 77' lang='grc'><em>’</em></span> <span class='ocrx_word' id='word_1_11' title='bbox 298 578 438 643; x_wconf 86' lang='lat' dir='ltr'>CCCLI.</span> <span class='ocrx_word' id='word_1_12' title='bbox 478 582 668 645; x_wconf 74' lang='lat' dir='ltr'><strong>Universum</strong></span> <span class='ocrx_word' id='word_1_13' title='bbox 682 600 751 644; x_wconf 87' lang='lat' dir='ltr'><strong>rem</strong></span> <span class='ocrx_word' id='word_1_14' title='bbox 765 581 848 643; x_wconf 86' lang='lat' dir='ltr'><strong>nulli</strong></span> <span class='ocrx_word' id='word_1_15' title='bbox 862 584 1004 665; x_wconf 87' lang='lat' dir='ltr'><strong>ingenuo</strong></span> <span class='ocrx_word' id='word_1_16' title='bbox 1019 582 1116 644; x_wconf 89' lang='lat' dir='ltr'><strong>liceat</strong></span> <span class='ocrx_word' id='word_1_17' title='bbox 1124 581 1163 644; x_wconf 91' lang='lat' dir='ltr'><strong>de</strong></span> <span class='ocrx_word' id='word_1_18' title='bbox 1171 582 1355 667; x_wconf 82' lang='lat' dir='ltr'><strong>incognito</strong></span> 
     </span>
     <span class='ocr_line' id='line_1_4' title="bbox 213 661 1350 746; baseline 0.001 -21"><span class='ocrx_word' id='word_1_19' title='bbox 213 661 344 725; x_wconf 82' lang='lat' dir='ltr'><strong>homine</strong></span> <span class='ocrx_word' id='word_1_20' title='bbox 358 685 553 746; x_wconf 88' lang='lat' dir='ltr'><strong>comparare,</strong></span> <span class='ocrx_word' id='word_1_21' title='bbox 576 662 639 726; x_wconf 87' lang='lat' dir='ltr'><strong>nisi</strong></span> <span class='ocrx_word' id='word_1_22' title='bbox 656 673 742 725; x_wconf 88' lang='lat' dir='ltr'><strong>certe</strong></span> <span class='ocrx_word' id='word_1_23' title='bbox 759 664 979 726; x_wconf 76' lang='lat' dir='ltr'><strong>fideiussorem</strong></span> <span class='ocrx_word' id='word_1_24' title='bbox 1004 664 1153 726; x_wconf 76' lang='lat' dir='ltr'><strong>adhilseat</strong></span> <span class='ocrx_word' id='word_1_25' title='bbox 1176 667 1229 728; x_wconf 90' lang='lat' dir='ltr'><strong>cui</strong></span> <span class='ocrx_word' id='word_1_26' title='bbox 1250 665 1350 727; x_wconf 88' lang='lat' dir='ltr'><strong>credi</strong></span> 
     </span>
     <span class='ocr_line' id='line_1_5' title="bbox 212 745 1349 829; baseline 0 -21"><span class='ocrx_word' id='word_1_27' title='bbox 212 749 328 829; x_wconf 80' lang='lat' dir='ltr'><strong>possit,</strong></span> <span class='ocrx_word' id='word_1_28' title='bbox 361 755 397 806; x_wconf 89' lang='lat' dir='ltr'><strong>nt</strong></span> <span class='ocrx_word' id='word_1_29' title='bbox 427 745 589 808; x_wconf 77' lang='lat' dir='ltr'>excusatio</span> <span class='ocrx_word' id='word_1_30' title='bbox 628 745 826 828; x_wconf 87' lang='lat' dir='ltr'><strong>ignorantiae</strong></span> <span class='ocrx_word' id='word_1_31' title='bbox 856 749 1030 814; x_wconf 81' lang='lat' dir='ltr'><strong>anferatur.</strong></span> <span class='ocrx_word' id='word_1_32' title='bbox 1073 748 1218 824; x_wconf 87' lang='lat' dir='ltr'><strong>Quodsi</strong></span> <span class='ocrx_word' id='word_1_33' title='bbox 1243 751 1349 810; x_wconf 86' lang='lat' dir='ltr'><strong>aliter</strong></span> 
     </span>
     <span class='ocr_line' id='line_1_6' title="bbox 212 827 1347 914; baseline 0 -24"><span class='ocrx_word' id='word_1_34' title='bbox 212 827 329 891; x_wconf 86' lang='lat' dir='ltr'><strong>fecerit</strong></span> <span class='ocrx_word' id='word_1_35' title='bbox 354 829 411 909; x_wconf 89' lang='lat' dir='ltr'><strong>qui</strong></span> <span class='ocrx_word' id='word_1_36' title='bbox 433 828 675 912; x_wconf 82' lang='lat' dir='ltr'><strong>comparaverit,</strong></span> <span class='ocrx_word' id='word_1_37' title='bbox 697 829 715 888; x_wconf 74' lang='lat' dir='ltr'><strong>d</strong></span> <span class='ocrx_word' id='word_1_38' title='bbox 737 829 847 891; x_wconf 90' lang='lat' dir='ltr'><strong>Indice</strong></span> <span class='ocrx_word' id='word_1_39' title='bbox 869 829 1049 908; x_wconf 88' lang='lat' dir='ltr'><strong>districtus,</strong></span> <span class='ocrx_word' id='word_1_40' title='bbox 1071 838 1133 889; x_wconf 85' lang='lat' dir='ltr'><strong>aut</strong></span> <span class='ocrx_word' id='word_1_41' title='bbox 1147 851 1347 914; x_wconf 87' lang='lat' dir='ltr'><strong>repraesen-</strong></span> 
     </span>
     <span class='ocr_line' id='line_1_7' title="bbox 212 911 1346 994; baseline -0.001 -21"><span class='ocrx_word' id='word_1_42' title='bbox 212 920 260 973; x_wconf 87' lang='lat' dir='ltr'><strong>tet</strong></span> <span class='ocrx_word' id='word_1_43' title='bbox 281 911 364 970; x_wconf 84' lang='lat' dir='ltr'><strong>infra</strong></span> <span class='ocrx_word' id='word_1_44' title='bbox 383 920 508 994; x_wconf 88' lang='lat' dir='ltr'><strong>tempus</strong></span> <span class='ocrx_word' id='word_1_45' title='bbox 531 911 731 973; x_wconf 87' lang='lat' dir='ltr'><strong>sufficienter</strong></span> <span class='ocrx_word' id='word_1_46' title='bbox 754 913 772 972; x_wconf 76' lang='lat' dir='ltr'><strong>d</strong></span> <span class='ocrx_word' id='word_1_47' title='bbox 796 911 906 974; x_wconf 91' lang='lat' dir='ltr'><strong>Iudice</strong></span> <span class='ocrx_word' id='word_1_48' title='bbox 931 913 1150 978; x_wconf 85' lang='lat' dir='ltr'><strong>constitutum.</strong></span> <span class='ocrx_word' id='word_1_49' title='bbox 1191 916 1297 990; x_wconf 84' lang='lat' dir='ltr'><strong>Quam</strong></span> <span class='ocrx_word' id='word_1_50' title='bbox 1315 911 1346 972; x_wconf 91' lang='lat' dir='ltr'><strong>si</strong></span> 
     </span>
     <span class='ocr_line' id='line_1_8' title="bbox 213 993 1344 1077; baseline -0.001 -23"><span class='ocrx_word' id='word_1_51' title='bbox 213 1015 279 1054; x_wconf 90' lang='lat' dir='ltr'><strong>non</strong></span> <span class='ocrx_word' id='word_1_52' title='bbox 302 993 445 1074; x_wconf 87' lang='lat' dir='ltr'><strong>potnerit</strong></span> <span class='ocrx_word' id='word_1_53' title='bbox 465 994 626 1071; x_wconf 83' lang='lat' dir='ltr'><strong>invenire,</strong></span> <span class='ocrx_word' id='word_1_54' title='bbox 648 995 801 1077; x_wconf 79' lang='lat' dir='ltr'>adprobet</span> <span class='ocrx_word' id='word_1_55' title='bbox 822 1016 854 1058; x_wconf 85' lang='lat' dir='ltr'><strong>se</strong></span> <span class='ocrx_word' id='word_1_56' title='bbox 872 1004 929 1057; x_wconf 84' lang='lat' dir='ltr'><strong>ant</strong></span> <span class='ocrx_word' id='word_1_57' title='bbox 952 1004 1148 1056; x_wconf 84' lang='lat' dir='ltr'><strong>sacramento</strong></span> <span class='ocrx_word' id='word_1_58' title='bbox 1166 1005 1221 1056; x_wconf 82' lang='lat' dir='ltr'><strong>ont</strong></span> <span class='ocrx_word' id='word_1_59' title='bbox 1244 995 1344 1057; x_wconf 88' lang='lat' dir='ltr'><strong>testi-</strong></span> 
     </span>
     <span class='ocr_line' id='line_1_9' title="bbox 212 1075 1346 1160; baseline -0.004 -20"><span class='ocrx_word' id='word_1_60' title='bbox 212 1075 273 1140; x_wconf 79' lang='lat' dir='ltr'><strong>bus</strong></span> <span class='ocrx_word' id='word_1_61' title='bbox 300 1075 507 1138; x_wconf 83' lang='lat' dir='ltr'>innocentem</span> <span class='ocrx_word' id='word_1_62' title='bbox 539 1077 628 1158; x_wconf 89' lang='lat' dir='ltr'><strong>qnod</strong></span> <span class='ocrx_word' id='word_1_63' title='bbox 656 1097 730 1138; x_wconf 88' lang='lat' dir='ltr'><strong>enm</strong></span> <span class='ocrx_word' id='word_1_64' title='bbox 753 1080 857 1138; x_wconf 87' lang='lat' dir='ltr'><strong>furem</strong></span> <span class='ocrx_word' id='word_1_65' title='bbox 885 1076 1051 1150; x_wconf 80' lang='lat' dir='ltr'><strong>nescierit3</strong></span> <span class='ocrx_word' id='word_1_66' title='bbox 1084 1085 1116 1138; x_wconf 87' lang='lat' dir='ltr'><strong>et</strong></span> <span class='ocrx_word' id='word_1_67' title='bbox 1143 1077 1232 1159; x_wconf 89' lang='lat' dir='ltr'><strong>quod</strong></span> <span class='ocrx_word' id='word_1_68' title='bbox 1250 1076 1346 1160; x_wconf 85' lang='lat' dir='ltr'><strong>apud</strong></span> 
     </span>
     <span class='ocr_line' id='line_1_10' title="bbox 213 1155 1346 1243; baseline -0.002 -23"><span class='ocrx_word' id='word_1_69' title='bbox 213 1178 289 1220; x_wconf 85' lang='lat' dir='ltr'><strong>enm</strong></span> <span class='ocrx_word' id='word_1_70' title='bbox 307 1157 500 1240; x_wconf 79' lang='lat' dir='ltr'><strong>agnoscitur,</strong></span> <span class='ocrx_word' id='word_1_71' title='bbox 522 1169 651 1242; x_wconf 89' lang='lat' dir='ltr'><strong>accepta</strong></span> <span class='ocrx_word' id='word_1_72' title='bbox 662 1159 758 1243; x_wconf 84' lang='lat' dir='ltr'><strong>pretii</strong></span> <span class='ocrx_word' id='word_1_73' title='bbox 778 1157 959 1236; x_wconf 72' lang='lat' dir='ltr'><strong>medietate,</strong></span> <span class='ocrx_word' id='word_1_74' title='bbox 978 1155 1142 1230; x_wconf 80' lang='lat' dir='ltr'><strong>restituat3</strong></span> <span class='ocrx_word' id='word_1_75' title='bbox 1164 1169 1260 1240; x_wconf 89' lang='lat' dir='ltr'><strong>atque</strong></span> <span class='ocrx_word' id='word_1_76' title='bbox 1276 1180 1346 1218; x_wconf 85' lang='lat' dir='ltr'><strong>arn·</strong></span> 
     </span>
     <span class='ocr_line' id='line_1_11' title="bbox 211 1239 1345 1326; baseline -0.004 -22"><span class='ocrx_word' id='word_1_77' title='bbox 211 1241 254 1304; x_wconf 83' lang='lat' dir='ltr'><strong>ho</strong></span> <span class='ocrx_word' id='word_1_78' title='bbox 273 1241 355 1304; x_wconf 90' lang='lat' dir='ltr'><strong>datis</strong></span> <span class='ocrx_word' id='word_1_79' title='bbox 378 1239 519 1302; x_wconf 81' lang='lat' dir='ltr'><strong>invicem</strong></span> <span class='ocrx_word' id='word_1_80' title='bbox 539 1242 742 1304; x_wconf 85' lang='lat' dir='ltr'><strong>sacramentis</strong></span> <span class='ocrx_word' id='word_1_81' title='bbox 760 1242 947 1326; x_wconf 79' lang='lat' dir='ltr'><strong>promittant</strong></span> <span class='ocrx_word' id='word_1_82' title='bbox 963 1243 1051 1324; x_wconf 90' lang='lat' dir='ltr'><strong>quod</strong></span> <span class='ocrx_word' id='word_1_83' title='bbox 1067 1243 1174 1302; x_wconf 83' lang='lat' dir='ltr'><strong>furem</strong></span> <span class='ocrx_word' id='word_1_84' title='bbox 1196 1241 1345 1303; x_wconf 85' lang='lat' dir='ltr'><strong>fideliter</strong></span> 
     </span>
     <span class='ocr_line' id='line_1_12' title="bbox 212 1323 1343 1406; baseline -0.001 -22"><span class='ocrx_word' id='word_1_85' title='bbox 212 1333 379 1406; x_wconf 81' lang='lat' dir='ltr'><strong>quaerant,</strong></span> <span class='ocrx_word' id='word_1_86' title='bbox 420 1324 559 1402; x_wconf 88' lang='lat' dir='ltr'><strong>Quodsi</strong></span> <span class='ocrx_word' id='word_1_87' title='bbox 583 1325 714 1386; x_wconf 90' lang='lat' dir='ltr'><strong>omnino</strong></span> <span class='ocrx_word' id='word_1_88' title='bbox 734 1325 841 1386; x_wconf 82' lang='lat' dir='ltr'><strong>furem</strong></span> <span class='ocrx_word' id='word_1_89' title='bbox 860 1323 1006 1386; x_wconf 83' lang='lat' dir='ltr'><strong>invenire</strong></span> <span class='ocrx_word' id='word_1_90' title='bbox 1029 1323 1249 1406; x_wconf 85' lang='lat' dir='ltr'><strong>nequiverint,</strong></span> <span class='ocrx_word' id='word_1_91' title='bbox 1268 1343 1343 1384; x_wconf 82' lang='lat' dir='ltr'><strong>rem</strong></span> 
     </span>
     <span class='ocr_line' id='line_1_13' title="bbox 212 1406 1343 1490; baseline -0.002 -22"><span class='ocrx_word' id='word_1_92' title='bbox 212 1417 369 1490; x_wconf 88' lang='lat' dir='ltr'><strong>quantum</strong></span> <span class='ocrx_word' id='word_1_93' title='bbox 390 1417 495 1488; x_wconf 89' lang='lat' dir='ltr'><strong>empta</strong></span> <span class='ocrx_word' id='word_1_94' title='bbox 518 1417 575 1484; x_wconf 90' lang='lat' dir='ltr'><strong>est,</strong></span> <span class='ocrx_word' id='word_1_95' title='bbox 598 1407 728 1468; x_wconf 88' lang='lat' dir='ltr'><strong>domino</strong></span> <span class='ocrx_word' id='word_1_96' title='bbox 749 1406 798 1468; x_wconf 86' lang='lat' dir='ltr'><strong>rei</strong></span> <span class='ocrx_word' id='word_1_97' title='bbox 816 1417 939 1490; x_wconf 86' lang='lat' dir='ltr'><strong>emptor</strong></span> <span class='ocrx_word' id='word_1_98' title='bbox 960 1427 1000 1466; x_wconf 83' lang='lat' dir='ltr'><strong>ex</strong></span> <span class='ocrx_word' id='word_1_99' title='bbox 1021 1406 1205 1489; x_wconf 75' lang='lat' dir='ltr'><strong>integritate</strong></span> <span class='ocrx_word' id='word_1_100' title='bbox 1230 1407 1343 1467; x_wconf 81' lang='lat' dir='ltr'><strong>refor-</strong></span> 
     </span>
     <span class='ocr_line' id='line_1_14' title="bbox 211 1487 1342 1571; baseline -0.002 -21"><span class='ocrx_word' id='word_1_101' title='bbox 211 1499 286 1552; x_wconf 88' lang='lat' dir='ltr'><strong>met.</strong></span> <span class='ocrx_word' id='word_1_102' title='bbox 329 1489 362 1548; x_wconf 90' lang='lat' dir='ltr'><strong>Si</strong></span> <span class='ocrx_word' id='word_1_103' title='bbox 376 1510 453 1552; x_wconf 82' lang='lat' dir='ltr'><strong>vero</strong></span> <span class='ocrx_word' id='word_1_104' title='bbox 467 1489 614 1550; x_wconf 89' lang='lat' dir='ltr'><strong>dominus</strong></span> <span class='ocrx_word' id='word_1_105' title='bbox 623 1489 672 1550; x_wconf 87' lang='lat' dir='ltr'><strong>rei</strong></span> <span class='ocrx_word' id='word_1_106' title='bbox 690 1491 794 1551; x_wconf 87' lang='lat' dir='ltr'><strong>furem</strong></span> <span class='ocrx_word' id='word_1_107' title='bbox 806 1487 945 1565; x_wconf 80' lang='lat' dir='ltr'><strong>noverit,</strong></span> <span class='ocrx_word' id='word_1_108' title='bbox 956 1498 988 1549; x_wconf 88' lang='lat' dir='ltr'><strong>et</strong></span> <span class='ocrx_word' id='word_1_109' title='bbox 1008 1510 1083 1550; x_wconf 91' lang='lat' dir='ltr'><strong>enm</strong></span> <span class='ocrx_word' id='word_1_110' title='bbox 1097 1488 1261 1571; x_wconf 86' lang='lat' dir='ltr'><strong>publicare</strong></span> <span class='ocrx_word' id='word_1_111' title='bbox 1276 1509 1342 1548; x_wconf 87' lang='lat' dir='ltr'><strong>no·</strong></span> 
     </span>
     <span class='ocr_line' id='line_1_15' title="bbox 211 1566 1341 1655; baseline -0.004 -21"><span class='ocrx_word' id='word_1_112' title='bbox 211 1571 328 1650; x_wconf 90' lang='lat' dir='ltr'><strong>luerit,</strong></span> <span class='ocrx_word' id='word_1_113' title='bbox 358 1594 427 1634; x_wconf 90' lang='lat' dir='ltr'><strong>rem</strong></span> <span class='ocrx_word' id='word_1_114' title='bbox 451 1595 490 1633; x_wconf 84' lang='lat' dir='ltr'><strong>ex</strong></span> <span class='ocrx_word' id='word_1_115' title='bbox 511 1581 578 1633; x_wconf 89' lang='lat' dir='ltr'><strong>toto</strong></span> <span class='ocrx_word' id='word_1_116' title='bbox 608 1572 745 1650; x_wconf 88' lang='lat' dir='ltr'><strong>amittat,</strong></span> <span class='ocrx_word' id='word_1_117' title='bbox 767 1566 866 1654; x_wconf 60' lang='lat' dir='ltr'><strong>quam&#39;</strong></span> <span class='ocrx_word' id='word_1_118' title='bbox 888 1579 1012 1653; x_wconf 87' lang='lat' dir='ltr'><strong>emptor</strong></span> <span class='ocrx_word' id='word_1_119' title='bbox 1032 1569 1141 1653; x_wconf 90' lang='lat' dir='ltr'><strong>quiete</strong></span> <span class='ocrx_word' id='word_1_120' title='bbox 1165 1570 1341 1655; x_wconf 88' lang='lat' dir='ltr'><strong>possideat.</strong></span> 
     </span>
     <span class='ocr_line' id='line_1_16' title="bbox 150 1654 867 1738; baseline -0.008 -17"><span class='ocrx_word' id='word_1_121' title='bbox 150 1685 153 1688; x_wconf 95' lang='lat'>·</span> <span class='ocrx_word' id='word_1_122' title='bbox 210 1657 297 1720; x_wconf 87' lang='lat' dir='ltr'><strong>Haec</strong></span> <span class='ocrx_word' id='word_1_123' title='bbox 312 1663 350 1717; x_wconf 82' lang='lat' dir='ltr'><strong>et</strong></span> <span class='ocrx_word' id='word_1_124' title='bbox 372 1655 412 1738; x_wconf 81' lang='lat' dir='ltr'><strong>de</strong></span> <span class='ocrx_word' id='word_1_125' title='bbox 434 1654 535 1718; x_wconf 77' lang='lat' dir='ltr'><strong>seruis</strong></span> <span class='ocrx_word' id='word_1_126' title='bbox 557 1655 660 1715; x_wconf 86' lang='lat' dir='ltr'><strong>forma</strong></span> <span class='ocrx_word' id='word_1_127' title='bbox 678 1654 867 1718; x_wconf 82' lang='lat' dir='ltr'><strong>servabitur.</strong></span> 
     </span>
    </p>
   </div>
   <div class='ocr_carea' id='block_1_3' title="bbox 531 1757 1012 1845">
    <p class='ocr_par' dir='ltr' id='par_1_4' title="bbox 531 1757 1012 1845">
     <span class='ocr_line' id='line_1_17' title="bbox 531 1757 1012 1845; baseline 0 -23"><span class='ocrx_word' id='word_1_128' title='bbox 531 1760 579 1822; x_wconf 81' lang='lat' dir='ltr'><strong>Ne</strong></span> <span class='ocrx_word' id='word_1_129' title='bbox 600 1757 806 1845; x_wconf 70' lang='lat' dir='ltr'><strong>testificentur</strong></span> <span class='ocrx_word' id='word_1_130' title='bbox 821 1761 1012 1822; x_wconf 80' lang='lat' dir='ltr'><strong>manumissi.</strong></span> 
     </span>
    </p>
   </div>
   <div class='ocr_carea' id='block_1_4' title="bbox 188 1861 1340 2361">
    <p class='ocr_par' dir='ltr' id='par_1_5' title="bbox 188 1861 1340 2361">
     <span class='ocr_line' id='line_1_18' title="bbox 294 1861 1340 1948; baseline 0.002 -22"><span class='ocrx_word' id='word_1_131' title='bbox 294 1861 456 1933; x_wconf 76' lang='lat' dir='ltr'><strong>cccttl.</strong></span> <span class='ocrx_word' id='word_1_132' title='bbox 498 1864 647 1928; x_wconf 86' lang='lat' dir='ltr'><strong>Libertus</strong></span> <span class='ocrx_word' id='word_1_133' title='bbox 665 1865 855 1928; x_wconf 80' lang='lat' dir='ltr'><strong>vellihcrta</strong></span> <span class='ocrx_word' id='word_1_134' title='bbox 882 1865 915 1925; x_wconf 90' lang='lat' dir='ltr'><strong>in</strong></span> <span class='ocrx_word' id='word_1_135' title='bbox 943 1866 1043 1928; x_wconf 86' lang='lat' dir='ltr'><strong>nullis</strong></span> <span class='ocrx_word' id='word_1_136' title='bbox 1066 1867 1203 1948; x_wconf 86' lang='lat' dir='ltr'><strong>negotiis</strong></span> <span class='ocrx_word' id='word_1_137' title='bbox 1223 1875 1340 1934; x_wconf 86' lang='lat' dir='ltr'><strong>contra</strong></span> 
     </span>
     <span class='ocr_line' id='line_1_19' title="bbox 212 1946 1340 2030; baseline 0.004 -24"><span class='ocrx_word' id='word_1_138' title='bbox 212 1966 406 2030; x_wconf 85' lang='lat' dir='ltr'><strong>quemqnam</strong></span> <span class='ocrx_word' id='word_1_139' title='bbox 428 1946 647 2010; x_wconf 85' lang='lat' dir='ltr'><strong>testimonium</strong></span> <span class='ocrx_word' id='word_1_140' title='bbox 668 1949 774 2010; x_wconf 86' lang='lat' dir='ltr'><strong>dicere</strong></span> <span class='ocrx_word' id='word_1_141' title='bbox 798 1948 1027 2026; x_wconf 82' lang='lat' dir='ltr'><strong>admittantur,</strong></span> <span class='ocrx_word' id='word_1_142' title='bbox 1055 1958 1191 2030; x_wconf 85' lang='lat' dir='ltr'><strong>excepto</strong></span> <span class='ocrx_word' id='word_1_143' title='bbox 1215 1950 1249 2010; x_wconf 89' lang='lat' dir='ltr'><strong>in</strong></span> <span class='ocrx_word' id='word_1_144' title='bbox 1273 1951 1340 2010; x_wconf 86' lang='lat' dir='ltr'><strong>ali-</strong></span> 
     </span>
     <span class='ocr_line' id='line_1_20' title="bbox 212 2027 1340 2114; baseline 0.003 -23"><span class='ocrx_word' id='word_1_145' title='bbox 212 2027 329 2113; x_wconf 87' lang='lat' dir='ltr'><strong>quibus</strong></span> <span class='ocrx_word' id='word_1_146' title='bbox 347 2029 432 2090; x_wconf 91' lang='lat' dir='ltr'><strong>causi</strong></span> <span class='ocrx_word' id='word_1_147' title='bbox 471 2029 528 2089; x_wconf 92' lang='lat' dir='ltr'><strong>ubi</strong></span> <span class='ocrx_word' id='word_1_148' title='bbox 545 2030 725 2111; x_wconf 85' lang='lat' dir='ltr'><strong>ingenuitas</strong></span> <span class='ocrx_word' id='word_1_149' title='bbox 747 2032 855 2093; x_wconf 82' lang='lat' dir='ltr'><strong>deesse</strong></span> <span class='ocrx_word' id='word_1_150' title='bbox 874 2031 1063 2108; x_wconf 85' lang='lat' dir='ltr'><strong>dinoscitur,</strong></span> <span class='ocrx_word' id='word_1_151' title='bbox 1084 2031 1168 2092; x_wconf 91' lang='lat' dir='ltr'><strong>sicut</strong></span> <span class='ocrx_word' id='word_1_152' title='bbox 1186 2033 1340 2114; x_wconf 80' lang='lat' dir='ltr'><strong>praemis·</strong></span> 
     </span>
     <span class='ocr_line' id='line_1_21' title="bbox 210 2112 1337 2198; baseline -0.004 -22"><span class='ocrx_word' id='word_1_153' title='bbox 210 2134 282 2176; x_wconf 88' lang='lat' dir='ltr'><strong>sum</strong></span> <span class='ocrx_word' id='word_1_154' title='bbox 301 2120 349 2172; x_wconf 89' lang='lat' dir='ltr'><strong>est</strong></span> <span class='ocrx_word' id='word_1_155' title='bbox 374 2121 405 2172; x_wconf 92' lang='lat' dir='ltr'><strong>et</strong></span> <span class='ocrx_word' id='word_1_156' title='bbox 490 2113 610 2183; x_wconf 83' lang='lat' dir='ltr'><strong>servis3</strong></span> <span class='ocrx_word' id='word_1_157' title='bbox 632 2112 708 2192; x_wconf 86' lang='lat' dir='ltr'><strong>quia</strong></span> <span class='ocrx_word' id='word_1_158' title='bbox 729 2114 898 2198; x_wconf 88' lang='lat' dir='ltr'><strong>indignum</strong></span> <span class='ocrx_word' id='word_1_159' title='bbox 923 2113 1031 2175; x_wconf 81' lang='lat' dir='ltr'><strong>nostra</strong></span> <span class='ocrx_word' id='word_1_160' title='bbox 1057 2121 1170 2195; x_wconf 88' lang='lat' dir='ltr'><strong>pensat</strong></span> <span class='ocrx_word' id='word_1_161' title='bbox 1189 2116 1337 2176; x_wconf 85' lang='lat' dir='ltr'><strong>clemen-</strong></span> 
     </span>
     <span class='ocr_line' id='line_1_22' title="bbox 188 2191 1337 2274; baseline 0.001 -19"><span class='ocrx_word' id='word_1_162' title='bbox 188 2225 191 2231; x_wconf 92' lang='lat'>·</span> <span class='ocrx_word' id='word_1_163' title='bbox 210 2195 255 2256; x_wconf 90' lang='lat' dir='ltr'><strong>tia</strong></span> <span class='ocrx_word' id='word_1_164' title='bbox 275 2204 323 2272; x_wconf 86' lang='lat' dir='ltr'><strong>ut¹</strong></span> <span class='ocrx_word' id='word_1_165' title='bbox 337 2191 527 2254; x_wconf 88' lang='lat' dir='ltr'><strong>libertorum</strong></span> <span class='ocrx_word' id='word_1_166' title='bbox 550 2194 731 2256; x_wconf 85' lang='lat' dir='ltr'><strong>testimonia</strong></span> <span class='ocrx_word' id='word_1_167' title='bbox 750 2196 899 2258; x_wconf 72' lang='lat' dir='ltr'><strong>inrenuis</strong></span> <span class='ocrx_word' id='word_1_168' title='bbox 917 2197 1031 2257; x_wconf 82' lang='lat' dir='ltr'><strong>damna</strong></span> <span class='ocrx_word' id='word_1_169' title='bbox 1051 2195 1246 2262; x_wconf 82' lang='lat' dir='ltr'><strong>concutiant.</strong></span> <span class='ocrx_word' id='word_1_170' title='bbox 1268 2197 1337 2274; x_wconf 88' lang='lat' dir='ltr'><strong>Qui</strong></span> 
     </span>
     <span class='ocr_line' id='line_1_23' title="bbox 210 2247 1332 2361; baseline 0.002 -23"><span class='ocrx_word' id='word_1_171' title='bbox 210 2298 289 2339; x_wconf 78' lang='lat' dir='ltr'><strong>vero</strong></span> <span class='ocrx_word' id='word_1_172' title='bbox 312 2275 351 2336; x_wconf 91' lang='lat' dir='ltr'><strong>de</strong></span> <span class='ocrx_word' id='word_1_173' title='bbox 374 2275 494 2340; x_wconf 86' lang='lat' dir='ltr'><strong>eisdem</strong></span> <span class='ocrx_word' id='word_1_174' title='bbox 514 2276 647 2338; x_wconf 87' lang='lat' dir='ltr'><strong>fuerunt</strong></span> <span class='ocrx_word' id='word_1_175' title='bbox 667 2247 845 2361; x_wconf 71' lang='lat' dir='ltr'><strong>progeniti,</strong></span> <span class='ocrx_word' id='word_1_176' title='bbox 873 2279 913 2340; x_wconf 89' lang='lat' dir='ltr'><strong>ad</strong></span> <span class='ocrx_word' id='word_1_177' title='bbox 932 2277 1152 2341; x_wconf 87' lang='lat' dir='ltr'><strong>testimonium</strong></span> <span class='ocrx_word' id='word_1_178' title='bbox 1175 2277 1210 2338; x_wconf 90' lang='lat' dir='ltr'><strong>in</strong></span> <span class='ocrx_word' id='word_1_179' title='bbox 1234 2279 1332 2342; x_wconf 82' lang='lat' dir='ltr'><strong>tertia</strong></span> 
     </span>
    </p>
   </div>
   <div class='ocr_carea' id='block_1_5' title="bbox 210 2358 1115 2552">
    <p class='ocr_par' dir='ltr' id='par_1_6' title="bbox 210 2358 1115 2552">
     <span class='ocr_line' id='line_1_24' title="bbox 210 2358 933 2448; baseline 0.007 -27"><span class='ocrx_word' id='word_1_180' title='bbox 210 2358 418 2448; x_wconf 79' lang='lat' dir='ltr'><strong>generatione</strong></span> <span class='ocrx_word' id='word_1_181' title='bbox 441 2359 657 2425; x_wconf 84' lang='lat' dir='ltr'><strong>admittantur.</strong></span> <span class='ocrx_word' id='word_1_182' title='bbox 697 2359 802 2446; x_wconf 82' lang='lat' dir='ltr'><strong>Supra</strong></span> <span class='ocrx_word' id='word_1_183' title='bbox 813 2382 840 2423; x_wconf 89' lang='lat' dir='ltr'><strong>e.</strong></span> <span class='ocrx_word' id='word_1_184' title='bbox 866 2363 933 2444; x_wconf 80' lang='lat'><strong>159.</strong></span> 
     </span>
     <span class='ocr_line' id='line_1_25' title="bbox 428 2463 1115 2552; baseline 0.006 -28"><span class='ocrx_word' id='word_1_185' title='bbox 428 2463 467 2524; x_wconf 87' lang='lat' dir='ltr'><strong>Si</strong></span> <span class='ocrx_word' id='word_1_186' title='bbox 480 2485 642 2548; x_wconf 87' lang='lat' dir='ltr'><strong>possessor</strong></span> <span class='ocrx_word' id='word_1_187' title='bbox 651 2485 711 2550; x_wconf 84' lang='lat' dir='ltr'><strong>per</strong></span> <span class='ocrx_word' id='word_1_188' title='bbox 728 2467 911 2528; x_wconf 83' lang='lat' dir='ltr'><strong>violentiam</strong></span> <span class='ocrx_word' id='word_1_189' title='bbox 928 2468 1115 2552; x_wconf 77' lang='lat' dir='ltr'><strong>expellatur.</strong></span> 
     </span>
    </p>
   </div>
   <div class='ocr_carea' id='block_1_6' title="bbox 208 2567 1331 3154">
    <p class='ocr_par' dir='ltr' id='par_1_7' title="bbox 208 2567 1331 3154">
     <span class='ocr_line' id='line_1_26' title="bbox 294 2567 1331 2656; baseline 0.003 -22"><span class='ocrx_word' id='word_1_190' title='bbox 294 2567 472 2634; x_wconf 86' lang='lat' dir='ltr'>CCCLIII.</span> <span class='ocrx_word' id='word_1_191' title='bbox 514 2571 709 2654; x_wconf 87' lang='lat' dir='ltr'><strong>Quicunque</strong></span> <span class='ocrx_word' id='word_1_192' title='bbox 730 2571 889 2634; x_wconf 80' lang='lat' dir='ltr'><strong>violenter</strong></span> <span class='ocrx_word' id='word_1_193' title='bbox 917 2573 1077 2656; x_wconf 83' lang='lat' dir='ltr'><strong>expulerit</strong></span> <span class='ocrx_word' id='word_1_194' title='bbox 1114 2572 1331 2654; x_wconf 87' lang='lat' dir='ltr'><strong>possidentem</strong></span> 
     </span>
     <span class='ocr_line' id='line_1_27' title="bbox 209 2652 1329 2737; baseline 0.004 -24"><span class='ocrx_word' id='word_1_195' title='bbox 209 2653 395 2735; x_wconf 88' lang='lat' dir='ltr'><strong>priusquam</strong></span> <span class='ocrx_word' id='word_1_196' title='bbox 417 2676 475 2735; x_wconf 92' lang='lat' dir='ltr'><strong>pro</strong></span> <span class='ocrx_word' id='word_1_197' title='bbox 496 2652 564 2735; x_wconf 92' lang='lat' dir='ltr'><strong>ipso</strong></span> <span class='ocrx_word' id='word_1_198' title='bbox 582 2654 702 2716; x_wconf 87' lang='lat' dir='ltr'><strong>Indicis</strong></span> <span class='ocrx_word' id='word_1_199' title='bbox 719 2657 876 2717; x_wconf 90' lang='lat' dir='ltr'><strong>sententia</strong></span> <span class='ocrx_word' id='word_1_200' title='bbox 889 2657 1051 2737; x_wconf 79' lang='lat' dir='ltr'><strong>procedat,</strong></span> <span class='ocrx_word' id='word_1_201' title='bbox 1073 2655 1100 2717; x_wconf 86' lang='lat' dir='ltr'><strong>si</strong></span> <span class='ocrx_word' id='word_1_202' title='bbox 1115 2673 1238 2716; x_wconf 85' lang='lat' dir='ltr'><strong>causam</strong></span> <span class='ocrx_word' id='word_1_203' title='bbox 1260 2678 1329 2718; x_wconf 89' lang='lat' dir='ltr'><strong>mc-</strong></span> 
     </span>
     <span class='ocr_line' id='line_1_28' title="bbox 209 2735 1328 2820; baseline 0.003 -22"><span class='ocrx_word' id='word_1_204' title='bbox 209 2737 324 2798; x_wconf 87' lang='lat' dir='ltr'><strong>liorem</strong></span> <span class='ocrx_word' id='word_1_205' title='bbox 345 2735 503 2812; x_wconf 87' lang='lat' dir='ltr'><strong>habuerit,</strong></span> <span class='ocrx_word' id='word_1_206' title='bbox 519 2736 624 2819; x_wconf 90' lang='lat' dir='ltr'><strong>-ipeam</strong></span> <span class='ocrx_word' id='word_1_207' title='bbox 643 2757 769 2800; x_wconf 83' lang='lat' dir='ltr'><strong>censum</strong></span> <span class='ocrx_word' id='word_1_208' title='bbox 790 2738 829 2799; x_wconf 89' lang='lat' dir='ltr'><strong>de</strong></span> <span class='ocrx_word' id='word_1_209' title='bbox 847 2759 909 2820; x_wconf 89' lang='lat' dir='ltr'><strong>qua</strong></span> <span class='ocrx_word' id='word_1_210' title='bbox 931 2736 1035 2820; x_wconf 85' lang='lat' dir='ltr'><strong>agitur</strong></span> <span class='ocrx_word' id='word_1_211' title='bbox 1048 2738 1181 2820; x_wconf 83' lang='lat' dir='ltr'><strong>perdat;</strong></span> <span class='ocrx_word' id='word_1_212' title='bbox 1202 2737 1260 2800; x_wconf 91' lang='lat' dir='ltr'><strong>ille</strong></span> <span class='ocrx_word' id='word_1_213' title='bbox 1276 2761 1328 2800; x_wconf 83' lang='lat' dir='ltr'><strong>ve·</strong></span> 
     </span>
     <span class='ocr_line' id='line_1_29' title="bbox 210 2818 1326 2902; baseline 0.001 -22"><span class='ocrx_word' id='word_1_214' title='bbox 210 2840 247 2880; x_wconf 90' lang='lat' dir='ltr'><strong>ro</strong></span> <span class='ocrx_word' id='word_1_215' title='bbox 263 2818 319 2900; x_wconf 90' lang='lat' dir='ltr'><strong>qui</strong></span> <span class='ocrx_word' id='word_1_216' title='bbox 336 2818 522 2880; x_wconf 81' lang='lat' dir='ltr'><strong>violentiam</strong></span> <span class='ocrx_word' id='word_1_217' title='bbox 542 2819 688 2902; x_wconf 88' lang='lat' dir='ltr'><strong>pertulit,</strong></span> <span class='ocrx_word' id='word_1_218' title='bbox 710 2818 859 2882; x_wconf 79' lang='lat' dir='ltr'><strong>universa</strong></span> <span class='ocrx_word' id='word_1_219' title='bbox 885 2820 918 2880; x_wconf 93' lang='lat' dir='ltr'><strong>in</strong></span> <span class='ocrx_word' id='word_1_220' title='bbox 939 2829 1022 2882; x_wconf 87' lang='lat' dir='ltr'><strong>statu</strong></span> <span class='ocrx_word' id='word_1_221' title='bbox 1043 2839 1106 2902; x_wconf 93' lang='lat' dir='ltr'><strong>quo</strong></span> <span class='ocrx_word' id='word_1_222' title='bbox 1126 2822 1255 2881; x_wconf 85' lang='lat' dir='ltr'><strong>fuerant</strong></span> <span class='ocrx_word' id='word_1_223' title='bbox 1273 2842 1326 2882; x_wconf 89' lang='lat' dir='ltr'><strong>re·</strong></span> 
     </span>
     <span class='ocr_line' id='line_1_30' title="bbox 210 2901 1328 2982; baseline 0.002 -22"><span class='ocrx_word' id='word_1_224' title='bbox 210 2901 319 2982; x_wconf 78' lang='lat' dir='ltr'><strong>cipiet,</strong></span> <span class='ocrx_word' id='word_1_225' title='bbox 343 2910 374 2960; x_wconf 90' lang='lat' dir='ltr'><strong>et</strong></span> <span class='ocrx_word' id='word_1_226' title='bbox 392 2921 474 2982; x_wconf 88' lang='lat' dir='ltr'><strong>quae</strong></span> <span class='ocrx_word' id='word_1_227' title='bbox 499 2901 641 2982; x_wconf 86' lang='lat' dir='ltr'><strong>possedit</strong></span> <span class='ocrx_word' id='word_1_228' title='bbox 659 2923 790 2962; x_wconf 84' lang='lat' dir='ltr'><strong>securus</strong></span> <span class='ocrx_word' id='word_1_229' title='bbox 815 2911 930 2968; x_wconf 88' lang='lat' dir='ltr'><strong>teneat.</strong></span> <span class='ocrx_word' id='word_1_230' title='bbox 974 2903 1009 2964; x_wconf 88' lang='lat' dir='ltr'><strong>Si</strong></span> <span class='ocrx_word' id='word_1_231' title='bbox 1028 2923 1116 2964; x_wconf 83' lang='lat' dir='ltr'><strong>-vero</strong></span> <span class='ocrx_word' id='word_1_232' title='bbox 1137 2901 1220 2964; x_wconf 88' lang='lat' dir='ltr'><strong>illud</strong></span> <span class='ocrx_word' id='word_1_233' title='bbox 1239 2901 1328 2964; x_wconf 87' lang='lat' dir='ltr'><strong>inva-</strong></span> 
     </span>
     <span class='ocr_line' id='line_1_31' title="bbox 209 2982 1325 3068; baseline 0.002 -26"><span class='ocrx_word' id='word_1_234' title='bbox 209 2983 257 3044; x_wconf 91' lang='lat' dir='ltr'><strong>dit</strong></span> <span class='ocrx_word' id='word_1_235' title='bbox 273 2982 361 3062; x_wconf 90' lang='lat' dir='ltr'><strong>quod</strong></span> <span class='ocrx_word' id='word_1_236' title='bbox 377 3005 436 3064; x_wconf 88' lang='lat' dir='ltr'><strong>per</strong></span> <span class='ocrx_word' id='word_1_237' title='bbox 455 2983 612 3044; x_wconf 89' lang='lat' dir='ltr'><strong>indicium</strong></span> <span class='ocrx_word' id='word_1_238' title='bbox 632 2983 777 3046; x_wconf 90' lang='lat' dir='ltr'><strong>obtinere</strong></span> <span class='ocrx_word' id='word_1_239' title='bbox 806 2986 966 3068; x_wconf 88' lang='lat' dir='ltr'><strong>potuerit,</strong></span> <span class='ocrx_word' id='word_1_240' title='bbox 999 2995 1030 3045; x_wconf 88' lang='lat' dir='ltr'><strong>et</strong></span> <span class='ocrx_word' id='word_1_241' title='bbox 1048 3005 1175 3046; x_wconf 86' lang='lat' dir='ltr'><strong>oausam</strong></span> <span class='ocrx_word' id='word_1_242' title='bbox 1195 2983 1325 3062; x_wconf 86' lang='lat' dir='ltr'><strong>amittat,</strong></span> 
     </span>
     <span class='ocr_line' id='line_1_32' title="bbox 208 3065 1326 3154; baseline 0 -28"><span class='ocrx_word' id='word_1_243' title='bbox 208 3073 241 3126; x_wconf 85' lang='lat' dir='ltr'><strong>et</strong></span> <span class='ocrx_word' id='word_1_244' title='bbox 260 3065 349 3124; x_wconf 87' lang='lat' dir='ltr'><strong>aliud</strong></span> <span class='ocrx_word' id='word_1_245' title='bbox 368 3074 492 3127; x_wconf 88' lang='lat' dir='ltr'><strong>tautum</strong></span> <span class='ocrx_word' id='word_1_246' title='bbox 502 3076 658 3149; x_wconf 89' lang='lat' dir='ltr'><strong>quantum</strong></span> <span class='ocrx_word' id='word_1_247' title='bbox 673 3066 788 3128; x_wconf 86' lang='lat' dir='ltr'><strong>invasit</strong></span> <span class='ocrx_word' id='word_1_248' title='bbox 803 3067 915 3129; x_wconf 87' lang='lat' dir='ltr'><strong>reddat</strong></span> <span class='ocrx_word' id='word_1_249' title='bbox 929 3067 1072 3151; x_wconf 81' lang='lat' dir='ltr'><strong>expulso.</strong></span> <span class='ocrx_word' id='word_1_250' title='bbox 1091 3067 1197 3154; x_wconf 76' lang='lat' dir='ltr'><strong>Supra</strong></span> <span class='ocrx_word' id='word_1_251' title='bbox 1213 3087 1243 3134; x_wconf 78' lang='lat' dir='ltr'><strong>c.</strong></span> <span class='ocrx_word' id='word_1_252' title='bbox 1260 3067 1326 3134; x_wconf 73' lang='lat'><strong>161.</strong></span> 
     </span>
    </p>
   </div>
   <div class='ocr_carea' id='block_1_7' title="bbox 282 3194 1280 3282">
    <p class='ocr_par' dir='ltr' id='par_1_8' title="bbox 282 3194 1280 3282">
     <span class='ocr_line' id='line_1_33' title="bbox 282 3194 1280 3282; baseline 0 -28"><span class='ocrx_word' id='word_1_253' title='bbox 282 3195 320 3256; x_wconf 87' lang='lat' dir='ltr'><strong>Si</strong></span> <span class='ocrx_word' id='word_1_254' title='bbox 340 3195 386 3254; x_wconf 85' lang='lat' dir='ltr'><strong>od</strong></span> <span class='ocrx_word' id='word_1_255' title='bbox 404 3194 616 3279; x_wconf 81' lang='lat' dir='ltr'><strong>diripiendum</strong></span> <span class='ocrx_word' id='word_1_256' title='bbox 638 3198 767 3281; x_wconf 76' lang='lat' dir='ltr'><strong>quisque</strong></span> <span class='ocrx_word' id='word_1_257' title='bbox 792 3197 871 3258; x_wconf 82' lang='lat' dir='ltr'><strong>alios</strong></span> <span class='ocrx_word' id='word_1_258' title='bbox 894 3195 1039 3256; x_wconf 79' lang='lat' dir='ltr'><strong>invitasse</strong></span> <span class='ocrx_word' id='word_1_259' title='bbox 1064 3197 1249 3282; x_wconf 83' lang='lat' dir='ltr'><strong>reperietur.</strong></span> <span class='ocrx_word' id='word_1_260' title='bbox 1277 3249 1280 3254; x_wconf 88' lang='lat'><strong>.</strong></span> 
     </span>
    </p>
   </div>
   <div class='ocr_carea' id='block_1_8' title="bbox 202 3299 1325 4040">
    <p class='ocr_par' dir='ltr' id='par_1_9' title="bbox 202 3299 1325 4040">
     <span class='ocr_line' id='line_1_34' title="bbox 287 3299 1323 3385; baseline 0 -21"><span class='ocrx_word' id='word_1_261' title='bbox 287 3299 457 3364; x_wconf 88' lang='lat' dir='ltr'>CCCLIV.</span> <span class='ocrx_word' id='word_1_262' title='bbox 500 3301 534 3361; x_wconf 83' lang='lat' dir='ltr'><strong>si</strong></span> <span class='ocrx_word' id='word_1_263' title='bbox 552 3301 624 3385; x_wconf 85' lang='lat' dir='ltr'><strong>quis</strong></span> <span class='ocrx_word' id='word_1_264' title='bbox 646 3301 686 3362; x_wconf 88' lang='lat' dir='ltr'><strong>ad</strong></span> <span class='ocrx_word' id='word_1_265' title='bbox 707 3299 924 3382; x_wconf 89' lang='lat' dir='ltr'><strong>diripiendum</strong></span> <span class='ocrx_word' id='word_1_266' title='bbox 943 3300 1023 3362; x_wconf 85' lang='lat' dir='ltr'><strong>alios</strong></span> <span class='ocrx_word' id='word_1_267' title='bbox 1051 3301 1259 3379; x_wconf 80' lang='lat' dir='ltr'><strong>invitaverit,</strong></span> <span class='ocrx_word' id='word_1_268' title='bbox 1288 3313 1323 3364; x_wconf 88' lang='lat' dir='ltr'><strong>ut</strong></span> 
     </span>
     <span class='ocr_line' id='line_1_35' title="bbox 205 3383 1325 3464; baseline -0.002 -18"><span class='ocrx_word' id='word_1_269' title='bbox 205 3383 427 3464; x_wconf 88' lang='lat' dir='ltr'><strong>cuiuscunque</strong></span> <span class='ocrx_word' id='word_1_270' title='bbox 444 3402 511 3442; x_wconf 88' lang='lat' dir='ltr'><strong>rem</strong></span> <span class='ocrx_word' id='word_1_271' title='bbox 530 3393 685 3461; x_wconf 86' lang='lat' dir='ltr'><strong>evertant,</strong></span> <span class='ocrx_word' id='word_1_272' title='bbox 707 3393 762 3443; x_wconf 87' lang='lat' dir='ltr'><strong>ant</strong></span> <span class='ocrx_word' id='word_1_273' title='bbox 781 3403 897 3464; x_wconf 90' lang='lat' dir='ltr'><strong>pecora</strong></span> <span class='ocrx_word' id='word_1_274' title='bbox 917 3383 969 3445; x_wconf 81' lang='lat' dir='ltr'><strong>vel</strong></span> <span class='ocrx_word' id='word_1_275' title='bbox 990 3383 1138 3444; x_wconf 86' lang='lat' dir='ltr'><strong>animalia</strong></span> <span class='ocrx_word' id='word_1_276' title='bbox 1165 3405 1325 3464; x_wconf 79' lang='lat' dir='ltr'><strong>quaecun-</strong></span> 
     </span>
     <span class='ocr_line' id='line_1_36' title="bbox 205 3465 1320 3549; baseline 0.003 -23"><span class='ocrx_word' id='word_1_277' title='bbox 205 3488 268 3549; x_wconf 88' lang='lat' dir='ltr'><strong>que</strong></span> <span class='ocrx_word' id='word_1_278' title='bbox 292 3465 463 3546; x_wconf 86' lang='lat' dir='ltr'><strong>diripiant,</strong></span> <span class='ocrx_word' id='word_1_279' title='bbox 486 3465 534 3524; x_wconf 90' lang='lat' dir='ltr'><strong>illi</strong></span> <span class='ocrx_word' id='word_1_280' title='bbox 557 3465 648 3526; x_wconf 87' lang='lat' dir='ltr'><strong>cuius</strong></span> <span class='ocrx_word' id='word_1_281' title='bbox 670 3487 721 3526; x_wconf 84' lang='lat' dir='ltr'><strong>res</strong></span> <span class='ocrx_word' id='word_1_282' title='bbox 740 3465 864 3547; x_wconf 87' lang='lat' dir='ltr'><strong>direpta</strong></span> <span class='ocrx_word' id='word_1_283' title='bbox 892 3474 940 3525; x_wconf 85' lang='lat' dir='ltr'><strong>ost</strong></span> <span class='ocrx_word' id='word_1_284' title='bbox 965 3465 998 3525; x_wconf 90' lang='lat' dir='ltr'><strong>iu</strong></span> <span class='ocrx_word' id='word_1_285' title='bbox 1029 3465 1213 3548; x_wconf 88' lang='lat' dir='ltr'><strong>septuplum</strong></span> <span class='ocrx_word' id='word_1_286' title='bbox 1241 3489 1320 3548; x_wconf 88' lang='lat' dir='ltr'><strong>quae</strong></span> 
     </span>
     <span class='ocr_line' id='line_1_37' title="bbox 204 3544 1322 3630; baseline 0 -20"><span class='ocrx_word' id='word_1_287' title='bbox 204 3549 327 3610; x_wconf 86' lang='lat' dir='ltr'><strong>sublata</strong></span> <span class='ocrx_word' id='word_1_288' title='bbox 344 3557 431 3622; x_wconf 86' lang='lat' dir='ltr'><strong>sunt,</strong></span> <span class='ocrx_word' id='word_1_289' title='bbox 451 3544 606 3608; x_wconf 88' lang='lat' dir='ltr'><strong>restituat.</strong></span> <span class='ocrx_word' id='word_1_290' title='bbox 647 3548 687 3606; x_wconf 90' lang='lat' dir='ltr'><strong>Hi</strong></span> <span class='ocrx_word' id='word_1_291' title='bbox 707 3567 784 3610; x_wconf 80' lang='lat' dir='ltr'><strong>vero</strong></span> <span class='ocrx_word' id='word_1_292' title='bbox 804 3548 861 3629; x_wconf 89' lang='lat' dir='ltr'><strong>qni</strong></span> <span class='ocrx_word' id='word_1_293' title='bbox 885 3569 957 3608; x_wconf 89' lang='lat' dir='ltr'><strong>curn</strong></span> <span class='ocrx_word' id='word_1_294' title='bbox 983 3546 1050 3630; x_wconf 88' lang='lat' dir='ltr'><strong>ipso</strong></span> <span class='ocrx_word' id='word_1_295' title='bbox 1069 3548 1201 3624; x_wconf 84' lang='lat' dir='ltr'><strong>fuerint,</strong></span> <span class='ocrx_word' id='word_1_296' title='bbox 1224 3549 1251 3610; x_wconf 87' lang='lat' dir='ltr'><strong>si</strong></span> <span class='ocrx_word' id='word_1_297' title='bbox 1272 3549 1322 3610; x_wconf 86' lang='lat' dir='ltr'><strong>io-</strong></span> 
     </span>
     <span class='ocr_line' id='line_1_38' title="bbox 204 3628 1321 3713; baseline 0.002 -23"><span class='ocrx_word' id='word_1_298' title='bbox 204 3629 303 3713; x_wconf 77' lang='lat' dir='ltr'><strong>gcnui</strong></span> <span class='ocrx_word' id='word_1_299' title='bbox 333 3630 413 3705; x_wconf 88' lang='lat' dir='ltr'><strong>sint,</strong></span> <span class='ocrx_word' id='word_1_300' title='bbox 443 3629 559 3708; x_wconf 87' lang='lat' dir='ltr'><strong>quinos</strong></span> <span class='ocrx_word' id='word_1_301' title='bbox 584 3628 701 3690; x_wconf 89' lang='lat' dir='ltr'><strong>solidos</strong></span> <span class='ocrx_word' id='word_1_302' title='bbox 727 3650 918 3711; x_wconf 84' lang='lat' dir='ltr'><strong>componere</strong></span> <span class='ocrx_word' id='word_1_303' title='bbox 949 3631 1201 3706; x_wconf 83' lang='lat' dir='ltr'><strong>compellantur;</strong></span> <span class='ocrx_word' id='word_1_304' title='bbox 1224 3641 1277 3691; x_wconf 90' lang='lat' dir='ltr'><strong>aut</strong></span> <span class='ocrx_word' id='word_1_305' title='bbox 1296 3631 1321 3694; x_wconf 90' lang='lat' dir='ltr'><strong>si</strong></span> 
     </span>
     <span class='ocr_line' id='line_1_39' title="bbox 202 3710 1322 3794; baseline 0.002 -22"><span class='ocrx_word' id='word_1_306' title='bbox 202 3734 269 3772; x_wconf 89' lang='lat' dir='ltr'><strong>non</strong></span> <span class='ocrx_word' id='word_1_307' title='bbox 290 3710 462 3771; x_wconf 81' lang='lat' dir='ltr'><strong>habuerint</strong></span> <span class='ocrx_word' id='word_1_308' title='bbox 483 3713 568 3771; x_wconf 88' lang='lat' dir='ltr'><strong>unde</strong></span> <span class='ocrx_word' id='word_1_309' title='bbox 584 3720 787 3792; x_wconf 85' lang='lat' dir='ltr'><strong>componant,</strong></span> <span class='ocrx_word' id='word_1_310' title='bbox 810 3721 940 3772; x_wconf 90' lang='lat' dir='ltr'><strong>centum</strong></span> <span class='ocrx_word' id='word_1_311' title='bbox 960 3712 1192 3794; x_wconf 85' lang='lat' dir='ltr'><strong>quinquaginta</strong></span> <span class='ocrx_word' id='word_1_312' title='bbox 1212 3713 1322 3794; x_wconf 82' lang='lat' dir='ltr'><strong>flagel-</strong></span> 
     </span>
     <span class='ocr_line' id='line_1_40' title="bbox 202 3793 1321 3876; baseline -0.003 -19"><span class='ocrx_word' id='word_1_313' title='bbox 202 3795 233 3857; x_wconf 84' lang='lat' dir='ltr'><strong>la</strong></span> <span class='ocrx_word' id='word_1_314' title='bbox 254 3793 437 3876; x_wconf 86' lang='lat' dir='ltr'><strong>suscipiant.</strong></span> <span class='ocrx_word' id='word_1_315' title='bbox 467 3793 501 3854; x_wconf 89' lang='lat' dir='ltr'><strong>Si</strong></span> <span class='ocrx_word' id='word_1_316' title='bbox 519 3815 596 3855; x_wconf 77' lang='lat' dir='ltr'><strong>vero</strong></span> <span class='ocrx_word' id='word_1_317' title='bbox 613 3793 778 3857; x_wconf 77' lang='lat' dir='ltr'><strong>servi&#39;lroo</strong></span> <span class='ocrx_word' id='word_1_318' title='bbox 807 3794 875 3856; x_wconf 92' lang='lat' dir='ltr'><strong>sine</strong></span> <span class='ocrx_word' id='word_1_319' title='bbox 902 3793 1022 3854; x_wconf 89' lang='lat' dir='ltr'><strong>domini</strong></span> <span class='ocrx_word' id='word_1_320' title='bbox 1046 3796 1211 3856; x_wconf 86' lang='lat' dir='ltr'><strong>voluntate</strong></span> <span class='ocrx_word' id='word_1_321' title='bbox 1235 3817 1321 3858; x_wconf 89' lang='lat' dir='ltr'><strong>com-</strong></span> 
     </span>
     <span class='ocr_line' id='line_1_41' title="bbox 202 3875 1321 3958; baseline -0.001 -19"><span class='ocrx_word' id='word_1_322' title='bbox 202 3877 367 3952; x_wconf 87' lang='lat' dir='ltr'><strong>miserint,</strong></span> <span class='ocrx_word' id='word_1_323' title='bbox 398 3877 542 3936; x_wconf 88' lang='lat' dir='ltr'><strong>centenis</strong></span> <span class='ocrx_word' id='word_1_324' title='bbox 567 3875 802 3958; x_wconf 82' lang='lat' dir='ltr'><strong>quinquagenis</strong></span> <span class='ocrx_word' id='word_1_325' title='bbox 824 3876 959 3957; x_wconf 85' lang='lat' dir='ltr'><strong>flagellis</strong></span> <span class='ocrx_word' id='word_1_326' title='bbox 979 3877 1211 3955; x_wconf 74' lang='lat' dir='ltr'><strong>verberentur,</strong></span> <span class='ocrx_word' id='word_1_327' title='bbox 1233 3887 1265 3940; x_wconf 89' lang='lat' dir='ltr'><strong>et</strong></span> <span class='ocrx_word' id='word_1_328' title='bbox 1283 3877 1321 3938; x_wconf 76' lang='lat' dir='ltr'><strong>at</strong></span> 
     </span>
     <span class='ocr_line' id='line_1_42' title="bbox 202 3958 1210 4040; baseline -0.003 -20"><span class='ocrx_word' id='word_1_329' title='bbox 202 3961 248 4020; x_wconf 85' lang='lat' dir='ltr'><strong>cis</strong></span> <span class='ocrx_word' id='word_1_330' title='bbox 269 3982 319 4022; x_wconf 90' lang='lat' dir='ltr'><strong>res</strong></span> <span class='ocrx_word' id='word_1_331' title='bbox 340 3980 450 4020; x_wconf 87' lang='lat' dir='ltr'><strong>omnes</strong></span> <span class='ocrx_word' id='word_1_332' title='bbox 469 3958 594 4040; x_wconf 84' lang='lat' dir='ltr'><strong>integro</strong></span> <span class='ocrx_word' id='word_1_333' title='bbox 616 3958 651 4018; x_wconf 90' lang='lat' dir='ltr'><strong>in</strong></span> <span class='ocrx_word' id='word_1_334' title='bbox 673 3968 756 4020; x_wconf 87' lang='lat' dir='ltr'><strong>stutu</strong></span> <span class='ocrx_word' id='word_1_335' title='bbox 772 3958 961 4020; x_wconf 82' lang='lat' dir='ltr'><strong>redduntur.</strong></span> <span class='ocrx_word' id='word_1_336' title='bbox 1207 3967 1210 3972; x_wconf 87' lang='lat'>&#39;</span> 
     </span>
    </p>
   </div>
   <div class='ocr_carea' id='block_1_9' title="bbox 205 4061 1318 4152">
    <p class='ocr_par' dir='ltr' id='par_1_10' title="bbox 205 4061 1318 4152">
     <span class='ocr_line' id='line_1_43' title="bbox 205 4061 1318 4152; baseline -0.001 -25"><span class='ocrx_word' id='word_1_337' title='bbox 205 4065 247 4127; x_wconf 85' lang='lat' dir='ltr'><strong>Ue</strong></span> <span class='ocrx_word' id='word_1_338' title='bbox 266 4067 366 4125; x_wconf 85' lang='lat' dir='ltr'><strong>socios</strong></span> <span class='ocrx_word' id='word_1_339' title='bbox 385 4085 457 4124; x_wconf 79' lang='lat' dir='ltr'><strong>suos</strong></span> <span class='ocrx_word' id='word_1_340' title='bbox 471 4065 609 4124; x_wconf 84' lang='lat' dir='ltr'><strong>nominet</strong></span> <span class='ocrx_word' id='word_1_341' title='bbox 629 4062 717 4149; x_wconf 81' lang='lat' dir='ltr'><strong>oprtd</strong></span> <span class='ocrx_word' id='word_1_342' title='bbox 730 4085 820 4146; x_wconf 68' lang='lat' dir='ltr'><strong>(poem</strong></span> <span class='ocrx_word' id='word_1_343' title='bbox 835 4085 911 4152; x_wconf 81' lang='lat' dir='ltr'><strong>pars</strong></span> <span class='ocrx_word' id='word_1_344' title='bbox 930 4066 1059 4150; x_wconf 78' lang='lat' dir='ltr'><strong>rapinae</strong></span> <span class='ocrx_word' id='word_1_345' title='bbox 1071 4061 1176 4146; x_wconf 85' lang='lat' dir='ltr'><strong>suerit</strong></span> <span class='ocrx_word' id='word_1_346' title='bbox 1189 4064 1318 4133; x_wconf 80' lang='lat' dir='ltr'><strong>invento.</strong></span> 
     </span>
    </p>
   </div>
   <div class='ocr_carea' id='block_1_10' title="bbox 199 4168 1368 4338">
    <p class='ocr_par' dir='ltr' id='par_1_11' title="bbox 199 4168 1368 4338">
     <span class='ocr_line' id='line_1_44' title="bbox 283 4168 1320 4255; baseline 0 -23"><span class='ocrx_word' id='word_1_347' title='bbox 283 4168 435 4232; x_wconf 85' lang='lat' dir='ltr'><strong>CCCLV.</strong></span> <span class='ocrx_word' id='word_1_348' title='bbox 477 4169 572 4255; x_wconf 80' lang='lat' dir='ltr'><strong>Apud</strong></span> <span class='ocrx_word' id='word_1_349' title='bbox 601 4190 697 4254; x_wconf 90' lang='lat' dir='ltr'><strong>quem</strong></span> <span class='ocrx_word' id='word_1_350' title='bbox 716 4169 820 4231; x_wconf 84' lang='lat' dir='ltr'><strong>scelus</strong></span> <span class='ocrx_word' id='word_1_351' title='bbox 843 4171 1025 4252; x_wconf 79' lang='lat' dir='ltr'><strong>agnoscitur</strong></span> <span class='ocrx_word' id='word_1_352' title='bbox 1039 4178 1167 4251; x_wconf 79' lang='lat' dir='ltr'><strong>etpars</strong></span> <span class='ocrx_word' id='word_1_353' title='bbox 1191 4169 1320 4253; x_wconf 85' lang='lat' dir='ltr'><strong>rapinae</strong></span> 
     </span>
     <span class='ocr_line' id='line_1_45' title="bbox 199 4250 1368 4338; baseline 0 -22"><span class='ocrx_word' id='word_1_354' title='bbox 199 4251 298 4316; x_wconf 80' lang='lat' dir='ltr'><strong>iuc&#39;rlt</strong></span> <span class='ocrx_word' id='word_1_355' title='bbox 318 4253 466 4331; x_wconf 84' lang='lat' dir='ltr'><strong>inventa,</strong></span> <span class='ocrx_word' id='word_1_356' title='bbox 497 4250 601 4314; x_wconf 83' lang='lat' dir='ltr'><strong>statim</strong></span> <span class='ocrx_word' id='word_1_357' title='bbox 623 4252 727 4316; x_wconf 87' lang='lat' dir='ltr'><strong>socios</strong></span> <span class='ocrx_word' id='word_1_358' title='bbox 752 4273 825 4318; x_wconf 83' lang='lat' dir='ltr'><strong>suos</strong></span> <span class='ocrx_word' id='word_1_359' title='bbox 849 4252 1015 4316; x_wconf 78' lang='lat' dir='ltr'><strong>nominare</strong></span> <span class='ocrx_word' id='word_1_360' title='bbox 1039 4261 1185 4336; x_wconf 80' lang='lat' dir='ltr'><strong>cogatur.</strong></span> <span class='ocrx_word' id='word_1_361' title='bbox 1226 4252 1319 4334; x_wconf 79' lang='lat' dir='ltr'><strong>Quod</strong></span> <span class='ocrx_word' id='word_1_362' title='bbox 1362 4329 1368 4338; x_wconf 26' lang='grc' dir='ltr'>ἱ</span> 
     </span>
    </p>
   </div>
   <div class='ocr_carea' id='block_1_11' title="bbox 0 0 1478 4986">
    <p class='ocr_par' dir='ltr' id='par_1_12' title="bbox 0 0 1478 4986">
     <span class='ocr_line' id='line_1_46' title="bbox 0 0 1478 4986; baseline 0 0"><span class='ocrx_word' id='word_1_363' title='bbox 0 0 1478 4986; x_wconf 95' lang='lat' dir='ltr'><strong> </strong></span> 
     </span>
    </p>
   </div>
  </div>
 </body>
</html>
