2926 4984
503 339 618 400 arsen
651 341 827 406 omarus.
1150 325 1222 402 513

123 505 238 570 copam,
260 486 313 548 vel
327 508 402 550 eum
416 485 473 570 qni
490 483 682 547 constitutus
709 491 757 545 est
785 483 825 546 als
846 504 885 549 eo
917 483 956 548 ad
983 483 1226 566 dispensandam

122 568 355 663 misericordiam
371 568 587 653 pauperibus,
610 565 713 650 etqui
733 566 787 630 dat
812 566 912 650 etqui
937 567 1070 652 accipit,
1091 569 1225 634 anathe-

119 673 163 712 ma
175 660 221 716 s1t.

251 755 326 817 Cum
350 758 624 818 ercammanicaus
644 775 707 818 non
727 756 822 816 licere
846 759 1082 818 communicare.

150 869 154 875 '
188 859 294 924 XXV.
337 863 418 922 Cum
456 860 737 924 excommunicatis
765 881 829 920 non
858 859 957 923 IIcere
981 861 1227 926 communicare.

114 947 174 1007 Nec
193 967 264 1004 cum
283 943 333 1004 his
353 945 409 1024 qui
424 967 483 1026 per
496 945 604 1005 domos
627 943 851 1021 conveniunt,
873 943 1049 1006 devitantes
1068 943 1228 1007 orationes

116 1025 292 1101 Ecclesiae,
314 1026 407 1086 simul
432 1028 588 1087 orandum
614 1035 671 1086 est.
713 1027 761 1086 Ab
783 1025 844 1085 alia
868 1025 1012 1086 Ecclesia
1036 1047 1101 1086 non
1126 1026 1229 1090 susei-

115 1109 243 1192 piendus
260 1117 308 1168 est
329 1110 385 1189 qui
408 1108 440 1168 in
468 1108 529 1168 salia
550 1109 681 1168 minime
699 1116 920 1190 congregatur.

342 1217 390 1276 De
412 1237 447 1275 eo
469 1216 524 1296 qui
545 1214 718 1274 Ecclesiam
741 1214 804 1273 Dei
823 1214 995 1275 conturbat.

189 1319 314 1383 XXVI.
358 1320 480 1402 Siquis
498 1319 674 1380 Ecclesiam
695 1319 756 1379 Dei
776 1320 966 1381 conturbare
996 1331 1029 1381 et
1055 1321 1229 1383 solllcitare

115 1403 262 1486 persistit,
293 1413 444 1485 tanquam
471 1401 640 1464 seditiosus
668 1423 727 1486 per
756 1411 925 1484 potestates
961 1412 1084 1466 exteras
1118 1403 1229 1488 oppri-

115 1495 220 1550 matur.
626 1508 629 1514 ¹

116 1585 160 1649 De
175 1591 353 1661 Monaclu's,
376 1601 409 1649 ut
431 1590 464 1649 in
485 1591 613 1731 civitctp)
622 1588 690 1685 'uel'
700 1588 824 1684 regione
841 1590 978 1670 qualibet
998 1589 1154 1675 Episcopo
1172 1609 1228 1654 suo

559 1691 593 1728 su
616 1683 688 1729 recta
709 1683 780 1735 srnt.

191 1776 337 1842 XXVII.
379 1775 552 1838 Monachus
573 1797 631 1856 per
653 1798 910 1859 unamquamque
933 1777 1092 1842 civitatem
1107 1789 1162 1842 aut
1177 1801 1232 1842 re-

121 1859 237 1940 gionem
261 1859 422 1920 subiectos
448 1880 514 1919 esse
532 1858 690 1938 Episcopo
710 1880 787 1936 suo,
810 1869 842 1920 et
859 1859 1000 1941 quietem
1026 1862 1177 1945 diligere,
1200 1871 1233 1924 et

121 1942 253 2002 intentos
279 1964 346 2003 esse
371 1941 590 2001 tantummodo
614 1939 735 2000 ieiunio
759 1950 791 2001 et
821 1941 973 2018 orationi,
996 1943 1029 2002 in
1052 1945 1131 2006 locis
1157 1943 1234 2026 qui-

118 2021 173 2084 bus
186 2025 455 2084 renuntiaverunt
467 2023 575 2083 seculo
596 2031 827 2104 permanentes.
856 2024 922 2084 Nec
938 2025 1159 2088 ecclesiasticis
1175 2048 1234 2087 ve·

119 2127 152 2164 ro
172 2127 230 2166 nec
248 2106 448 2166 secularibus
471 2103 605 2186 negotiis
629 2104 882 2181 communicent,
905 2107 954 2167 vel
980 2107 1012 2167 in
1036 2109 1145 2191 aliquo
1169 2108 1234 2170 sint

121 2187 256 2265 molesti,
280 2188 409 2269 propria
426 2185 614 2247 monasteria
633 2187 833 2262 deserentes;
860 2187 921 2248 nisi
942 2189 1024 2249 forte
1043 2191 1088 2252 eis
1109 2190 1234 2273 praeci·

120 2267 229 2350 piatur,
252 2279 386 2352 propter
400 2267 729 2352 opusnecessarium,
751 2267 790 2326 ab
806 2268 966 2352 Episcopo
987 2271 1133 2333 civitatis.

98 2377 101 2385 '
142 2373 180 2435 Ut
199 2374 338 2434 Clericus
359 2375 392 2434 in
412 2374 555 2436 Ecclesia
575 2374 687 2456 inqua
704 2371 923 2456 praetitulatus
941 2388 999 2446 est,
1020 2383 1213 2458 permaneat.

195 2479 361 2543 XXVIII.
404 2479 566 2540 Clericum
584 2498 770 2559 permanere
796 2487 921 2560 oportet
952 2479 984 2538 in
1015 2481 1160 2542 Ecclesia
1181 2483 1235 2543 cui

122 2561 151 2620 in
169 2561 261 2623 initio
276 2564 315 2623 ab
330 2561 489 2643 Episcopo
506 2560 725 2643 praetitulatus
750 2568 797 2619 est
817 2582 853 2620 ac
878 2561 1007 2623 sortitus
1033 2573 1096 2638 est,
1128 2573 1161 2623 et
1196 2564 1237 2624 ad

122 2665 211 2724 quam
239 2646 386 2725 confugit
403 2643 494 2726 quasi
520 2643 558 2702 ad
593 2642 759 2724 potiorem.
810 2643 878 2702 Hoc
905 2658 1009 2704 autem
1039 2647 1238 2722 refutantes,

121 2727 283 2787 statuimus
300 2725 443 2787 revocari
460 2725 576 2785 debere
588 2723 631 2799 ,ad
653 2744 742 2784 snam
765 2722 992 2784 Ecclesiamin
1012 2747 1074 2806 qua
1090 2727 1238 2808 primitus

123 2807 285 2869 ordinatus
310 2816 372 2884 est,
396 2817 428 2868 et
455 2806 500 2866 ibi
519 2805 738 2867 tantummodo
760 2801 951 2867 ministrare.
999 2807 1032 2866 Si
1061 2808 1132 2888 quis
1153 2809 1237 2870 hano

122 2889 343 2951 diffinitionem
368 2900 578 2970 transgressus
606 2887 721 2964 fucrit,
744 2886 887 2948 decrevit
915 2897 1023 2949 saneta
1049 2889 1195 2974 Synodus
1220 2891 1240 2952 d
1333 2963 1336 2970 γ

121 2971 247 3054 proprio
266 2973 367 3054 gradu
383 2973 545 3035 recedere.
956 2981 957 2986 ’

294 3077 335 3138 Ut
359 3077 534 3162 Episcopus
557 3097 662 3137 curam
686 3074 950 3137 Monasteriorum
965 3089 1063 3155 gerat.

198 3182 328 3246 XXIX.
368 3183 563 3266 Episcopum
584 3176 738 3242 conienit
754 3178 890 3241 civitatis
910 3190 1143 3265 competentem
1170 3207 1241 3246 mo·

121 3268 328 3342 austeriorum
347 3264 580 3348 providentiam
602 3275 722 3346 gerere.

190 3375 239 3432 De
268 3393 304 3432 eo
332 3371 387 3455 qui
413 3369 696 3430 excommunicatus
722 3387 783 3451 pro
817 3387 872 3428 suo
901 3369 1045 3456 neglecto
1053 3368 1168 3452 fuerit.

199 3475 311 3539 XXX.
353 3477 386 3536 Si
409 3475 482 3557 quis
502 3471 793 3534 excommunicatus
812 3473 910 3533 fuerit
926 3495 985 3554 pro
1002 3499 1059 3537 suo
1078 3479 1242 3558 neglecto,

123 3568 154 3619 et
172 3568 315 3642 tempore
335 3555 672 3619 excommunicationis
695 3575 769 3614 suae
789 3564 862 3614 ante
884 3557 1079 3618 audientiam
1100 3581 1244 3621 commu-

126 3641 230 3782 'ficare
243 3639 501 3736 praesumpserit,
523 3637 590 3720 ipse
610 3636 644 3695 in
662 3636 920 3699 sedamnationis
943 3638 1106 3716 iudicetur
1131 3652 1246 3725 protu-

142 3745 199 3784 rsse
213 3732 414 3784 sententiam.

300 3828 343 3890 Ut
367 3827 550 3903 Presbyteri
570 3845 636 3886 rem
657 3823 814 3884 Ecclesiae
834 3845 898 3885 non
915 3824 1064 3892 vendant.

203 3931 330 3996 XXXI.
371 3931 497 3994 Placuit
519 3939 556 3991 ut
575 3928 758 4012 Presbyteri
776 3950 841 3988 non
866 3930 1009 3990 vendant
1040 3953 1109 3996 rem
1135 3933 1248 4001 Eccle·
1297 3963 1298 3968 ¹

126 4012 189 4079 siae
205 4017 260 4076 ubi
279 4025 353 4079 sunt
370 4013 554 4090 constituti,
577 4011 795 4073 nescientibus
814 4011 981 4110 Episcopis
1001 4014 1076 4074 suis.

202 4155 204 4162 “
278 4129 353 4206 ¹Ut
370 4141 624 4204 assaumissiones
644 4139 678 4197 in
700 4137 842 4198 Ecclesia
861 4132 1067 4202 celebrentur.
1150 4137 1153 4146 ’

207 4247 347 4312 XXXII.
390 4242 654 4311 Manumissiones
668 4241 702 4303 in
724 4241 870 4304 Ecclesia
884 4255 960 4306 sunt
978 4246 1197 4316 celebrandae.
1227 4249 1230 4252 ’

869 4358 1027 4429 ³3·
