2948 4990
546 255 664 316 amm
708 257 862 319 sexsus.
1217 249 1289 326 655

154 403 361 474 sciscitetur,
380 401 437 464 acl
455 400 578 462 somnia
593 399 760 475 observet,
790 401 846 464 vei
865 403 997 482 auguria
1014 403 1166 468 intendat.
1188 407 1286 470 Item:

154 488 258 549 Nemo
275 486 317 546 sit
337 481 519 568 maleficas,
550 502 607 543 nee
637 483 831 556 incantator,
864 505 919 548 nee
950 487 1096 548 Pbitonis
1120 493 1289 555 consultor.

118 618 122 624 ,
154 569 235 631 Ideo
251 566 467 650 praecipimus
489 569 525 626 ut'
538 564 759 628 cauculatores
779 566 1058 647 et'incantatores,
1081 571 1133 632 vel
1151 581 1289 657 tempes-

153 651 230 714 tarii
257 648 310 711 vel
341 649 555 732 obligatores,
577 669 643 708 non
675 647 769 728 fiant,
793 659 827 711 et
850 651 1036 734 ubieunque
1057 664 1153 725 sunt,
1177 678 1289 718 emen·

152 735 276 796 dentur
292 733 346 796 vel
364 732 567 794 damnentur.
601 731 682 792 Item
702 732 741 794 de
755 731 920 796 arboribus
939 735 991 795 vel
1009 736 1124 816 petris,
1146 739 1198 800 vel
1213 741 1289 799 fon·

150 817 260 895 tibus,
281 815 336 876 uhi
359 814 460 896 aliqui
480 812 571 877 stulti
586 813 757 876 luminaria
780 815 833 878 vel
852 815 930 878 alias
951 817 1186 882 observationes
1210 822 1287 884 faci·

152 910 234 977 unt,
257 897 391 961 omuino
408 897 596 958 mandamus
611 905 649 958 at
668 897 728 960 iste
740 897 894 980 pessimus
911 922 1003 977 usus,
1022 909 1054 961 et
1068 904 1138 964 Deo
1161 926 1289 969 execra-

150 981 251 1062 bilis,
274 981 461 1064 ubicunque
482 979 673 1060 invenitur,
695 981 829 1042 tollatur
845 992 878 1048 et
898 982 1088 1046 destruatur.
1110 987 1157 1053 lt.
1171 1009 1197 1053 c.
1216 989 1266 1055 63.

569 1097 626 1161 Ex
645 1097 756 1180 quibas
776 1116 882 1182 snpra.

402 1201 755 1268 Genauamrea
799 1221 1042 1269 oramus.

237 1307 462 1378 CCCLXXV.
505 1312 587 1374 Item
608 1318 647 1371 ut
662 1307 835 1374 homicidia
851 1308 935 1370 infra
947 1309 1081 1394 patriam
1090 1357 1100 1392 ,
1122 1311 1207 1376 sicut
1222 1316 1285 1378 Le·

148 1413 190 1475 ge
209 1392 343 1455 Domini
360 1393 569 1456 interdictam
586 1403 656 1472 est,
679 1413 740 1454 aee
760 1415 852 1456 caasa
869 1392 1001 1456 ultiouis
1022 1416 1083 1458 nee
1109 1397 1283 1478 auaritiae,

148 1495 214 1536 nee
237 1475 461 1538 latrocinando
482 1475 569 1544 fiant.
611 1477 654 1538 Et
671 1477 857 1558 ubicunque
875 1476 1009 1538 inventa
1040 1479 1180 1556 fuerint,
1203 1481 1285 1543 llu-

149 1556 278 1620 dinibus
294 1559 411 1622 nostris
435 1561 613 1622 secundum
644 1561 762 1642 Legem
795 1579 835 1619 ex
858 1568 967 1620 nostro
1002 1561 1151 1624 mandato
1175 1562 1283 1626 vindi-

148 1650 277 1704 centur.
319 1643 361 1704 Et
376 1663 441 1704 non
462 1643 630 1705 occidatur
645 1641 760 1719 bomo,
782 1639 844 1702 nisi
861 1641 946 1724 Lege
965 1641 1110 1706 iubente.
1130 1643 1179 1712 Iit.
1192 1667 1218 1710 c.
1231 1648 1282 1714 65.

578 1759 634 1824 Ex
646 1759 756 1841 quibas
776 1776 881 1843 snpra.

399 1863 768 1928 SACERDO'MBUS
801 1879 1033 1930 onicinus.

232 1969 470 2034 CCCLXXVI.
513 1975 557 2034 Ut
570 1969 722 2054 Episcopi
744 1967 918 2050 diligenter
941 1969 1115 2034 discutiant
1132 1995 1192 2058 per
1209 1997 1280 2041 suas

145 2053 317 2136 parochias
337 2055 564 2138 Presbyteros,
587 2063 746 2116 uteorum
763 2051 874 2130 fidem,
895 2052 1069 2136 baptisma,
1104 2067 1137 2119 et
1167 2059 1279 2122 Missa-

144 2159 221 2197 rum
234 2137 468 2200 celebrationes
480 2138 564 2198 bene
587 2137 710 2214 sciant,
733 2144 765 2197 et
778 2143 813 2194 ut
836 2133 932 2196 fidem
951 2147 1071 2198 rectam
1089 2149 1229 2220 teneant,
1248 2153 1280 2205 et

141 2219 301 2301 baptisma
315 2220 508 2282 catholicum
528 2221 707 2294 observent,
724 2228 756 2280 et
775 2216 944 2278 Missarum
962 2242 1073 2302 preces
1086 2221 1169 2284 bene
1185 2225 1280 2288 intel-

144 2303 268 2384 ligant,
299 2313 332 2363 et
350 2313 385 2363 ut
399 2303 511 2384 psalmi
529 2303 624 2385 digne
645 2301 823 2364 secundum
843 2301 1018 2364 division-es
1041 2325 1193 2366 versuum
1213 2331 1280 2369 mo·

146 2385 324 2460 duleutur,
349 2396 383 2447 et
406 2385 606 2447 Dominicam
630 2384 817 2446 Orationem
834 2384 894 2464 ipsi
916 2384 1101 2468 intelligant
1125 2397 1158 2447 et
1172 2391 1278 2450 omni-

144 2469 207 2529 bus
228 2467 416 2550 praedicent
444 2466 703 2550 intelligendam,
725 2476 761 2524 ut
783 2465 920 2546 quisque
944 2466 1022 2527 sciat
1051 2469 1130 2549 quid
1156 2471 1278 2552 petitia

144 2553 226 2612 Deo.
269 2552 312 2611 Et
328 2559 363 2610 ut
380 2551 491 2611 Gloria
511 2553 625 2620 Patri,
656 2552 779 2630 citaeque
813 2547 898 2610 Filio
929 2560 959 2607 et
984 2548 1130 2634 Spiritui
1148 2566 1275 2628 sancto,

144 2653 221 2695 cum
239 2633 326 2693 omni
345 2634 468 2694 honore
487 2633 572 2714 apud
588 2655 699 2693 omnes
717 2640 866 2708 canatur,
889 2639 920 2690 et
942 2629 1008 2712 ipse
1029 2633 1184 2695 Sacerdos
1204 2657 1275 2696 cum

146 2715 272 2777 cunctis
289 2715 421 2800 Angelis
443 2725 476 2776 et
496 2716 624 2796 populis
643 2714 704 2776 Dei
727 2735 799 2795 cnm
821 2734 884 2772 uua
900 2733 989 2788 voce,
1010 2714 1156 2790 Sanctae,
1178 2717 1276 2780 Sanc·

145 2811 195 2858 tns
212 2806 329 2859 cantet.
371 2800 414 2858 Et
428 2799 620 2859 omnimodis
641 2796 813 2859 dicendum
831 2805 879 2856 est
890 2795 1088 2878 Presbyteris
1107 2808 1140 2858 et
1156 2799 1275 2862 Diaco-

148 2880 242 2941 nibus
260 2888 296 2939 ut
317 2901 483 2940 armenon
506 2889 654 2963 portent,
676 2879 733 2941 sed
756 2876 855 2960 magis
878 2877 1041 2942 confidant
1065 2879 1099 2944 in
1129 2881 1274 2950 oratioue

145 2961 207 3024 oei
224 2985 320 3045 quam
336 2961 370 3022 in
390 2961 495 3024 armis.
539 2962 621 3029 loia.
638 2985 664 3028 c.
683 2961 733 3024 68.

498 3069 501 3076 ’
554 3068 610 3130 Eae
629 3069 740 3152 qztibns
760 3088 864 3152 snpra,
898 3141 901 3148 ,

258 3175 420 3249 suumn
454 3173 768 3247 SaceanormuS,
800 3175 964 3250 Aesonio
1003 3175 1160 3242 Partito.

222 3279 488 3343 -CCCLXXVH,
531 3283 611 3354 Item
628 3279 751 3364 placuit
765 3279 856 3341 nobis
867 3281 1040 3342 admonere
1059 3288 1274 3348 reverentiam
1355 3325 1358 3332 ·

144 3375 282 3426 vestram
297 3375 332 3424 nt
347 3366 718 3448 uuusquisquevestrum
732 3362 1076 3446 praevideatpersuam
1089 3371 1274 3449 parochiam

145 3456 181 3508 ut
198 3447 343 3509 Ecclesia
366 3449 427 3508 Dei
446 3471 538 3509 suum
555 3447 670 3508 habeat
684 3447 852 3524 honorem,
871 3445 965 3506 simul
984 3457 1015 3508 et
1029 3447 1141 3511 altaria
1162 3477 1275 3514 secun-

122 3555 123 3560 *
145 3531 222 3590 dum
238 3553 326 3590 suzim
344 3532 600 3612 magnitudinem
618 3537 837 3605 venerentur,
860 3539 893 3589 et
915 3551 984 3590 non
1009 3532 1051 3590 sit
1073 3532 1186 3597 domus
1211 3536 1272 3598 Dei

146 3621 177 3674 et
198 3612 309 3672 altaria
329 3623 447 3673 saerata
465 3615 576 3696 pervia
599 3611 747 3687 canibus,
771 3621 802 3672 et
818 3621 853 3671 ut
872 3633 943 3671 vasa
968 3624 1086 3674 saerata
1102 3618 1172 3678 Deo
1199 3643 1273 3684 cum
1352 3681 1354 3692 ,
1398 3599 1409 3622 ⁰

145 3717 258 3777 magna
277 3695 484 3757 veneratione
500 3697 697 3772 habeantur,
720 3704 752 3755 et
768 3703 804 3753 ut
817 3694 972 3754 sacrificia
990 3698 1184 3761 sanctificata
1198 3725 1273 3766 oum

143 3799 259 3858 magna
281 3777 449 3858 diligentia
465 3779 503 3838 ab
527 3779 571 3839 eis
590 3776 854 3858 colliganturqui
877 3776 965 3859 digni
991 3789 1082 3855 sune,
1113 3785 1166 3842 vel
1198 3809 1271 3847 cum

143 3859 268 3921 honore
288 3870 477 3939 serventur,
500 3870 532 3921 et
547 3870 583 3921 ut
603 3859 760 3920 secularia
782 3858 910 3940 negotia
932 3859 982 3920 vel
999 3883 1079 3920 vana
1111 3865 1212 3946 gloria
1235 3869 1268 3930 in

143 3941 298 4003 Ecclesiis
318 3965 382 4002 non
405 3953 555 4024 agentum
578 3941 653 4024 quia
673 3942 784 4002 domus
797 3939 859 4000 Dei
881 3941 993 4003 domus
1007 3944 1161 4008 orationis
1176 3950 1270 4016 debet

140 4045 231 4096 esse,
255 4047 319 4084 non
339 4024 492 4106 spelunca
504 4027 678 4100 latronum.
721 4025 763 4086 Et
778 4032 813 4082 ut
830 4023 970 4084 intentos
990 4025 1129 4088 habeant
1147 4033 1268 4099 animos

142 4107 184 4167 ad
215 4111 337 4185 Deum,
359 4109 489 4188 quaudo
514 4107 652 4168 veniunt
680 4105 720 4166 ad
748 4101 915 4166 Missurum
943 4107 1116 4182 solemnia}
1140 4121 1172 4174 et
1202 4139 1266 4180 non
1373 4126 1376 4132 '

140 4201 260 4252 escant
273 4203 346 4254 ante
369 4189 615 4284 completionem
632 4187 866 4252 benedictionis
883 4188 1095 4258 sacerdotalis.
1118 4197 1168 4263 tt.
1183 4202 1266 4286 clip,
