2910 4984
502 321 659 382 sonmo
693 313 855 387 obsura

112 461 188 536 ¹36,
214 463 264 524 De
282 464 423 540 teloneis,
442 467 522 528 sie'ut
538 467 656 548 balonga

220 545 379 610 decretum
395 564 452 621 est,
469 563 616 613 seruetur.

112 623 187 710 137.
215 631 656 714 Demancipiisnonvenden·

220 709 271 771 dis
309 715 371 773 uisi
418 717 451 774 in
477 715 656 799 praesentia

218 793 393 858 Rectorum.

112 873 186 938 138.
213 875 261 934 De
285 879 393 939 loricis
412 895 506 940 entra
526 899 654 958 regnum

218 979 281 1018 non
301 961 489 1023 vendendis.

113 1037 187 1122 139,
208 1039 261 1204 βε
285 1043 403 1104 Comite
428 1046 563 1106 iustitias
591 1063 654 1104 non

232 1127 359 1190 acieute.

114 1199 187 1278 140.
214 1206 263 1264 De
277 1228 313 1268 eo
329 1209 383 1288 qui
400 1228 461 1292 pro
469 1209 566 1291 suida
578 1227 655 1290 pre.
693 1219 710 1230 ··

192 1323 194 1330 ι
218 1289 293 1348 tium
313 1291 451 1371 recipere
468 1293 613 1353 noluerit.

114 1363 186 1441 141.
207 1368 255 1440 De
274 1392 309 1431 eo
333 1375 389 1453 qiii
400 1395 458 1444 pro
466 1373 564 1453 faida
577 1392 655 1454 pre·-

217 1451 293 1512 tium
320 1453 439 1514 solvere
465 1456 611 1519 noluerit,
639 1483 643 1490 r

114 1527 184 1604 140.
214 1533 302 1620 Quid
320 1536 472 1614 agendum
489 1539 531 1598 sit
546 1536 585 1598 de
604 1535 617 1596 l
636 1569 655 1588 -

217 1619 366 1678 tronibus.

114 1692 184 1772 145.
215 1701 358 1781 Qualiter
364 1721 424 1782 pro
434 1701 514 1780 Rege
525 1713 555 1760 et
564 1721 656 1762 escer-

216 1782 279 1839 citu
301 1784 366 1840 eius
389 1786 422 1842 in
445 1785 502 1842 bac
518 1784 654 1842 instanti

171 1867 172 1870 ’
216 1864 414 1924 tribulatione
426 1867 445 1924 t
447 1863 605 1948 fidelibus
619 1867 652 1924 in
689 1877 691 1882 '

217 1947 409 2015 orationibus
431 1963 461 2008 et
483 1949 666 2023 eleemosy··

217 2025 265 2084 nis
276 2027 341 2088 Deo
356 2028 590 2112 supplicandum
602 2031 652 2095 sit.

117 2104 185 2182 144.
211 2107 257 2168 Ne
275 2111 443 2187 Presbyter
463 2114 518 2172 'vel
540 2112 654 2193 reliqui

218 2189 332 2252 Clerici
348 2209 400 2254 aut
411 2196 493 2254 ullus
497 2193 652 2277 fidelium

212 2291 391 2355 praesumat
415 2279 551 2337 decimas
578 2296 654 2333 veu-

215 2354 302 2428 dere,
317 2358 364 2415 vel
380 2359 512 2430 donare,
524 2369 576 2417 auu
586 2359 652 2440 pig·

214 2440 656 2521 norare„Ecclesiaequequo·
691 2499 694 2506 .

215 2539 275 2598 qtco
292 2523 386 2583 modo
408 2525 555 2583 alienare.

118 2596 185 2674 145.
213 2601 261 2660 De
280 2606 481 2687 providentia
502 2604 655 2689 Episcopi

212 2683 297 2744 circa
310 2687 570 2750 Arcbidiaconos.

117 2761 182 2840 146.
210 2765 259 2824 De
280 2787 342 2828 non
364 2769 514 2830 eiciendis
538 2771 577 2830 de
601 2792 652 2831 se-

210 2849 351 2928 pulchris
370 2855 491 2914 ossibus
510 2868 652 2916 mortuo-

213 2950 309 2996 rum.

117 3006 181 3084 147.
208 3010 256 3068 De
277 3015 498 3075 noniurandO.

117 3086 181 3166 148.
207 3092 256 3150 De
277 3098 456 3177 praediisb
481 3095 650 3173 Presbyte-

212 3175 257 3233 ris
274 3183 396 3260 emptis,
420 3180 651 3260 Ecclesit'spro·

207 3258 289 3338 priis
307 3259 543 3343 confirmandis.
560 3297 561 3300 =

807 477 843 528 ut
874 464 940 525 sine
965 463 1116 527 Formati
1135 462 1243 522 -aullus

803 545 1245 632 proficiscaturClericusEn

809 629 948 689 Concilio
958 627 1108 708 Africano
1118 628 1172 687 uel
1183 631 1246 690 Mi-

803 713 956 780 leut'tano,
979 711 1114 790 capitulo
1130 731 1178 770 xx,
1203 710 1245 770 Ut

807 795 873 854 sine
897 794 1052 854 Formatis
1081 813 1168 852 uento
1201 791 1246 862 ud

805 880 983 937 comitatum
1008 873 1242 957 proficiscatur,

802 959 858 1016 vel
885 959 1020 1042 qualiter
1041 955 1136 1040 fiant
1161 959 1244 1019 For-

805 1053 915 1101 matae.
1228 1069 1231 1082 .

805 1121 854 1180 De
865 1123 994 1186 Clericis
1004 1121 1243 1204 neglegentibus.
1254 1141 1256 1146 ·

805 1205 861 1267 Ex
886 1207 1024 1272 Concilio
1045 1203 1216 1281 Agatliensi
1227 1248 1241 1276 ,

804 1289 941 1372 capitulo
969 1310 1003 1347 11.
1056 1289 1105 1347 De
1132 1298 1244 1348 contu-

804 1372 941 1432 macibus
957 1369 1085 1430 Clericis
1097 1383 1127 1430 et
1140 1368 1185 1429 ad
1196 1367 1245 1450 os-

794 1450 911 1536 ficium
922 1451 1039 1532 tardis,

707 1528 782 1598 156.
803 1536 851 1594 De
862 1556 925 1595 uon
941 1533 1131 1614 pergendum
1146 1533 1244 1593 Cleri·

804 1619 849 1679 cis
864 1619 929 1677 sine
937 1617 1089 1698 permissu
1102 1616 1242 1698 suiEpis·

734 1726 736 1732 ’
804 1701 877 1782 copi
884 1699 929 1760 acl
938 1697 1062 1758 Iudices
1075 1698 1242 1759 seculares.

804 1781 859 1843 Ex
891 1781 1029 1842 Concilio
1059 1780 1242 1857 Agatheam,

805 1865 941 1948 capitulo
959 1886 1053 1924 xxxu.
1079 1863 1120 1924 Ut
1140 1864 1241 1923 Cleri·

803 1959 864 2004 cus'
881 1947 1055 2006 inconsulto
1084 1945 1241 2029 Episcopo

805 2027 850 2088 ad
886 2027 1028 2090 Iudicem
1069 2030 1241 2088 secularem

803 2131 865 2170 non
877 2124 996 2190 pergat.

707 2185 773 2272 157.
800 2193 848 2253 Ne
858 2193 995 2254 Clericus
1005 2194 1058 2254 uel
1067 2193 1240 2256 Monachus

805 2279 871 2337 sine
890 2277 1174 2361 licentiaEpiscopi
1192 2280 1242 2338 sui

801 2359 1035 2444 proficiscatur.
1082 2358 1137 2420 Ere
1163 2361 1242 2422 Con-

804 2443 877 2502 cilio
896 2442 1084 2520 Agatheam,
1105 2445 1240 2524 capitulo

706 1061 774 1186 ⁴155.

701 2537 705 2542 ”
804 2547 934 2589 xxxvus.
961 2524 1002 2584 Ut
1022 2525 1087 2582 siue
1109 2525 1242 2608 epistola

802 2605 955 2688 Episcopi
986 2607 1034 2665 sui
1063 2619 1132 2666 non'
1150 2608 1243 2666 liceat

793 2688 925 2854 ssle'ricp
940 2690 988 2750 vel
1003 2690 1159 2750 Monacbo
1167 2691 1242 2774 pro'-

750 2803 777 2824 '-
830 2791 914 2836 citet.

686 2885 689 2892 ,
705 2846 771 2911 158.
798 2853 845 2912 Ne
858 2853 996 2914 Clericus
1009 2851 1242 2935 sinepermissu
1320 2861 1322 2869 '

801 2932 952 3018 Episcopi
960 2938 1008 3016 sui
1018 2935 1242 3018 proficiscatur

799 3012 854 3096 an
886 3019 1025 3080 Concilio
1050 3019 1239 3095 Agatbensi,

800 3101 937 3183 capitulo
958 3124 1011 3162 uu.
1039 3101 1087 3160 De
1109 3100 1240 3159 Clericis

800 3184 935 3262 quisine
955 3183 1089 3267 epistola
1107 3181 1240 3267 Pontifi-

798 3265 846 3338 ,cis
859 3267 908 3323 sui
921 3263 1176 3348 proficiscuntur.
1229 3321 1232 3328 .

116 3335 182 3416 149.
209 3338 257 3402 De
278 3343 495 3421 sutisjuctioae
514 3343 651 3404 coticlia-
683 3338 770 3422 159.
797 3343 901 3415 Deliis
912 3351 965 3429 qui
972 3349 1238 3442 inpropriispro-

211 3441 321 3484 uorum
345 3425 541 3499 delictorum.

117 3500 180 3562 150.
208 3503 256 3562 De
272 3509 565 3568 communicantium
579 3529 648 3568 sus-

205 3606 365 3666 pensione.

798 3429 913 3488 vineiis
928 3451 989 3490 non
1001 3441 1237 3502 communicant.

799 3507 855 3570 Ex
888 3512 1029 3572 Concilio
1057 3509 1236 3592 Africano,

801 3593 938 3674 capitulo
958 3616 1047 3653 xv111.

114 3665 177 3730 151.
202 3667 252 3726 De
269 3683 426 3731 conventu
439 3670 647 3747 Presbytero·
702 3670 768 3732 160.
796 3673 845 3732 De
858 3676 1071 3757 patratoribus
1093 3667 1239 3735 diuersos

208 3769 277 3808 rum
291 3751 335 3812 ad
351 3754 505 3834 civitatem
514 3798 526 3825 ,
552 3777 648 3818 causa

208 3829 362 3893 discendi.

115 3907 175 3972 152.
205 3913 252 3971 De
274 3929 447 3996 pauperum
464 3916 647 3981 collectione

204 3995 223 4052 la
243 3997 450 4072 Presbyteris.

799 3775 868 3816 rum
888 3759 1050 3818 mulorum.

701 3835 766 3897 161.
798 3837 846 3896 De
862 3859 896 3898 eo
911 3841 975 3921 qui,
996 3839 1129 3922 propriu
1138 3857 1240 3897 uxore

801 3921 964 3991 derelicta,
980 3920 1035 3980 uel
1060 3943 1126 3978 sinc
1146 3919 1240 4000 culpa

798 4001 975 4082 interfecta,
1000 4002 1095 4063 alium
1121 4000 1218 4067 ducit,

115 4073 173 4139 153.
202 4064 248 4136 De
269 4079 645 4146 nonocnclendisEccle-
699 4084 765 4151 162.
795 4085 843 4142 De
863 4085 965 4166 eo-qui
975 4103 1026 4142 res
1043 4084 1160 4144 alienas
1171 4085 1238 4142 rita-

204 4161 320 4218 siarum
336 4159 475 4222 decimis.

115 4239 173 4317 154.
199 4239 249 4300 De
253 4239 406 4322 sorbeatis
408 4242 580 4328 faciendis.
601 4247 643 4312 Et

796 4167 827 4224 lo
837 4168 960 4245 ingemo
970 4163 1169 4248 emptusfilio
1182 4185 1237 4225 suo

793 4259 849 4311 aut
867 4247 995 4312 cuilibet
1009 4261 1162 4332 personae
1189 4246 1238 4308 le*
