<?xml version="1.0" encoding="UTF-8"?>
<!DOCTYPE html PUBLIC "-//W3C//DTD XHTML 1.0 Transitional//EN"
    "http://www.w3.org/TR/xhtml1/DTD/xhtml1-transitional.dtd">
<html xmlns="http://www.w3.org/1999/xhtml" xml:lang="en" lang="en">
 <head>
  <title>
</title>
<meta http-equiv="Content-Type" content="text/html;charset=utf-8" />
  <meta name='ocr-system' content='tesseract 3.04.00' />
  <meta name='ocr-capabilities' content='ocr_page ocr_carea ocr_par ocr_line ocrx_word'/>
</head>
<body>
  <div class='ocr_page' id='page_1' title='image "./corpusiurisgerm04visigoog_0411.png"; bbox 0 0 2910 4984; ppageno 0'>
   <div class='ocr_carea' id='block_1_1' title="bbox 204 311 930 396">
    <p class='ocr_par' dir='ltr' id='par_1_1' title="bbox 204 311 930 396">
     <span class='ocr_line' id='line_1_1' title="bbox 204 311 930 396; baseline 0 -6"><span class='ocrx_word' id='word_1_1' title='bbox 204 311 281 390; x_wconf 77' lang='lat' dir='ltr'>etr</span> <span class='ocrx_word' id='word_1_2' title='bbox 639 332 930 396; x_wconf 79' lang='lat' dir='ltr'>csrtrunntuuu</span> 
     </span>
    </p>
   </div>
   <div class='ocr_carea' id='block_1_2' title="bbox 201 472 1352 806">
    <p class='ocr_par' dir='ltr' id='par_1_2' title="bbox 201 472 1352 806">
     <span class='ocr_line' id='line_1_2' title="bbox 204 472 1351 560; baseline -0.002 -25"><span class='ocrx_word' id='word_1_3' title='bbox 204 473 384 552; x_wconf 80' lang='lat' dir='ltr'>iactaverit,</span> <span class='ocrx_word' id='word_1_4' title='bbox 405 473 423 536; x_wconf 75' lang='lat' dir='ltr'>i</span> <span class='ocrx_word' id='word_1_5' title='bbox 441 473 609 536; x_wconf 71' lang='lat' dir='ltr'><strong>Praefecto</strong></span> <span class='ocrx_word' id='word_1_6' title='bbox 632 475 720 538; x_wconf 86' lang='lat' dir='ltr'>urhis</span> <span class='ocrx_word' id='word_1_7' title='bbox 734 476 849 538; x_wconf 89' lang='lat' dir='ltr'>ultimo</span> <span class='ocrx_word' id='word_1_8' title='bbox 868 473 1027 560; x_wconf 87' lang='lat' dir='ltr'>supplicio</span> <span class='ocrx_word' id='word_1_9' title='bbox 1048 472 1232 540; x_wconf 81' lang='lat' dir='ltr'>subiciatur.</span> <span class='ocrx_word' id='word_1_10' title='bbox 1270 472 1351 554; x_wconf 88' lang='lat' dir='ltr'>Qui</span> 
     </span>
     <span class='ocr_line' id='line_1_3' title="bbox 203 558 1352 638; baseline -0.001 -19"><span class='ocrx_word' id='word_1_11' title='bbox 203 580 280 620; x_wconf 82' lang='lat' dir='ltr'>vero</span> <span class='ocrx_word' id='word_1_12' title='bbox 298 558 397 618; x_wconf 86' lang='lat' dir='ltr'>talem</span> <span class='ocrx_word' id='word_1_13' title='bbox 423 576 619 638; x_wconf 83' lang='lat' dir='ltr'>cognoscens</span> <span class='ocrx_word' id='word_1_14' title='bbox 639 581 705 620; x_wconf 91' lang='lat' dir='ltr'>non</span> <span class='ocrx_word' id='word_1_15' title='bbox 731 559 1019 634; x_wconf 78' lang='lat' dir='ltr'><strong>manisfestaverit,</strong></span> <span class='ocrx_word' id='word_1_16' title='bbox 1040 558 1190 620; x_wconf 89' lang='lat' dir='ltr'>similiter</span> <span class='ocrx_word' id='word_1_17' title='bbox 1210 579 1352 619; x_wconf 86' lang='lat' dir='ltr'>coerce·</span> 
     </span>
     <span class='ocr_line' id='line_1_4' title="bbox 203 639 1350 726; baseline 0 -26"><span class='ocrx_word' id='word_1_18' title='bbox 203 651 285 702; x_wconf 84' lang='lat' dir='ltr'>atur.</span> <span class='ocrx_word' id='word_1_19' title='bbox 328 639 363 701; x_wconf 91' lang='lat' dir='ltr'>Si</span> <span class='ocrx_word' id='word_1_20' title='bbox 379 641 566 703; x_wconf 82' lang='lat' dir='ltr'>Praefectus</span> <span class='ocrx_word' id='word_1_21' title='bbox 583 640 671 706; x_wconf 88' lang='lat' dir='ltr'>urbis</span> <span class='ocrx_word' id='word_1_22' title='bbox 685 641 764 703; x_wconf 86' lang='lat' dir='ltr'>haec</span> <span class='ocrx_word' id='word_1_23' title='bbox 789 642 907 726; x_wconf 86' lang='lat' dir='ltr'>punire</span> <span class='ocrx_word' id='word_1_24' title='bbox 940 642 1143 724; x_wconf 78' lang='lat' dir='ltr'>neglexerit,</span> <span class='ocrx_word' id='word_1_25' title='bbox 1175 651 1248 725; x_wconf 89' lang='lat' dir='ltr'>post</span> <span class='ocrx_word' id='word_1_26' title='bbox 1276 641 1350 703; x_wconf 88' lang='lat' dir='ltr'>Dei</span> 
     </span>
     <span class='ocr_line' id='line_1_5' title="bbox 201 720 1151 806; baseline 0.008 -24"><span class='ocrx_word' id='word_1_27' title='bbox 201 723 360 786; x_wconf 87' lang='lat' dir='ltr'>iudicium</span> <span class='ocrx_word' id='word_1_28' title='bbox 373 720 785 806; x_wconf 74' lang='lat' dir='ltr'>nostramindign&#39;ationem</span> <span class='ocrx_word' id='word_1_29' title='bbox 805 726 960 786; x_wconf 80' lang='lat' dir='ltr'>incutrat.</span> <span class='ocrx_word' id='word_1_30' title='bbox 1004 723 1061 787; x_wconf 87' lang='lat' dir='ltr'>VI.</span> <span class='ocrx_word' id='word_1_31' title='bbox 1085 745 1151 790; x_wconf 85' lang='lat' dir='ltr'>tot.</span> 
     </span>
    </p>
   </div>
   <div class='ocr_carea' id='block_1_3' title="bbox 414 827 1118 904">
    <p class='ocr_par' dir='ltr' id='par_1_3' title="bbox 414 827 1118 904">
     <span class='ocr_line' id='line_1_6' title="bbox 414 827 1118 904; baseline 0.001 -14"><span class='ocrx_word' id='word_1_32' title='bbox 414 829 464 890; x_wconf 89' lang='lat' dir='ltr'>De</span> <span class='ocrx_word' id='word_1_33' title='bbox 482 827 591 890; x_wconf 83' lang='lat' dir='ltr'>viduis</span> <span class='ocrx_word' id='word_1_34' title='bbox 610 827 794 904; x_wconf 83' lang='lat' dir='ltr'>iuvenibus,</span> <span class='ocrx_word' id='word_1_35' title='bbox 818 854 856 892; x_wconf 89' lang='lat' dir='ltr'>ne</span> <span class='ocrx_word' id='word_1_36' title='bbox 876 835 939 894; x_wconf 89' lang='lat' dir='ltr'>cito</span> <span class='ocrx_word' id='word_1_37' title='bbox 964 833 1118 899; x_wconf 76' lang='lat' dir='ltr'>celentur.</span> 
     </span>
    </p>
   </div>
   <div class='ocr_carea' id='block_1_4' title="bbox 183 934 1347 1261">
    <p class='ocr_par' dir='ltr' id='par_1_4' title="bbox 183 934 1347 1261">
     <span class='ocr_line' id='line_1_7' title="bbox 282 934 1345 1020; baseline 0.004 -24"><span class='ocrx_word' id='word_1_38' title='bbox 282 935 440 1000; x_wconf 83' lang='lat' dir='ltr'><strong>LXXXV.</strong></span> <span class='ocrx_word' id='word_1_39' title='bbox 484 937 526 994; x_wconf 90' lang='lat' dir='ltr'>Ut</span> <span class='ocrx_word' id='word_1_40' title='bbox 553 934 688 998; x_wconf 79' lang='lat' dir='ltr'>iuvenes</span> <span class='ocrx_word' id='word_1_41' title='bbox 713 937 831 999; x_wconf 81' lang='lat' dir='ltr'>viduae</span> <span class='ocrx_word' id='word_1_42' title='bbox 856 938 921 999; x_wconf 88' lang='lat' dir='ltr'>cito</span> <span class='ocrx_word' id='word_1_43' title='bbox 945 958 1149 1020; x_wconf 88' lang='lat' dir='ltr'>nequaquam</span> <span class='ocrx_word' id='word_1_44' title='bbox 1172 939 1345 1018; x_wconf 82' lang='lat' dir='ltr'>velentur,</span> 
     </span>
     <span class='ocr_line' id='line_1_8' title="bbox 201 1016 1347 1102; baseline 0.002 -23"><span class='ocrx_word' id='word_1_45' title='bbox 201 1039 305 1101; x_wconf 89' lang='lat' dir='ltr'>usquc</span> <span class='ocrx_word' id='word_1_46' title='bbox 321 1017 398 1078; x_wconf 90' lang='lat' dir='ltr'>dum</span> <span class='ocrx_word' id='word_1_47' title='bbox 416 1016 572 1101; x_wconf 85' lang='lat' dir='ltr'>probetur</span> <span class='ocrx_word' id='word_1_48' title='bbox 589 1017 721 1078; x_wconf 86' lang='lat' dir='ltr'>illarum</span> <span class='ocrx_word' id='word_1_49' title='bbox 734 1021 870 1102; x_wconf 75' lang='lat' dir='ltr'>religio,</span> <span class='ocrx_word' id='word_1_50' title='bbox 894 1032 925 1082; x_wconf 89' lang='lat' dir='ltr'>ct</span> <span class='ocrx_word' id='word_1_51' title='bbox 942 1022 1026 1080; x_wconf 86' lang='lat' dir='ltr'>bona</span> <span class='ocrx_word' id='word_1_52' title='bbox 1047 1023 1086 1080; x_wconf 88' lang='lat' dir='ltr'>ab</span> <span class='ocrx_word' id='word_1_53' title='bbox 1114 1020 1165 1098; x_wconf 85' lang='lat' dir='ltr'>eis¹</span> <span class='ocrx_word' id='word_1_54' title='bbox 1194 1031 1272 1082; x_wconf 84' lang='lat' dir='ltr'>nota</span> <span class='ocrx_word' id='word_1_55' title='bbox 1298 1023 1347 1084; x_wconf 90' lang='lat' dir='ltr'>sit</span> 
     </span>
     <span class='ocr_line' id='line_1_9' title="bbox 201 1099 1344 1188; baseline 0.001 -25"><span class='ocrx_word' id='word_1_56' title='bbox 201 1099 421 1171; x_wconf 66' lang='lat' dir='ltr'>conversatim</span> <span class='ocrx_word' id='word_1_57' title='bbox 445 1121 485 1160; x_wconf 86' lang='lat' dir='ltr'>ne</span> <span class='ocrx_word' id='word_1_58' title='bbox 503 1101 587 1161; x_wconf 86' lang='lat' dir='ltr'>forte</span> <span class='ocrx_word' id='word_1_59' title='bbox 608 1101 647 1162; x_wconf 92' lang='lat' dir='ltr'>de</span> <span class='ocrx_word' id='word_1_60' title='bbox 668 1101 790 1162; x_wconf 91' lang='lat' dir='ltr'>eisdem</span> <span class='ocrx_word' id='word_1_61' title='bbox 808 1104 872 1165; x_wconf 86' lang='lat' dir='ltr'>dici</span> <span class='ocrx_word' id='word_1_62' title='bbox 886 1104 1040 1188; x_wconf 43' lang='lat' dir='ltr'>possit&amp;</span> <span class='ocrx_word' id='word_1_63' title='bbox 1052 1103 1224 1188; x_wconf 83' lang='lat' dir='ltr'>Apostolo:</span> <span class='ocrx_word' id='word_1_64' title='bbox 1248 1107 1344 1188; x_wconf 80' lang='lat' dir='ltr'>Quae</span> 
     </span>
     <span class='ocr_line' id='line_1_10' title="bbox 183 1181 1037 1261; baseline 0.004 -17"><span class='ocrx_word' id='word_1_65' title='bbox 183 1197 307 1244; x_wconf 83' lang='lat' dir='ltr'>¹autem</span> <span class='ocrx_word' id='word_1_66' title='bbox 327 1185 361 1243; x_wconf 91' lang='lat' dir='ltr'>in</span> <span class='ocrx_word' id='word_1_67' title='bbox 382 1181 506 1244; x_wconf 83' lang='lat' dir='ltr'>deliciis</span> <span class='ocrx_word' id='word_1_68' title='bbox 526 1196 617 1261; x_wconf 83' lang='lat' dir='ltr'>sunt,</span> <span class='ocrx_word' id='word_1_69' title='bbox 636 1187 775 1245; x_wconf 82' lang='lat' dir='ltr'>viventes</span> <span class='ocrx_word' id='word_1_70' title='bbox 799 1201 940 1246; x_wconf 80' lang='lat' dir='ltr'>mortuae</span> <span class='ocrx_word' id='word_1_71' title='bbox 955 1200 1037 1247; x_wconf 88' lang='lat' dir='ltr'>sunt.</span> 
     </span>
    </p>
   </div>
   <div class='ocr_carea' id='block_1_5' title="bbox 207 1253 1343 1459">
    <p class='ocr_par' dir='ltr' id='par_1_5' title="bbox 207 1253 1343 1459">
     <span class='ocr_line' id='line_1_11' title="bbox 207 1253 1343 1377; baseline 0.002 -25"><span class='ocrx_word' id='word_1_72' title='bbox 207 1289 250 1352; x_wconf 84' lang='lat' dir='ltr'>Ut</span> <span class='ocrx_word' id='word_1_73' title='bbox 264 1253 402 1355; x_wconf 83' lang='lat' dir='ltr'>Comites</span> <span class='ocrx_word' id='word_1_74' title='bbox 419 1302 449 1350; x_wconf 82' lang='lat' dir='ltr'>et</span> <span class='ocrx_word' id='word_1_75' title='bbox 466 1287 592 1352; x_wconf 86' lang='lat' dir='ltr'>Indices</span> <span class='ocrx_word' id='word_1_76' title='bbox 607 1289 773 1374; x_wconf 86' lang='lat' dir='ltr'>Episcopis</span> <span class='ocrx_word' id='word_1_77' title='bbox 807 1295 872 1352; x_wconf 85' lang='lat' dir='ltr'>suis</span> <span class='ocrx_word' id='word_1_78' title='bbox 893 1295 1088 1354; x_wconf 86' lang='lat' dir='ltr'>consentiunt</span> <span class='ocrx_word' id='word_1_79' title='bbox 1092 1282 1121 1368; x_wconf 54' lang='lat'>,&#39;</span> <span class='ocrx_word' id='word_1_80' title='bbox 1140 1294 1263 1377; x_wconf 81' lang='lat' dir='ltr'>ipsique</span> <span class='ocrx_word' id='word_1_81' title='bbox 1285 1315 1343 1356; x_wconf 82' lang='lat' dir='ltr'>eos</span> 
     </span>
     <span class='ocr_line' id='line_1_12' title="bbox 591 1373 955 1459; baseline 0.005 -27"><span class='ocrx_word' id='word_1_82' title='bbox 591 1373 772 1457; x_wconf 48' lang='lat' dir='ltr'>,honorifice</span> <span class='ocrx_word' id='word_1_83' title='bbox 793 1377 955 1459; x_wconf 84' lang='lat' dir='ltr'>recipiant.</span> 
     </span>
    </p>
   </div>
   <div class='ocr_carea' id='block_1_6' title="bbox 143 1475 1343 1978">
    <p class='ocr_par' dir='ltr' id='par_1_6' title="bbox 143 1475 1343 1702">
     <span class='ocr_line' id='line_1_13' title="bbox 284 1475 1343 1567; baseline 0.005 -27"><span class='ocrx_word' id='word_1_84' title='bbox 284 1475 461 1546; x_wconf 84' lang='lat' dir='ltr'><strong>LXXXVI.</strong></span> <span class='ocrx_word' id='word_1_85' title='bbox 503 1477 705 1557; x_wconf 89' lang='lat' dir='ltr'>Comitibus,</span> <span class='ocrx_word' id='word_1_86' title='bbox 727 1480 912 1559; x_wconf 74' lang='lat' dir='ltr'>Iudicilsns,</span> <span class='ocrx_word' id='word_1_87' title='bbox 933 1481 1128 1564; x_wconf 89' lang='lat' dir='ltr'>reliquoque</span> <span class='ocrx_word' id='word_1_88' title='bbox 1141 1483 1262 1567; x_wconf 90' lang='lat' dir='ltr'>populo</span> <span class='ocrx_word' id='word_1_89' title='bbox 1284 1506 1343 1545; x_wconf 84' lang='lat' dir='ltr'>ex-</span> 
     </span>
     <span class='ocr_line' id='line_1_14' title="bbox 143 1557 1343 1702; baseline 0.008 -85"><span class='ocrx_word' id='word_1_90' title='bbox 143 1634 145 1642; x_wconf 16' lang='lat'><em>!</em></span> <span class='ocrx_word' id='word_1_91' title='bbox 203 1557 295 1702; x_wconf 51' lang='grc' dir='ltr'>Βεὰὶῑ</span> <span class='ocrx_word' id='word_1_92' title='bbox 316 1570 353 1622; x_wconf 89' lang='lat' dir='ltr'>ut</span> <span class='ocrx_word' id='word_1_93' title='bbox 368 1563 434 1626; x_wconf 82' lang='lat' dir='ltr'>suis</span> <span class='ocrx_word' id='word_1_94' title='bbox 449 1561 688 1646; x_wconf 90' lang='lat' dir='ltr'>sintEpiscopis</span> <span class='ocrx_word' id='word_1_95' title='bbox 702 1566 942 1627; x_wconf 79' lang='lat' dir='ltr'>consentientes</span> <span class='ocrx_word' id='word_1_96' title='bbox 960 1575 992 1626; x_wconf 89' lang='lat' dir='ltr'>et</span> <span class='ocrx_word' id='word_1_97' title='bbox 1006 1567 1193 1629; x_wconf 86' lang='lat' dir='ltr'>obedientes</span> <span class='ocrx_word' id='word_1_98' title='bbox 1206 1576 1343 1649; x_wconf 91' lang='lat' dir='ltr'>propter</span> 
     </span>
    </p>

    <p class='ocr_par' dir='ltr' id='par_1_7' title="bbox 203 1641 1341 1978">
     <span class='ocr_line' id='line_1_15' title="bbox 237 1641 1341 1732; baseline 0.005 -30"><span class='ocrx_word' id='word_1_99' title='bbox 237 1641 272 1702; x_wconf 80' lang='lat' dir='ltr'>ei</span> <span class='ocrx_word' id='word_1_100' title='bbox 289 1663 430 1706; x_wconf 86' lang='lat' dir='ltr'>amorem</span> <span class='ocrx_word' id='word_1_101' title='bbox 451 1644 566 1726; x_wconf 91' lang='lat' dir='ltr'>suique</span> <span class='ocrx_word' id='word_1_102' title='bbox 586 1645 701 1727; x_wconf 83' lang='lat' dir='ltr'>gradus</span> <span class='ocrx_word' id='word_1_103' title='bbox 717 1645 895 1722; x_wconf 91' lang='lat' dir='ltr'>honorem,</span> <span class='ocrx_word' id='word_1_104' title='bbox 919 1657 952 1709; x_wconf 92' lang='lat' dir='ltr'>et</span> <span class='ocrx_word' id='word_1_105' title='bbox 968 1670 1094 1732; x_wconf 87' lang='lat' dir='ltr'>semper</span> <span class='ocrx_word' id='word_1_106' title='bbox 1120 1649 1159 1709; x_wconf 87' lang='lat' dir='ltr'>ab</span> <span class='ocrx_word' id='word_1_107' title='bbox 1187 1651 1233 1710; x_wconf 88' lang='lat' dir='ltr'>eis</span> <span class='ocrx_word' id='word_1_108' title='bbox 1257 1649 1341 1709; x_wconf 89' lang='lat' dir='ltr'>utile</span> 
     </span>
     <span class='ocr_line' id='line_1_16' title="bbox 203 1727 1341 1814; baseline 0.006 -31"><span class='ocrx_word' id='word_1_109' title='bbox 203 1737 364 1806; x_wconf 88' lang='lat' dir='ltr'>quaerant</span> <span class='ocrx_word' id='word_1_110' title='bbox 376 1727 567 1806; x_wconf 89' lang='lat' dir='ltr'>consilium,</span> <span class='ocrx_word' id='word_1_111' title='bbox 590 1729 786 1810; x_wconf 89' lang='lat' dir='ltr'>illorumque</span> <span class='ocrx_word' id='word_1_112' title='bbox 800 1731 939 1790; x_wconf 88' lang='lat' dir='ltr'>salubria</span> <span class='ocrx_word' id='word_1_113' title='bbox 954 1753 1019 1790; x_wconf 90' lang='lat' dir='ltr'>non</span> <span class='ocrx_word' id='word_1_114' title='bbox 1032 1740 1189 1814; x_wconf 81' lang='lat' dir='ltr'>spernant</span> <span class='ocrx_word' id='word_1_115' title='bbox 1204 1732 1341 1808; x_wconf 85' lang='lat' dir='ltr'>monita,</span> 
     </span>
     <span class='ocr_line' id='line_1_17' title="bbox 203 1805 1341 1896; baseline 0.005 -30"><span class='ocrx_word' id='word_1_116' title='bbox 203 1805 262 1866; x_wconf 89' lang='lat' dir='ltr'>sed</span> <span class='ocrx_word' id='word_1_117' title='bbox 279 1807 404 1869; x_wconf 87' lang='lat' dir='ltr'>intenta</span> <span class='ocrx_word' id='word_1_118' title='bbox 424 1810 528 1871; x_wconf 89' lang='lat' dir='ltr'>cordis</span> <span class='ocrx_word' id='word_1_119' title='bbox 542 1832 619 1874; x_wconf 89' lang='lat' dir='ltr'>aure</span> <span class='ocrx_word' id='word_1_120' title='bbox 651 1813 792 1876; x_wconf 87' lang='lat' dir='ltr'>audiant.</span> <span class='ocrx_word' id='word_1_121' title='bbox 842 1815 997 1874; x_wconf 83' lang='lat' dir='ltr'>Similiter</span> <span class='ocrx_word' id='word_1_122' title='bbox 1027 1837 1104 1876; x_wconf 82' lang='lat' dir='ltr'>vero</span> <span class='ocrx_word' id='word_1_123' title='bbox 1132 1823 1165 1874; x_wconf 88' lang='lat' dir='ltr'>et</span> <span class='ocrx_word' id='word_1_124' title='bbox 1187 1814 1341 1896; x_wconf 85' lang='lat' dir='ltr'>Episcopi</span> 
     </span>
     <span class='ocr_line' id='line_1_18' title="bbox 203 1889 1341 1978; baseline 0.007 -31"><span class='ocrx_word' id='word_1_125' title='bbox 203 1889 383 1971; x_wconf 88' lang='lat' dir='ltr'>praedictas</span> <span class='ocrx_word' id='word_1_126' title='bbox 402 1903 564 1974; x_wconf 87' lang='lat' dir='ltr'>personas</span> <span class='ocrx_word' id='word_1_127' title='bbox 583 1891 751 1954; x_wconf 86' lang='lat' dir='ltr'>humiliter</span> <span class='ocrx_word' id='word_1_128' title='bbox 770 1896 961 1978; x_wconf 86' lang='lat' dir='ltr'>suscipiant,</span> <span class='ocrx_word' id='word_1_129' title='bbox 990 1897 1235 1977; x_wconf 82' lang='lat' dir='ltr'>honorificeque</span> <span class='ocrx_word' id='word_1_130' title='bbox 1263 1919 1341 1978; x_wconf 81' lang='lat' dir='ltr'>erga</span> 
     </span>
    </p>
   </div>
   <div class='ocr_carea' id='block_1_7' title="bbox 204 1971 1341 2124">
    <p class='ocr_par' dir='ltr' id='par_1_8' title="bbox 204 1971 1341 2124">
     <span class='ocr_line' id='line_1_19' title="bbox 204 1971 1341 2058; baseline 0.007 -28"><span class='ocrx_word' id='word_1_131' title='bbox 204 1988 257 2030; x_wconf 87' lang='lat' dir='ltr'>eas</span> <span class='ocrx_word' id='word_1_132' title='bbox 278 1971 313 2031; x_wconf 90' lang='lat' dir='ltr'>iu</span> <span class='ocrx_word' id='word_1_133' title='bbox 331 1974 480 2036; x_wconf 89' lang='lat' dir='ltr'>omuibus</span> <span class='ocrx_word' id='word_1_134' title='bbox 502 1985 617 2058; x_wconf 80' lang='lat' dir='ltr'>agant,</span> <span class='ocrx_word' id='word_1_135' title='bbox 651 1986 685 2038; x_wconf 91' lang='lat' dir='ltr'>et</span> <span class='ocrx_word' id='word_1_136' title='bbox 710 1977 756 2037; x_wconf 89' lang='lat' dir='ltr'>sic</span> <span class='ocrx_word' id='word_1_137' title='bbox 781 2000 814 2038; x_wconf 89' lang='lat' dir='ltr'>se</span> <span class='ocrx_word' id='word_1_138' title='bbox 844 1980 964 2041; x_wconf 89' lang='lat' dir='ltr'>mutuis</span> <span class='ocrx_word' id='word_1_139' title='bbox 994 1980 1165 2043; x_wconf 83' lang='lat' dir='ltr'>sublevare</span> <span class='ocrx_word' id='word_1_140' title='bbox 1189 1979 1341 2040; x_wconf 86' lang='lat' dir='ltr'>studeant</span> 
     </span>
     <span class='ocr_line' id='line_1_20' title="bbox 206 2055 492 2124; baseline 0.017 -11"><span class='ocrx_word' id='word_1_141' title='bbox 206 2055 492 2124; x_wconf 81' lang='lat' dir='ltr'>consolationibus.</span> 
     </span>
    </p>
   </div>
   <div class='ocr_carea' id='block_1_8' title="bbox 330 2160 1212 2251">
    <p class='ocr_par' dir='ltr' id='par_1_9' title="bbox 330 2160 1212 2251">
     <span class='ocr_line' id='line_1_21' title="bbox 330 2160 1212 2251; baseline 0.003 -26"><span class='ocrx_word' id='word_1_142' title='bbox 330 2162 378 2225; x_wconf 86' lang='lat' dir='ltr'>De</span> <span class='ocrx_word' id='word_1_143' title='bbox 394 2160 530 2236; x_wconf 79' lang='lat' dir='ltr'>herede,</span> <span class='ocrx_word' id='word_1_144' title='bbox 560 2163 590 2224; x_wconf 89' lang='lat' dir='ltr'>si</span> <span class='ocrx_word' id='word_1_145' title='bbox 603 2166 764 2250; x_wconf 82' lang='lat' dir='ltr'>quippiam</span> <span class='ocrx_word' id='word_1_146' title='bbox 786 2165 993 2250; x_wconf 84' lang='lat' dir='ltr'>dispositione</span> <span class='ocrx_word' id='word_1_147' title='bbox 1015 2187 1078 2228; x_wconf 92' lang='lat' dir='ltr'>non</span> <span class='ocrx_word' id='word_1_148' title='bbox 1094 2168 1212 2251; x_wconf 87' lang='lat' dir='ltr'>implet.</span> 
     </span>
    </p>
   </div>
   <div class='ocr_carea' id='block_1_9' title="bbox 207 2268 1340 2606">
    <p class='ocr_par' dir='ltr' id='par_1_10' title="bbox 207 2268 1340 2583">
     <span class='ocr_line' id='line_1_22' title="bbox 289 2268 1338 2356; baseline 0.002 -24"><span class='ocrx_word' id='word_1_149' title='bbox 289 2268 495 2336; x_wconf 86' lang='lat' dir='ltr'><strong>LXXXVII.</strong></span> <span class='ocrx_word' id='word_1_150' title='bbox 539 2269 573 2332; x_wconf 90' lang='lat' dir='ltr'>Si</span> <span class='ocrx_word' id='word_1_151' title='bbox 586 2269 723 2332; x_wconf 85' lang='lat' dir='ltr'>heredes</span> <span class='ocrx_word' id='word_1_152' title='bbox 742 2272 826 2334; x_wconf 88' lang='lat' dir='ltr'>iussa</span> <span class='ocrx_word' id='word_1_153' title='bbox 842 2273 1001 2334; x_wconf 89' lang='lat' dir='ltr'>testatoris</span> <span class='ocrx_word' id='word_1_154' title='bbox 1026 2280 1095 2332; x_wconf 75' lang='lat' dir='ltr'>‘uon</span> <span class='ocrx_word' id='word_1_155' title='bbox 1116 2274 1338 2356; x_wconf 86' lang='lat' dir='ltr'>impleverint,</span> 
     </span>
     <span class='ocr_line' id='line_1_23' title="bbox 207 2351 1339 2440; baseline 0.001 -23"><span class='ocrx_word' id='word_1_156' title='bbox 207 2355 246 2417; x_wconf 92' lang='lat' dir='ltr'>ab</span> <span class='ocrx_word' id='word_1_157' title='bbox 269 2351 431 2440; x_wconf 88' lang='lat' dir='ltr'>Episcopo</span> <span class='ocrx_word' id='word_1_158' title='bbox 454 2351 520 2412; x_wconf 92' lang='lat' dir='ltr'>loci</span> <span class='ocrx_word' id='word_1_159' title='bbox 535 2352 624 2414; x_wconf 89' lang='lat' dir='ltr'>illius</span> <span class='ocrx_word' id='word_1_160' title='bbox 644 2355 748 2415; x_wconf 91' lang='lat' dir='ltr'>omnis</span> <span class='ocrx_word' id='word_1_161' title='bbox 765 2377 816 2415; x_wconf 91' lang='lat' dir='ltr'>res</span> <span class='ocrx_word' id='word_1_162' title='bbox 831 2377 913 2436; x_wconf 90' lang='lat' dir='ltr'>quae</span> <span class='ocrx_word' id='word_1_163' title='bbox 934 2355 984 2416; x_wconf 86' lang='lat' dir='ltr'>his</span> <span class='ocrx_word' id='word_1_164' title='bbox 999 2356 1114 2416; x_wconf 90' lang='lat' dir='ltr'>relicta</span> <span class='ocrx_word' id='word_1_165' title='bbox 1139 2367 1188 2416; x_wconf 91' lang='lat' dir='ltr'>est</span> <span class='ocrx_word' id='word_1_166' title='bbox 1216 2360 1339 2418; x_wconf 84' lang='lat' dir='ltr'>aufera-</span> 
     </span>
     <span class='ocr_line' id='line_1_24' title="bbox 207 2435 1340 2583; baseline 0.002 -85"><span class='ocrx_word' id='word_1_167' title='bbox 207 2435 558 2583; x_wconf 55' lang='lat' dir='ltr'>ticg,lcu11t1urfructibus</span> <span class='ocrx_word' id='word_1_168' title='bbox 573 2445 606 2498; x_wconf 91' lang='lat' dir='ltr'>et</span> <span class='ocrx_word' id='word_1_169' title='bbox 621 2437 755 2499; x_wconf 85' lang='lat' dir='ltr'>caeteris</span> <span class='ocrx_word' id='word_1_170' title='bbox 775 2439 1023 2515; x_wconf 87' lang='lat' dir='ltr'>emolumentis,</span> <span class='ocrx_word' id='word_1_171' title='bbox 1046 2445 1166 2535; x_wconf 85' lang='lat' dir='ltr'>utvota</span> <span class='ocrx_word' id='word_1_172' title='bbox 1190 2440 1340 2502; x_wconf 81' lang='lat' dir='ltr'>defuncti</span> 
     </span>
    </p>

    <p class='ocr_par' dir='ltr' id='par_1_11' title="bbox 256 2542 421 2606">
     <span class='ocr_line' id='line_1_25' title="bbox 256 2542 421 2606; baseline -0.012 -24"><span class='ocrx_word' id='word_1_173' title='bbox 256 2542 354 2606; x_wconf 87' lang='lat' dir='ltr'>pean</span> <span class='ocrx_word' id='word_1_174' title='bbox 412 2559 421 2580; x_wconf 83' lang='lat'><strong>.</strong></span> 
     </span>
    </p>
   </div>
   <div class='ocr_carea' id='block_1_10' title="bbox 207 2617 1343 3606">
    <p class='ocr_par' dir='ltr' id='par_1_12' title="bbox 214 2617 1258 2770">
     <span class='ocr_line' id='line_1_26' title="bbox 214 2617 1258 2708; baseline -0.004 -16"><span class='ocrx_word' id='word_1_175' title='bbox 214 2695 219 2702; x_wconf 78' lang='grc'>,</span> <span class='ocrx_word' id='word_1_176' title='bbox 294 2628 337 2692; x_wconf 83' lang='lat' dir='ltr'>Ut</span> <span class='ocrx_word' id='word_1_177' title='bbox 352 2627 489 2693; x_wconf 81' lang='lat' dir='ltr'>Comites</span> <span class='ocrx_word' id='word_1_178' title='bbox 505 2635 536 2688; x_wconf 84' lang='lat' dir='ltr'>ei</span> <span class='ocrx_word' id='word_1_179' title='bbox 548 2617 675 2690; x_wconf 78' lang='lat' dir='ltr'>iudices</span> <span class='ocrx_word' id='word_1_180' title='bbox 695 2627 775 2687; x_wconf 85' lang='lat' dir='ltr'>viles</span> <span class='ocrx_word' id='word_1_181' title='bbox 782 2647 934 2708; x_wconf 81' lang='lat' dir='ltr'>personas</span> <span class='ocrx_word' id='word_1_182' title='bbox 950 2649 1013 2689; x_wconf 89' lang='lat' dir='ltr'>non</span> <span class='ocrx_word' id='word_1_183' title='bbox 1027 2627 1197 2688; x_wconf 83' lang='lat' dir='ltr'>admittunt</span> <span class='ocrx_word' id='word_1_184' title='bbox 1214 2628 1258 2688; x_wconf 87' lang='lat' dir='ltr'>nd</span> 
     </span>
     <span class='ocr_line' id='line_1_27' title="bbox 664 2711 885 2770; baseline -0.005 0"><span class='ocrx_word' id='word_1_185' title='bbox 664 2711 885 2770; x_wconf 87' lang='lat' dir='ltr'>testimonium.</span> 
     </span>
    </p>

    <p class='ocr_par' dir='ltr' id='par_1_13' title="bbox 207 2789 1343 3606">
     <span class='ocr_line' id='line_1_28' title="bbox 212 2789 1336 2874; baseline -0.007 -14"><span class='ocrx_word' id='word_1_186' title='bbox 212 2857 216 2866; x_wconf 79' lang='grc'><strong>,</strong></span> <span class='ocrx_word' id='word_1_187' title='bbox 278 2789 513 2863; x_wconf 72' lang='lat' dir='ltr'><strong>LXXXVIII.</strong></span> <span class='ocrx_word' id='word_1_188' title='bbox 550 2791 763 2874; x_wconf 85' lang='lat' dir='ltr'>¹Summoperc</span> <span class='ocrx_word' id='word_1_189' title='bbox 780 2792 974 2852; x_wconf 89' lang='lat' dir='ltr'>admonendi</span> <span class='ocrx_word' id='word_1_190' title='bbox 990 2801 1065 2854; x_wconf 90' lang='lat' dir='ltr'>sunt</span> <span class='ocrx_word' id='word_1_191' title='bbox 1079 2794 1216 2857; x_wconf 85' lang='lat' dir='ltr'>Comites</span> <span class='ocrx_word' id='word_1_192' title='bbox 1236 2803 1266 2852; x_wconf 89' lang='lat' dir='ltr'>et</span> <span class='ocrx_word' id='word_1_193' title='bbox 1283 2795 1336 2853; x_wconf 90' lang='lat' dir='ltr'>lu-</span> 
     </span>
     <span class='ocr_line' id='line_1_29' title="bbox 208 2869 1335 2958; baseline -0.005 -17"><span class='ocrx_word' id='word_1_194' title='bbox 208 2869 297 2942; x_wconf 86' lang='lat' dir='ltr'>dices</span> <span class='ocrx_word' id='word_1_195' title='bbox 307 2900 349 2940; x_wconf 87' lang='lat' dir='ltr'>ne</span> <span class='ocrx_word' id='word_1_196' title='bbox 364 2877 446 2942; x_wconf 85' lang='lat' dir='ltr'>viles</span> <span class='ocrx_word' id='word_1_197' title='bbox 463 2887 495 2938; x_wconf 89' lang='lat' dir='ltr'>et</span> <span class='ocrx_word' id='word_1_198' title='bbox 510 2875 657 2958; x_wconf 79' lang='lat' dir='ltr'>indiguas</span> <span class='ocrx_word' id='word_1_199' title='bbox 673 2896 824 2956; x_wconf 85' lang='lat' dir='ltr'>personas</span> <span class='ocrx_word' id='word_1_200' title='bbox 839 2896 944 2935; x_wconf 88' lang='lat' dir='ltr'>coram</span> <span class='ocrx_word' id='word_1_201' title='bbox 964 2897 997 2936; x_wconf 92' lang='lat' dir='ltr'>se</span> <span class='ocrx_word' id='word_1_202' title='bbox 1011 2876 1197 2957; x_wconf 87' lang='lat' dir='ltr'>permittant</span> <span class='ocrx_word' id='word_1_203' title='bbox 1218 2875 1256 2936; x_wconf 90' lang='lat' dir='ltr'>ad</span> <span class='ocrx_word' id='word_1_204' title='bbox 1274 2886 1335 2936; x_wconf 86' lang='lat' dir='ltr'>tes-</span> 
     </span>
     <span class='ocr_line' id='line_1_30' title="bbox 207 2958 1336 3040; baseline -0.007 -14"><span class='ocrx_word' id='word_1_205' title='bbox 207 2961 381 3026; x_wconf 82' lang='lat' dir='ltr'>timonium</span> <span class='ocrx_word' id='word_1_206' title='bbox 403 2960 580 3031; x_wconf 87' lang='lat' dir='ltr'>accedere;</span> <span class='ocrx_word' id='word_1_207' title='bbox 603 2958 756 3039; x_wconf 88' lang='lat' dir='ltr'>quoniam</span> <span class='ocrx_word' id='word_1_208' title='bbox 771 2959 865 3017; x_wconf 87' lang='lat' dir='ltr'>multi</span> <span class='ocrx_word' id='word_1_209' title='bbox 891 2967 965 3017; x_wconf 90' lang='lat' dir='ltr'>sunt</span> <span class='ocrx_word' id='word_1_210' title='bbox 991 2959 1047 3039; x_wconf 90' lang='lat' dir='ltr'>qui</span> <span class='ocrx_word' id='word_1_211' title='bbox 1074 2960 1241 3039; x_wconf 79' lang='lat' dir='ltr'>periurare</span> <span class='ocrx_word' id='word_1_212' title='bbox 1276 2980 1336 3040; x_wconf 89' lang='lat' dir='ltr'>pro</span> 
     </span>
     <span class='ocr_line' id='line_1_31' title="bbox 208 3035 1338 3123; baseline -0.004 -19"><span class='ocrx_word' id='word_1_213' title='bbox 208 3037 314 3106; x_wconf 85' lang='lat' dir='ltr'>nihilo</span> <span class='ocrx_word' id='word_1_214' title='bbox 336 3035 491 3121; x_wconf 78' lang='lat' dir='ltr'>ducunt,</span> <span class='ocrx_word' id='word_1_215' title='bbox 504 3044 538 3104; x_wconf 91' lang='lat' dir='ltr'>in</span> <span class='ocrx_word' id='word_1_216' title='bbox 557 3050 682 3106; x_wconf 86' lang='lat' dir='ltr'>tantum</span> <span class='ocrx_word' id='word_1_217' title='bbox 702 3049 809 3122; x_wconf 82' lang='lat' dir='ltr'>utpro</span> <span class='ocrx_word' id='word_1_218' title='bbox 825 3040 924 3109; x_wconf 82' lang='lat' dir='ltr'>unius</span> <span class='ocrx_word' id='word_1_219' title='bbox 942 3041 1006 3100; x_wconf 89' lang='lat' dir='ltr'>diei</span> <span class='ocrx_word' id='word_1_220' title='bbox 1022 3044 1184 3117; x_wconf 80' lang='lat' dir='ltr'>satietate,</span> <span class='ocrx_word' id='word_1_221' title='bbox 1207 3051 1260 3102; x_wconf 87' lang='lat' dir='ltr'>aut</span> <span class='ocrx_word' id='word_1_222' title='bbox 1279 3063 1338 3123; x_wconf 86' lang='lat' dir='ltr'>pro</span> 
     </span>
     <span class='ocr_line' id='line_1_32' title="bbox 208 3119 1340 3212; baseline -0.004 -25"><span class='ocrx_word' id='word_1_223' title='bbox 208 3128 357 3212; x_wconf 89' lang='lat' dir='ltr'>quolibet</span> <span class='ocrx_word' id='word_1_224' title='bbox 380 3119 479 3210; x_wconf 87' lang='lat' dir='ltr'>parvo</span> <span class='ocrx_word' id='word_1_225' title='bbox 500 3124 627 3208; x_wconf 88' lang='lat' dir='ltr'>pretio,</span> <span class='ocrx_word' id='word_1_226' title='bbox 648 3123 688 3182; x_wconf 87' lang='lat' dir='ltr'>ad</span> <span class='ocrx_word' id='word_1_227' title='bbox 708 3123 923 3184; x_wconf 88' lang='lat' dir='ltr'>iuramentum</span> <span class='ocrx_word' id='word_1_228' title='bbox 938 3124 1077 3196; x_wconf 85' lang='lat' dir='ltr'>conduci</span> <span class='ocrx_word' id='word_1_229' title='bbox 1100 3126 1238 3204; x_wconf 76' lang='lat' dir='ltr'>possint,</span> <span class='ocrx_word' id='word_1_230' title='bbox 1269 3123 1340 3182; x_wconf 87' lang='lat' dir='ltr'>ani-</span> 
     </span>
     <span class='ocr_line' id='line_1_33' title="bbox 208 3203 1338 3292; baseline -0.004 -22"><span class='ocrx_word' id='word_1_231' title='bbox 208 3231 340 3292; x_wconf 83' lang='lat' dir='ltr'>masque</span> <span class='ocrx_word' id='word_1_232' title='bbox 362 3206 434 3272; x_wconf 85' lang='lat' dir='ltr'>suas</span> <span class='ocrx_word' id='word_1_233' title='bbox 455 3203 601 3292; x_wconf 88' lang='lat' dir='ltr'>periurio</span> <span class='ocrx_word' id='word_1_234' title='bbox 621 3205 756 3288; x_wconf 88' lang='lat' dir='ltr'>perdere</span> <span class='ocrx_word' id='word_1_235' title='bbox 785 3207 916 3266; x_wconf 89' lang='lat' dir='ltr'>minime</span> <span class='ocrx_word' id='word_1_236' title='bbox 936 3207 1120 3268; x_wconf 81' lang='lat' dir='ltr'>formident.</span> <span class='ocrx_word' id='word_1_237' title='bbox 1147 3209 1269 3282; x_wconf 61' lang='lat' dir='ltr'>‚Quam</span> <span class='ocrx_word' id='word_1_238' title='bbox 1298 3207 1338 3267; x_wconf 89' lang='lat' dir='ltr'>oh</span> 
     </span>
     <span class='ocr_line' id='line_1_34' title="bbox 207 3289 1340 3374; baseline -0.005 -20"><span class='ocrx_word' id='word_1_239' title='bbox 207 3316 277 3354; x_wconf 89' lang='lat' dir='ltr'>rem</span> <span class='ocrx_word' id='word_1_240' title='bbox 299 3294 379 3354; x_wconf 86' lang='lat' dir='ltr'>tales</span> <span class='ocrx_word' id='word_1_241' title='bbox 409 3313 614 3374; x_wconf 85' lang='lat' dir='ltr'>nequaqnam</span> <span class='ocrx_word' id='word_1_242' title='bbox 637 3289 678 3349; x_wconf 92' lang='lat' dir='ltr'>ad</span> <span class='ocrx_word' id='word_1_243' title='bbox 702 3289 872 3370; x_wconf 89' lang='lat' dir='ltr'>quodlibet</span> <span class='ocrx_word' id='word_1_244' title='bbox 898 3289 1116 3350; x_wconf 88' lang='lat' dir='ltr'>testimoninm</span> <span class='ocrx_word' id='word_1_245' title='bbox 1149 3289 1340 3350; x_wconf 88' lang='lat' dir='ltr'>admittendi</span> 
     </span>
     <span class='ocr_line' id='line_1_35' title="bbox 208 3372 1339 3453; baseline -0.007 -15"><span class='ocrx_word' id='word_1_246' title='bbox 208 3385 291 3441; x_wconf 86' lang='lat' dir='ltr'>sunt.</span> <span class='ocrx_word' id='word_1_247' title='bbox 334 3377 377 3438; x_wconf 81' lang='lat' dir='ltr'>Es</span> <span class='ocrx_word' id='word_1_248' title='bbox 390 3375 454 3436; x_wconf 88' lang='lat' dir='ltr'>hoc</span> <span class='ocrx_word' id='word_1_249' title='bbox 476 3373 674 3448; x_wconf 85' lang='lat' dir='ltr'>notandum,</span> <span class='ocrx_word' id='word_1_250' title='bbox 697 3373 784 3453; x_wconf 93' lang='lat' dir='ltr'>quod</span> <span class='ocrx_word' id='word_1_251' title='bbox 800 3395 864 3432; x_wconf 90' lang='lat' dir='ltr'>non</span> <span class='ocrx_word' id='word_1_252' title='bbox 880 3373 984 3434; x_wconf 91' lang='lat' dir='ltr'>solum</span> <span class='ocrx_word' id='word_1_253' title='bbox 999 3372 1048 3431; x_wconf 91' lang='lat' dir='ltr'>illi</span> <span class='ocrx_word' id='word_1_254' title='bbox 1070 3372 1127 3453; x_wconf 92' lang='lat' dir='ltr'>qui</span> <span class='ocrx_word' id='word_1_255' title='bbox 1151 3372 1339 3453; x_wconf 88' lang='lat' dir='ltr'>periurant,</span> 
     </span>
     <span class='ocr_line' id='line_1_36' title="bbox 208 3454 1343 3542; baseline -0.006 -22"><span class='ocrx_word' id='word_1_256' title='bbox 208 3459 265 3520; x_wconf 90' lang='lat' dir='ltr'>sed</span> <span class='ocrx_word' id='word_1_257' title='bbox 286 3457 383 3519; x_wconf 79' lang='lat' dir='ltr'>etiam</span> <span class='ocrx_word' id='word_1_258' title='bbox 398 3458 456 3541; x_wconf 71' lang='lat' dir='ltr'>qui</span> <span class='ocrx_word' id='word_1_259' title='bbox 469 3456 608 3542; x_wconf 88' lang='lat' dir='ltr'>periuris</span> <span class='ocrx_word' id='word_1_260' title='bbox 622 3455 841 3534; x_wconf 89' lang='lat' dir='ltr'>consentiunt,</span> <span class='ocrx_word' id='word_1_261' title='bbox 862 3456 961 3518; x_wconf 90' lang='lat' dir='ltr'>simili</span> <span class='ocrx_word' id='word_1_262' title='bbox 981 3454 1147 3538; x_wconf 87' lang='lat' dir='ltr'>plectendi</span> <span class='ocrx_word' id='word_1_263' title='bbox 1161 3463 1240 3515; x_wconf 89' lang='lat' dir='ltr'>sunt</span> <span class='ocrx_word' id='word_1_264' title='bbox 1257 3456 1343 3515; x_wconf 89' lang='lat' dir='ltr'>dam-</span> 
     </span>
     <span class='ocr_line' id='line_1_37' title="bbox 208 3541 352 3606; baseline -0.021 -2"><span class='ocrx_word' id='word_1_265' title='bbox 208 3541 352 3606; x_wconf 87' lang='lat' dir='ltr'>natione.</span> 
     </span>
    </p>
   </div>
   <div class='ocr_carea' id='block_1_11' title="bbox 254 3645 1341 3846">
    <p class='ocr_par' dir='ltr' id='par_1_14' title="bbox 254 3645 1341 3846">
     <span class='ocr_line' id='line_1_38' title="bbox 254 3645 1300 3730; baseline -0.004 -19"><span class='ocrx_word' id='word_1_266' title='bbox 254 3647 297 3711; x_wconf 84' lang='lat' dir='ltr'>Ut</span> <span class='ocrx_word' id='word_1_267' title='bbox 317 3648 425 3710; x_wconf 80' lang='lat' dir='ltr'>nulius</span> <span class='ocrx_word' id='word_1_268' title='bbox 447 3646 643 3708; x_wconf 73' lang='lat' dir='ltr'>Christianus</span> <span class='ocrx_word' id='word_1_269' title='bbox 665 3666 795 3707; x_wconf 81' lang='lat' dir='ltr'>munere</span> <span class='ocrx_word' id='word_1_270' title='bbox 812 3647 921 3726; x_wconf 70' lang='lat' dir='ltr'>exigat</span> <span class='ocrx_word' id='word_1_271' title='bbox 936 3665 996 3730; x_wconf 84' lang='lat' dir='ltr'>pro</span> <span class='ocrx_word' id='word_1_272' title='bbox 1018 3647 1158 3727; x_wconf 84' lang='lat' dir='ltr'>quolibet</span> <span class='ocrx_word' id='word_1_273' title='bbox 1170 3645 1300 3730; x_wconf 86' lang='lat' dir='ltr'>placito.</span> 
     </span>
     <span class='ocr_line' id='line_1_39' title="bbox 292 3743 1341 3846; baseline -0.01 -26"><span class='ocrx_word' id='word_1_274' title='bbox 292 3753 483 3820; x_wconf 77' lang='lat' dir='ltr'>LXXXlX.</span> <span class='ocrx_word' id='word_1_275' title='bbox 522 3753 639 3814; x_wconf 85' lang='lat' dir='ltr'>Nullus</span> <span class='ocrx_word' id='word_1_276' title='bbox 650 3752 851 3813; x_wconf 83' lang='lat' dir='ltr'>Christianus</span> <span class='ocrx_word' id='word_1_277' title='bbox 864 3774 922 3833; x_wconf 87' lang='lat' dir='ltr'>pro</span> <span class='ocrx_word' id='word_1_278' title='bbox 937 3751 1082 3833; x_wconf 88' lang='lat' dir='ltr'>quolibet</span> <span class='ocrx_word' id='word_1_279' title='bbox 1092 3751 1211 3846; x_wconf 77' lang='lat' dir='ltr'>placito</span> <span class='ocrx_word' id='word_1_280' title='bbox 1221 3743 1273 3812; x_wconf 69' lang='lat' dir='ltr'>uel</span> <span class='ocrx_word' id='word_1_281' title='bbox 1291 3751 1341 3810; x_wconf 93' lang='lat' dir='ltr'>iu—</span> 
     </span>
    </p>
   </div>
   <div class='ocr_carea' id='block_1_12' title="bbox 208 3833 1344 4173">
    <p class='ocr_par' dir='ltr' id='par_1_15' title="bbox 208 3833 1344 4173">
     <span class='ocr_line' id='line_1_40' title="bbox 209 3833 1342 3922; baseline -0.014 -14"><span class='ocrx_word' id='word_1_282' title='bbox 209 3841 298 3908; x_wconf 87' lang='lat' dir='ltr'>dicio</span> <span class='ocrx_word' id='word_1_283' title='bbox 317 3841 335 3902; x_wconf 79' lang='lat' dir='ltr'>b</span> <span class='ocrx_word' id='word_1_284' title='bbox 358 3838 506 3922; x_wconf 80' lang='lat' dir='ltr'>qualibet</span> <span class='ocrx_word' id='word_1_285' title='bbox 526 3857 664 3919; x_wconf 86' lang='lat' dir='ltr'>persona</span> <span class='ocrx_word' id='word_1_286' title='bbox 680 3857 816 3896; x_wconf 88' lang='lat' dir='ltr'>munera</span> <span class='ocrx_word' id='word_1_287' title='bbox 842 3836 971 3916; x_wconf 75' lang='lat' dir='ltr'>exigere</span> <span class='ocrx_word' id='word_1_288' title='bbox 989 3845 1044 3894; x_wconf 88' lang='lat' dir='ltr'>aut</span> <span class='ocrx_word' id='word_1_289' title='bbox 1066 3856 1211 3916; x_wconf 79' lang='lat' dir='ltr'>accipere</span> <span class='ocrx_word' id='word_1_290' title='bbox 1234 3833 1342 3911; x_wconf 86' lang='lat' dir='ltr'>dehet,</span> 
     </span>
     <span class='ocr_line' id='line_1_41' title="bbox 208 3917 1344 4012; baseline -0.014 -22"><span class='ocrx_word' id='word_1_291' title='bbox 208 3924 363 4012; x_wconf 89' lang='lat' dir='ltr'>quoniam</span> <span class='ocrx_word' id='word_1_292' title='bbox 382 3922 416 3984; x_wconf 90' lang='lat' dir='ltr'>id</span> <span class='ocrx_word' id='word_1_293' title='bbox 437 3921 547 3983; x_wconf 74' lang='lat' dir='ltr'>diviua</span> <span class='ocrx_word' id='word_1_294' title='bbox 575 3918 741 4001; x_wconf 83' lang='lat' dir='ltr'>Scriptura</span> <span class='ocrx_word' id='word_1_295' title='bbox 765 3919 876 3980; x_wconf 88' lang='lat' dir='ltr'>multis</span> <span class='ocrx_word' id='word_1_296' title='bbox 903 3919 937 3977; x_wconf 89' lang='lat' dir='ltr'>in</span> <span class='ocrx_word' id='word_1_297' title='bbox 961 3917 1040 3980; x_wconf 83' lang='lat' dir='ltr'>locis</span> <span class='ocrx_word' id='word_1_298' title='bbox 1066 3935 1179 4000; x_wconf 82' lang='lat' dir='ltr'>magna</span> <span class='ocrx_word' id='word_1_299' title='bbox 1208 3917 1344 3976; x_wconf 88' lang='lat' dir='ltr'>interdi-</span> 
     </span>
     <span class='ocr_line' id='line_1_42' title="bbox 209 4001 1344 4084; baseline -0.011 -12"><span class='ocrx_word' id='word_1_300' title='bbox 209 4013 256 4072; x_wconf 88' lang='lat' dir='ltr'>cit</span> <span class='ocrx_word' id='word_1_301' title='bbox 275 4005 475 4080; x_wconf 78' lang='lat' dir='ltr'>auctoritalc,</span> <span class='ocrx_word' id='word_1_302' title='bbox 497 4013 632 4065; x_wconf 83' lang='lat' dir='ltr'>testante</span> <span class='ocrx_word' id='word_1_303' title='bbox 657 4002 841 4084; x_wconf 88' lang='lat' dir='ltr'>Scriptura,</span> <span class='ocrx_word' id='word_1_304' title='bbox 864 4023 947 4084; x_wconf 86' lang='lat' dir='ltr'>quae</span> <span class='ocrx_word' id='word_1_305' title='bbox 972 4001 1032 4064; x_wconf 80' lang='lat' dir='ltr'>ait:</span> <span class='ocrx_word' id='word_1_306' title='bbox 1062 4003 1197 4062; x_wconf 77' lang='lat' dir='ltr'>Munera</span> <span class='ocrx_word' id='word_1_307' title='bbox 1225 4019 1344 4062; x_wconf 84' lang='lat' dir='ltr'>excoc-</span> 
     </span>
     <span class='ocr_line' id='line_1_43' title="bbox 209 4081 1178 4173; baseline -0.018 -14"><span class='ocrx_word' id='word_1_308' title='bbox 209 4107 282 4158; x_wconf 81' lang='lat' dir='ltr'>cttnt</span> <span class='ocrx_word' id='word_1_309' title='bbox 304 4091 413 4156; x_wconf 83' lang='lat' dir='ltr'>oculos</span> <span class='ocrx_word' id='word_1_310' title='bbox 433 4087 631 4173; x_wconf 83' lang='lat' dir='ltr'>sapientium,</span> <span class='ocrx_word' id='word_1_311' title='bbox 650 4081 684 4146; x_wconf 65' lang='lat' dir='ltr'>&#39;et</span> <span class='ocrx_word' id='word_1_312' title='bbox 705 4086 889 4146; x_wconf 80' lang='lat' dir='ltr'>subvertunt</span> <span class='ocrx_word' id='word_1_313' title='bbox 908 4085 1002 4146; x_wconf 80' lang='lat' dir='ltr'>verbu</span> <span class='ocrx_word' id='word_1_314' title='bbox 1015 4087 1178 4146; x_wconf 85' lang='lat' dir='ltr'>iustorum.</span> 
     </span>
    </p>
   </div>
   <div class='ocr_carea' id='block_1_13' title="bbox 219 4183 1446 4362">
    <p class='ocr_par' dir='ltr' id='par_1_16' title="bbox 219 4183 1446 4362">
     <span class='ocr_line' id='line_1_44' title="bbox 363 4183 1155 4278; baseline -0.015 -17"><span class='ocrx_word' id='word_1_315' title='bbox 363 4269 367 4275; x_wconf 30' lang='lat'><strong>¹</strong></span> <span class='ocrx_word' id='word_1_316' title='bbox 392 4197 442 4260; x_wconf 85' lang='lat' dir='ltr'>De</span> <span class='ocrx_word' id='word_1_317' title='bbox 464 4196 657 4278; x_wconf 77' lang='lat' dir='ltr'>rebusquue</span> <span class='ocrx_word' id='word_1_318' title='bbox 683 4185 821 4272; x_wconf 82' lang='lat' dir='ltr'>Pagonis</span> <span class='ocrx_word' id='word_1_319' title='bbox 847 4214 910 4253; x_wconf 90' lang='lat' dir='ltr'>non</span> <span class='ocrx_word' id='word_1_320' title='bbox 931 4183 1155 4272; x_wconf 75' lang='lat' dir='ltr'>conceduntur.</span> 
     </span>
     <span class='ocr_line' id='line_1_45' title="bbox 219 4273 1446 4362; baseline -0.016 -13"><span class='ocrx_word' id='word_1_321' title='bbox 219 4307 221 4310; x_wconf 85' lang='lat'>·</span> <span class='ocrx_word' id='word_1_322' title='bbox 292 4277 365 4347; x_wconf 81' lang='lat' dir='ltr'>XC.</span> <span class='ocrx_word' id='word_1_323' title='bbox 407 4281 479 4344; x_wconf 86' lang='lat' dir='ltr'>Non</span> <span class='ocrx_word' id='word_1_324' title='bbox 506 4278 602 4342; x_wconf 86' lang='lat' dir='ltr'>liceat</span> <span class='ocrx_word' id='word_1_325' title='bbox 625 4275 818 4339; x_wconf 87' lang='lat' dir='ltr'>Christianis</span> <span class='ocrx_word' id='word_1_326' title='bbox 843 4277 1035 4338; x_wconf 89' lang='lat' dir='ltr'>ludaeorum</span> <span class='ocrx_word' id='word_1_327' title='bbox 1060 4293 1169 4356; x_wconf 87' lang='lat' dir='ltr'>neque</span> <span class='ocrx_word' id='word_1_328' title='bbox 1196 4273 1343 4354; x_wconf 79' lang='lat' dir='ltr'>Pagnno·</span> <span class='ocrx_word' id='word_1_329' title='bbox 1445 4357 1446 4362; x_wconf 7' lang='grc' dir='ltr'>η</span> 
     </span>
    </p>
   </div>
   <div class='ocr_carea' id='block_1_14' title="bbox 0 0 1463 4980">
    <p class='ocr_par' dir='ltr' id='par_1_17' title="bbox 0 0 1463 4980">
     <span class='ocr_line' id='line_1_46' title="bbox 0 0 1463 4980; baseline 0 0"><span class='ocrx_word' id='word_1_330' title='bbox 0 0 1463 4980; x_wconf 95' lang='lat' dir='ltr'> </span> 
     </span>
    </p>
   </div>
  </div>
 </body>
</html>
