2926 4986
500 344 617 403 maan
656 344 857 408 sarriana.
1176 334 1247 407 tat
1295 405 1297 416 Α

113 490 237 562 mutes,
259 479 391 546 nisi-ilii
407 481 465 568 qui
480 484 598 569 primas
615 486 707 548 sedes
726 495 859 564 teuent,
880 492 912 549 et
931 505 1012 568 quos
1027 489 1129 551 sancti
1138 491 1251 554 Patres

114 565 264 648 synodali
278 577 310 628 et
323 568 498 648 apostolica
514 569 712 630 anctoritate
739 569 894 630 Primates
926 589 994 630 esse
1023 568 1249 640 decreverunt.

112 648 345 729 Reliquirero
362 650 420 731 qni
441 650 518 711 alias
537 652 800 733 metropolitanas
818 650 909 726 sedes
924 659 1002 712 sunt
1021 651 1150 738 adepti,
1182 675 1247 717 non

71 793 74 800 ,
111 729 292 809 Primates,
313 732 370 792 sed
390 733 632 815 Metropolitani
651 742 819 799 vocentur,
1026 753 1029 761 ·

133 835 184 896 De
201 834 420 916 familiaribus
448 838 496 897 vel
526 840 724 912 bominibus,
752 851 816 898 tam
843 839 965 910 liberis,
988 859 1081 920 quarn
1103 843 1224 913 servir,

146 919 320 980 Dominum
346 922 574 993 accusantibus,
599 923 647 990 vel
661 934 782 982 secreta
808 922 873 981 eius
892 919 1115 1005 prodentibus,
1138 923 1220 1004 quid
1281 995 1285 1000 Ι

568 1002 725 1082 agendum
748 1004 816 1076 sit„

199 1105 383 1174 CCCCXL.
435 1108 470 1169 si
489 1107 562 1189 quis
582 1129 621 1170 ex
639 1108 851 1170 familiaribus
871 1108 991 1171 vel-ex
1013 1109 1112 1172 servis
1138 1111 1257 1174 errius-¹

113 1188 196 1251 libet
223 1190 335 1251 domus
363 1189 586 1271 cuiuscunque
626 1191 770 1268 criminis
801 1191 926 1252 delator
954 1201 1050 1274 atque
1084 1205 1251 1255 accusator

113 1273 300 1350 emerserit,
323 1273 393 1334 eius
412 1270 648 1334 existimatione
677 1283 773 1354 caput
792 1283 889 1355 atque
910 1275 1056 1335 fortunas
1088 1277 1250 1354 petiturus

113 1354 206 1415 cuius
221 1354 432 1432 familiaritati
453 1355 504 1416 vel
529 1355 672 1416 dominio
696 1356 891 1432 inhaeserit,
921 1367 994 1417 ante
1015 1356 1250 1420 exhibitionem

109 1437 260 1515 testium,
282 1447 356 1499 ante
370 1437 588 1500 examinatum
608 1437 787 1516 iudicium,
811 1438 844 1498 in
872 1438 939 1520 ipsa
959 1439 1159 1521 expositione
1183 1442 1250 1501 cri-

111 1519 238 1579 minum
258 1530 354 1602 atque
371 1520 582 1581 accusationis
600 1521 753 1596 exordio,
776 1519 881 1581 ultore
898 1520 1004 1603 gladio
1019 1521 1173 1601 feriatur.¹
1186 1521 1250 1585 Vo-

113 1623 185 1662 cem
203 1602 291 1663 enim
319 1605 478 1663 funestam
506 1603 612 1682 potius
641 1603 814 1680 intercidi,
845 1626 943 1685 quam
978 1603 1083 1663 audiri
1111 1614 1249 1688 oportet.

110 1677 233 1745 Eorum
255 1706 333 1746 vero
349 1685 519 1748 accusandi
532 1684 720 1747 Sacerdotes
736 1685 788 1746 vel
810 1686 1003 1746 testificandi
1025 1686 1057 1745 in
1075 1707 1128 1762 eos
1145 1687 1249 1748 osob·

111 1766 263 1828 struimus
274 1789 358 1850 ⁴quos
377 1790 441 1843 non
459 1767 621 1846 humanis,
641 1767 698 1829 sed
713 1767 831 1829 divinis
848 1769 1000 1846 vocilius,
1021 1779 1162 1829 mortuos
1181 1790 1248 1831 esse

111 1848 239 1916 scimus.
281 1850 387 1934 Supra
409 1872 436 1912 c.
460 1852 534 1916 322.

113 1954 209 2036 Quod
223 1955 376 2039 Episcopi
394 1954 413 2014 b
440 1957 535 2028 Deo,
562 1955 649 2016 cuius
674 1957 763 2016 servi
778 1951 938 2028 existunt,
969 1957 1032 2017 sint
1054 1955 1224 2016 iudicandi
1233 2002 1247 2030 ,

110 2037 302 2113 accusandi,
330 2038 386 2096 uel
405 2037 599 2106 danmandi;
631 2041 705 2120 quia
720 2041 813 2098 iuxta
829 2038 1036 2121 Apostolum,
1061 2061 1150 2098 nemo
1174 2040 1247 2098 alie·

110 2139 185 2178 num
206 2141 329 2180 servum
344 2120 437 2181 debet
451 2119 602 2180 iudicare.
633 2121 676 2181 Et
696 2120 784 2203 quod
803 2142 866 2180 non
882 2122 921 2181 ab
938 2123 1081 2179 humanis
1102 2133 1156 2178 aut
1175 2141 1250 2202 pra-

108 2221 170 2260 uae
197 2203 284 2261 vitae
315 2203 491 2264 bominibus
521 2204 585 2263 sint
617 2202 799 2280 lacerandi,
833 2204 902 2286 ipso
935 2202 1069 2265 Domino
1108 2203 1248 2281 regulam

603 2286 768 2350 tribuente.

201 2387 401 2450 CCCCXLI.
457 2386 609 2472 Episcopi
628 2392 644 2450 ai
661 2392 732 2450 Deo
751 2387 916 2450 iudicandi
933 2396 1026 2465 sunt,
1050 2408 1115 2448 non
1138 2388 1175 2448 ab
1192 2385 1251 2449 hu·

115 2470 217 2532 manis
231 2482 286 2532 aut
305 2479 418 2555 pravae
443 2473 529 2534 vitae
546 2472 738 2532 hominibus·
759 2482 835 2534 sunt
869 2470 1051 2544 lacerandi,
1084 2470 1154 2552 ipso
1182 2474 1251 2532 Do·

115 2553 204 2612 mino
226 2556 411 2637 exemplum
427 2555 523 2616 dante
539 2555 669 2637 quaudo
690 2575 748 2637 per
766 2554 891 2637 ipsum,
914 2562 947 2616 et
971 2573 1034 2612 non
1061 2573 1120 2634 per
1148 2553 1249 2628 alios,

113 2634 293 2697 vendentes
311 2646 343 2698 et
358 2647 501 2700 ementes
523 2638 621 2700 eiecit
639 2638 678 2699 de
702 2638 844 2718 templo,
867 2646 899 2696 et
920 2657 1043 2695 mensas
1072 2634 1254 2693 nummula-¹

114 2717 237 2778 riorum
249 2719 380 2799 proprio
405 2720 522 2781 evertit
544 2719 689 2803 flagello,
713 2729 746 2781 et
763 2719 859 2778 eiecit
877 2718 916 2778 de
934 2717 1066 2798 templo.
1108 2717 1149 2776 Et
1167 2717 1252 2777 sicut

114 2799 193 2858 alibi
215 2801 277 2859 ait:
301 2803 387 2861 Deus
414 2805 501 2864 stetit
528 2803 562 2863 in
590 2823 747 2883 synagoga
776 2801 917 2863 Deorum
925 2839 938 2873 ,
962 2800 995 2860 in
1019 2797 1124 2860 medio
1147 2810 1251 2860 autem

114 2882 200 2942 Deos
221 2881 384 2944 discernit.

286 2988 335 3048 De
355 2990 403 3048 bis
418 2991 473 3074 qui
496 3012 528 3051 se
552 2987 637 3072 ipsos
654 3007 836 3072 quocunque
852 2985 946 3048 morlo
965 2998 1099 3046 necant..
1179 3015 1182 3024 ·

184 3093 419 3166 ¹CCCCXLII.
470 3097 668 3176 Quicunque
689 3116 721 3154 se
739 3093 869 3176 propria
891 3095 1057 3154 voluntate
1080 3103 1135 3154 ant
1162 3092 1195 3153 in
1220 3116 1251 3154 a·

117 3196 214 3256 quam
231 3175 416 3253 iactaverit,
440 3188 493 3237 aut
512 3179 632 3238 collum
648 3176 812 3258 ligaverit,
835 3185 890 3236 aut
909 3176 948 3236 de
964 3173 1076 3234 arbore
1093 3175 1251 3258 praecipi·

116 3258 244 3334 taverit,
262 3267 317 3318 aut
333 3260 417 3318 ferro
435 3262 647 3340 percusserit,
670 3267 725 3318 aut
739 3257 873 3319 cuilibet
886 3257 1088 3319 voluntariae
1109 3280 1142 3321 se
1156 3257 1252 3320 morti

117 3340 303 3418 tradiderit,
326 3340 458 3402 istorum
474 3343 593 3403 oblatio
614 3364 680 3402 non
702 3340 891 3422 recipietur.

298 3493 301 3500 .
363 3449 412 3506 De
435 3449 483 3507 bis
503 3450 559 3531 qui
583 3448 738 3508 Clericum
763 3446 996 3505 iniuriaverint.

199 3551 436 3634 CCCCXLIll.
490 3553 687 3634 Quicunque
715 3552 821 3612 ludex
848 3559 905 3612 aut
925 3551 1088 3614 secularis
1114 3551 1253 3636 Presby-

117 3641 187 3695 tero
209 3637 439 3710 autDiacono,
463 3648 517 3697 aut
535 3637 670 3697 cuilibet
686 3635 725 3695 de
743 3636 841 3709 clero,
859 3643 913 3693 am
931 3635 970 3693 de
993 3634 1175 3695 iunioribus
1190 3658 1254 3694 ma·

117 3716 176 3778 tris
198 3718 380 3794 Ecclesiae,
403 3721 522 3800 absque
549 3717 714 3778 audientia
738 3715 890 3798 Episcopi
921 3715 972 3775 vel
998 3715 1254 3792 Archidiaconi,

117 3798 168 3858 vel
189 3798 487 3884 Archipresbyteri,
509 3800 661 3860 iniuriam
688 3801 810 3860 inferre
834 3799 1098 3880 praesumpserit,
1121 3797 1254 3859 anathe-

118 3899 169 3938 ma
190 3881 228 3940 ab
246 3883 389 3942 omnium
405 3882 662 3944 Christianorum
680 3880 842 3944 consortio
861 3879 1027 3946 habeatur.
1071 3879 1111 3946 V.
1132 3901 1198 3961 ¹9²·

119 4007 168 4070 Ne
185 4009 276 4071 Laici
292 4007 438 4072 intersint
456 4009 582 4095 qrtando
603 4011 753 4072 canonica
778 4011 849 4068 iura
867 4009 1073 4086 ventilantur,
1092 4006 1148 4069 uel
1163 4027 1256 4090 regu·

185 4092 266 4152 laria
293 4098 535 4166 examinantur,
558 4095 621 4154 nisi
641 4095 674 4152 in
692 4094 826 4176 propria
842 4103 1029 4150 ,accusentur
1047 4111 1195 4174 persona.

204 4197 437 4260 CCCCXLlV.
489 4198 628 4274 Quando
646 4220 683 4259 ea
704 4219 787 4279 quae
806 4195 962 4257 canonica
990 4206 1066 4257 sunt
1091 4198 1258 4260 ventilan-

119 4289 193 4362 tur,
217 4281 270 4346 vel
291 4282 449 4364 quaedam
465 4281 626 4367 regularia
646 4281 891 4355 examinantur,
916 4299 976 4342 nec
1007 4279 1134 4346 Iudices
1167 4300 1257 4345 sceu-

868 4391 916 4466 49
