2948 4990
518 317 632 376 num
652 315 807 377 snmus.
875 311 877 316 ·
1157 307 1229 386 657

103 459 164 556 qui
186 457 256 520 sine
278 454 365 518 omni
386 447 458 536 lege¹
476 456 658 540 vagabundi
674 458 797 520 vadunt
810 479 870 540 per
887 458 977 522 istam
997 459 1142 542 terram,
1162 488 1228 528 non

100 549 254 605 sinantur
267 558 380 620 vagare
402 547 435 596 et
452 536 661 620 deceptiones
684 540 718 599 in
736 540 919 603 bominibus
940 565 1048 626 agere;
1070 547 1126 628 qui
1150 551 1231 611 nudi

101 639 180 685 c'um
200 623 288 681 ferro
304 619 416 681 dicunt
438 619 557 681 alicubi
580 623 686 682 datam
713 622 774 682 sibi
800 621 1058 706 poenitentiam,
1079 639 1230 711 'vagantes

101 706 302 766 discurrunt.
343 699 460 762 Melius
483 703 568 762 enim
583 703 712 764 videtur
726 715 761 764 ut
780 705 805 765 si
821 705 943 787 aliquid
959 708 1231 774 inconsuetum'et

99 785 241 870 capitale
258 783 379 844 crimen
402 784 635 862 commiserint,
658 785 691 844 in
720 809 786 846 uno
815 788 887 848 loco
909 802 1116 870 permaneant
1141 794 1231 855 labo-

97 877 212 930 rantes
233 876 266 926 et
279 865 474 942 servientes,
497 876 528 926 et
544 866 775 949 poenitentiam
790 879 930 950 agenteS,
951 874 1129 934 secundum
1142 875 1231 959 quod

99 951 168 1014 sibi
197 947 352 1011 canonice
373 945 566 1030 impositum·
584 949 634 1010 sit.
675 951 758 1010 leid.
773 972 799 1011 c.
816 973 863 1033 77.
917 969 920 976 ·
962 949 965 956 ’

511 1031 566 1090 Ex
583 1031 693 1115 quibus
717 1053 821 1116 supra.

363 1110 709 1175 Genauauirraa
755 1133 979 1177 ounrnus.

190 1191 412 1256 CCCLXXX.
455 1195 645 1271 statuimus,
666 1197 845 1256 secundum
864 1198 951 1278 quod
970 1199 1001 1256 in
1022 1198 1109 1282 Lege
1123 1203 1232 1264 Domi-

98 1299 167 1340 nus
182 1274 363 1359 praecepit,
385 1284 420 1335 ut
433 1297 528 1359 opera
549 1277 678 1339 servilia
692 1277 804 1339 diebus
821 1277 990 1341 dominicis
1005 1301 1069 1340 non
1085 1295 1231 1364 agantur,

103 1361 195 1422 sicut
211 1359 358 1418 ethonae
385 1358 555 1419 memoriae
584 1359 710 1441 genitor
735 1369 845 1421 noster
871 1362 905 1421 in
932 1362 996 1422 suis
1025 1367 1231 1444 synodalibus

96 1440 227 1504 Edictis
249 1439 428 1515 mandavit,
452 1448 487 1500 ut
507 1441 569 1503 viri
588 1441 664 1502 talia
681 1463 777 1523 opera
799 1461 864 1502 non
882 1445 1073 1523 exerceant,
1095 1445 1157 1506 hoc
1173 1458 1231 1524 est,

98 1523 217 1584 necin
237 1522 330 1584 vinea
349 1521 545 1604 colligendo,
567 1543 627 1585 nec
645 1523 677 1583 in
694 1523 812 1606 campis
829 1526 964 1602 arando,
986 1528 1156 1604 metendo,
1179 1531 1232 1590 vel

97 1607 240 1666 foenum
260 1603 418 1681 secando,
441 1605 493 1665 sel
509 1613 616 1686 sepem
631 1606 802 1689 ponendo,
824 1627 884 1668 nec
905 1608 1057 1668 concides
1078 1610 1244 1691 stirpare,

97 1687 160 1750 vel
180 1688 308 1747 arbores
327 1686 476 1762 caedere,
499 1687 551 1749 rel
568 1687 602 1748 iu
624 1687 723 1770 petris
745 1687 907 1766 laborare,
930 1710 999 1759 nee,
1021 1690 1131 1751 domos
1157 1713 1233 1752 con·

69 1825 76 1834 .
97 1779 250 1845 struere,
274 1767 386 1828 necin
406 1767 499 1828 horto
517 1768 681 1847 laborent,
705 1790 765 1830 nec
784 1769 824 1830 ad
836 1769 990 1852 placitum
1015 1772 1232 1851 conveniant,

100 1871 170 1912 nec
192 1849 382 1913 venationes
409 1861 587 1918 exerceant.
630 1851 694 1912 Sed
721 1851 783 1912 tria
815 1852 1035 1912 tantummodo
1062 1875 1178 1934 opera,
1206 1857 1234 1916 si

98 1934 279 1996 necessitas
297 1932 456 2014 ingruerit
470 1955 610 2011 summe,
634 1942 746 2015 agant,
769 1943 800 1995 et
813 1955 876 1994 non
893 1934 973 2011 alia,
996 1934 1028 1994 id
1053 1945 1119 2013 est,
1143 1957 1235 1998 carra

97 2016 255 2092 hostilia,
280 2014 330 2075 vel
348 2014 518 2092 victualia,
543 2016 594 2077 vel
608 2014 635 2076 si
655 2018 738 2077 forte
766 2037 896 2077 necesse
919 2015 1019 2076 fuerit
1042 2037 1161 2100 corpus
1181 2041 1235 2078 cu-

100 2098 238 2159 iuslibet
257 2097 374 2158 ducere
390 2096 430 2157 ad
448 2097 665 2180 sepulchrum.
707 2097 789 2158 ltem
804 2097 954 2159 similiter
974 2119 1069 2181 opera
1090 2101 1234 2161 textrilia

101 2201 173 2240 non
192 2179 333 2256 faciant,
356 2200 417 2239 nec
442 2181 609 2260 capulent,
633 2200 693 2240 nec
712 2191 884 2257 consuant,
907 2201 968 2241 nec
993 2201 1089 2262 opera
1102 2183 1234 2264 pectilia

99 2263 247 2338 faciant,
270 2261 619 2345 neclanamcurpere,
644 2282 705 2322 nec
719 2262 821 2320 linum
839 2263 979 2340 battere,
1010 2283 1070 2322 nec
1105 2266 1138 2322 in
1170 2287 1234 2346 pu-

100 2345 192 2405 blico
209 2342 398 2404 vestimenta
416 2343 532 2421 lavare,
556 2364 615 2405 nec
633 2344 777 2406 vervices
793 2346 927 2406 tondere
942 2344 1081 2404 habeant
1093 2345 1232 2421 licitum,

102 2437 144 2486 ut
161 2425 351 2487 omnimodis
366 2425 545 2485 honoretur
561 2426 628 2486 dies
651 2425 841 2502 dominicus,
864 2427 1056 2508 requiesque
1074 2437 1232 2496 servetur;

101 2510 258 2589 quatinus
273 2509 312 2567 ad
329 2508 495 2568 Missurum
509 2507 663 2568 solemnia
683 2517 716 2567 et
733 2509 771 2568 ad
781 2508 957 2568 Ecclesiam
973 2505 1117 2588 undique
1130 2509 1232 2568 libere

103 2591 327 2665 conveniant,
349 2599 381 2650 et
396 2590 523 2651 laudem
536 2592 607 2650 'Deo
623 2609 682 2672 pro
700 2591 847 2650 omnibus
868 2591 960 2650 bo'nis
979 2609 1061 2670 quae
1088 2591 1180 2650 nohis
1196 2590 1233 2648 in

103 2675 161 2732 illa
182 2674 235 2733 die
257 2672 355 2749 l'ecit,
377 2672 494 2736 dicant.
536 2671 686 2753 Legimus
700 2672 807 2748 euim,
828 2671 980 2752 Apostolo
997 2670 1141 2732 dicente:
1163 2673 1234 2732 Mu·

103 2754 222 2837 nisesta
238 2767 339 2813 autem
362 2767 433 2812 sunt
452 2774 548 2838 opera
566 2757 689 2823 carnis;
710 2766 894 2835 quaesunt,
910 2753 1154 2833 fornicationes,
1176 2755 1233 2810 im·

102 2836 292 2905 munditiae,
316 2836 474 2910 luxuriae,
496 2835 655 2896 idolorum
674 2837 819 2912 seruitus,
840 2833 1014 2917 veneficia,
1035 2834 1231 2904 inimicitiae,

103 2920 338 2989 contentiones,
360 2917 602 2988 aemulationes,
637 2919 869 2988 animositates,
898 2919 984 2991 irae,
1014 2915 1130 2987 rixae,
1165 2915 1234 2973 dis-

103 3001 284 3072 sensiones,
309 3001 472 3068 haereses,
496 3012 617 3071 sectae,
642 2999 783 3058 invidiae
792 3043 805 3071 ,
829 2997 1022 3074 homicidia,
1044 2997 1228 3064 ebrietutm,

106 3082 367 3152 comessationes,
389 3092 420 3138 et
436 3081 484 3140 bis
506 3081 620 3140 similia
627 3105 639 3149 ,·
659 3102 736 3165 quac
753 3079 905 3164 praedico
919 3080 1010 3140 vobis
1019 3123 1032 3149 ,
1055 3080 1134 3138 sicut
1143 3099 1234 3160 prue-

106 3162 198 3242 disci,
222 3165 367 3244 quoniam
384 3163 440 3243 qui
463 3163 540 3222 talia
565 3175 677 3241 agunt,
700 3183 827 3240 regnum
850 3163 913 3222 Dei
935 3183 997 3221 non
1019 3161 1234 3242 possidebunt.

105 3243 185 3306 Ideo
206 3245 288 3305 hacc
311 3245 422 3305 eadem
441 3265 523 3324 quae
547 3253 678 3325 magnus
710 3243 912 3324 praedicator
942 3243 977 3302 in
1004 3241 1150 3302 Ecclesia
1173 3241 1235 3300 Dei

106 3325 294 3409 singillatim
328 3325 521 3404 nominavit,
552 3349 625 3387 cum
646 3326 752 3386 studio
780 3325 968 3406 prohibete,
1008 3322 1235 3405 intellegentes

108 3429 201 3488 quam
223 3410 265 3470 sit
283 3408 428 3470 terribile
445 3406 528 3470 illud
552 3408 639 3491 quod
659 3408 757 3468 dixit:
782 3409 845 3489 Qui
860 3409 937 3468 talia
959 3417 1078 3486 agunt,
1108 3425 1236 3483 regnum

29 3531 31 3548 ἦ
110 3492 167 3550 Dei
194 3513 259 3551 non
284 3501 517 3571 consequentur.
571 3493 613 3550 Et
637 3490 725 3552 omni
759 3488 909 3549 instantia
938 3485 1118 3572 praedicate
1141 3485 1238 3546 fidem

35 3631 40 3639 ,
114 3573 284 3634 tenendam
298 3575 445 3636 Domino.
486 3575 536 3633 De
551 3572 731 3632 bumilitate
747 3591 825 3632 vero
843 3579 875 3630 et
891 3569 1064 3654 patientia,
1087 3569 1126 3628 de
1148 3569 1238 3628 casti-

111 3661 169 3714 tate
186 3666 218 3716 et
241 3656 460 3732 continentia,
484 3654 523 3715 de
540 3653 736 3735 benignitate
759 3661 790 3712 et
809 3651 1045 3729 misericordia,
1081 3651 1120 3710 de
1148 3649 1237 3710 elee-

33 3743 35 3764 “
112 3737 246 3820 mosynis
280 3745 312 3798 et
339 3736 540 3798 confessione
567 3746 772 3818 peccatorum
802 3756 953 3815 suorum,
977 3745 1009 3796 et
1038 3730 1238 3793 debitoribus

114 3818 192 3893 suis,
215 3829 252 3878 ut
267 3819 443 3880 secundum
457 3819 659 3880 Dominicam
681 3817 869 3878 Orationem
889 3817 1038 3880 omnibus
1051 3836 1108 3876 sua
1131 3813 1256 3896 dehita,

116 3897 287 3974 dimittant,
310 3913 442 3964 cunctos
461 3911 600 3964 monete.
641 3899 726 3962 Ibid.
745 3921 771 3964 c.
789 3920 837 3980 79.

514 4008 570 4068 Ex
584 4007 694 4090 quibus
712 4025 818 4088 supra.

272 4092 275 4102 ¹
357 4085 726 4152 Sacranorrnus
759 4101 991 4150 omnisne.

189 4171 413 4235 ccctxxxt.
457 4167 657 4233 Studendum
686 4181 735 4231 est
770 4167 938 4251 Episcopis
973 4175 1010 4226 ut
1047 4165 1238 4232 dissidentes

117 4247 219 4317 tunes
240 4251 340 4336 magis
361 4255 402 4316 ad
417 4275 528 4342 pacem
543 4275 638 4340 quam
660 4251 700 4316 ad
716 4249 872 4316 iudicium
893 4247 1113 4318 cohortentur.

891 4363 940 4436 4²
