2926 4984
208 305 302 404 538,
662 333 949 392 carirunaruuu

336 467 385 528 Dc
402 487 439 528 eo
459 467 515 547 qai
534 489 657 530 causam
673 471 844 534 iudicatam
860 486 1000 559 repetere
1013 475 1193 558 praesumit.

288 573 494 638 CLXXXIII.
535 577 569 638 si
579 577 650 659 quis
662 600 786 640 causam
805 581 975 642 iudicatam
989 589 1135 662 repetere
1148 600 1332 664 praesump-

204 657 284 720 serit
303 657 337 717 in
357 658 464 735 mallo,
487 658 596 742 ibique
612 661 745 722 testibus
764 663 931 723 convictus
950 664 1057 739 fuerit,
1076 672 1130 721 aut
1145 662 1332 742 quindecim

205 740 325 801 solidos
346 751 526 822 componat,
549 751 602 801 ant
617 743 804 824 quindecim
820 745 900 805 ictus
917 746 956 805 ab
974 745 1118 806 scabinis
1134 744 1190 826 qui
1205 766 1331 806 causam

202 823 294 906 prius
314 821 548 903 iudicaverunt,
571 825 712 908 accipiat.
755 827 861 910 Supra
875 827 944 892 Lib.
965 832 1030 889 III.
1044 846 1070 892 c.
1088 827 1139 887 31.

549 951 598 1014 De
616 953 742 1017 Colonis
758 967 788 1016 et
806 955 984 1023 Fi'scalinis.

285 1053 486 1122 CLXXXIV.
529 1059 572 1120 Ut
588 1081 650 1120 nec
666 1061 798 1122 colonus
815 1081 876 1124 uec
893 1059 1055 1124 fiscalinus
1070 1061 1194 1143 possint
1210 1060 1330 1124 alicubi

203 1137 392 1203 traditiones
412 1142 530 1203 facere.
570 1141 655 1205 Ibid.
678 1164 705 1204 c.
726 1144 776 1204 36.

576 1249 625 1308 Dc
641 1250 709 1310 vita
726 1249 962 1312 Canonicorum.

284 1351 472 1418 CLXXXV.
514 1351 553 1414 ln
574 1355 720 1417 omuibus
741 1355 850 1438 igitur,
870 1365 1028 1438 quantum
1045 1354 1186 1416 humana
1201 1355 1328 1438 permit·

201 1432 244 1494 tit
259 1433 425 1517 fragilitas,
448 1435 648 1500 decrevimus
664 1446 700 1499 ut
719 1438 875 1500 Canonici
897 1439 1018 1499 Clerici
1031 1439 1185 1500 canonice
1205 1438 1327 1514 vivant,

205 1515 409 1580 observantes
425 1517 555 1582 divinae
574 1519 758 1603 Scripturas
777 1520 956 1581 doctrinam
974 1531 1005 1582 et
1029 1520 1221 1582 documenta
1234 1541 1327 1581 sanc-

201 1605 310 1659 torum
330 1600 473 1678 Patrum,
496 1609 528 1661 et
548 1601 630 1662 nihil
652 1601 722 1662 sine
737 1603 870 1664 licentia
883 1601 1034 1684 Episcopi
1053 1603 1103 1664 sui
1118 1603 1170 1664 vel
1186 1601 1334 1682 magistri

202 1699 316 1741 eornm
332 1681 541 1764 incomposite
561 1705 654 1766 agere
675 1693 887 1767 praesumant.
929 1685 966 1744 ln
990 1705 1187 1766 unoquoque
1202 1683 1326 1764 episco·

200 1773 279 1845 patu
300 1771 337 1823 ut
364 1763 460 1824 simul
479 1766 676 1828 manducent
689 1775 721 1828 et
738 1767 907 1842 dormiant,
929 1767 985 1826 ubi
1003 1765 1052 1826 his
1071 1767 1206 1827 facultas
1225 1765 1260 1826 id
1278 1767 1327 1825 fa·

202 1843 312 1906 ciendi
328 1847 478 1927 suppetit.
520 1849 582 1910 Vel
601 1848 658 1931 qui
680 1849 832 1912 derebus
852 1848 1074 1910 ecclesiasticis
1095 1848 1256 1929 stipendia
1273 1868 1327 1906 ac-

201 1925 338 2010 cipiunt,
360 1927 394 1985 in
411 1949 469 1989 suo
483 1927 629 1992 ‘claustro
645 1941 807 2008 maneant,
827 1939 859 1991 et
874 1931 1009 2011 singulis
1022 1929 1134 1991 diebus
1148 1950 1241 1989 mane
1258 1928 1326 2012 pri-

201 2030 252 2068 ma
269 2009 310 2068 ad
327 2007 501 2070 lectionem
522 2013 664 2090 veniant,
686 2022 717 2072 et
740 2013 872 2074 audiant
889 2013 967 2094 quid
985 2012 1030 2074 eis
1050 2012 1234 2094 imperetur.
1276 2009 1325 2070 Ad

201 2109 343 2153 mensam
356 2110 433 2152 vero
454 2092 603 2154 similiter
618 2094 791 2156 lectionem
814 2095 962 2173 audiant,
984 2103 1016 2155 et
1042 2093 1260 2156 obedIentiam
1279 2113 1325 2154 se·

202 2173 346 2234 cundum
367 2174 515 2236 Canones
534 2177 689 2258 magistris
707 2177 772 2239 suis
787 2177 916 2238 faciant·

561 2282 610 2341 Dc
629 2281 825 2360 Presbyteris
848 2282 969 2347 occisis.

266 2383 488 2448 -CLXXXVL
529 2385 711 2470 Presbyteri
724 2387 885 2448 interfecti
907 2387 1066 2468 Episcopo
1089 2386 1128 2448 ad
1154 2385 1246 2448 cuius
1268 2405 1324 2466 pa-

200 2462 343 2527 rochiam
354 2467 529 2548 pertinent,
544 2469 708 2530 solvantur
726 2468 902 2532 secundum
921 2468 1103 2551 Capitnlare
1119 2468 1250 2551 gloriosi
1264 2469 1325 2528 Ka·

198 2548 264 2610 roli
283 2548 437 2631 genitoris
457 2551 574 2629 nostri,
597 2552 641 2611 ita
658 2552 812 2614 videlicet
830 2560 866 2611 ut
884 2551 1086 2612 medictatem
1102 2551 1243 2634 wirgildi
1257 2550 1325 2609 eins

167 2683 172 2688 .
198 2630 377 2713 Episcopus
400 2633 594 2697 utilitatibus
609 2635 772 2696 Ecclesiae
789 2634 842 2695 cui
863 2635 888 2694 is
906 2634 1055 2716 praefuit,
1078 2634 1208 2709 tribnat,
1231 2641 1263 2691 et
1283 2631 1327 2713 al·

199 2721 301 2776 teram
319 2714 524 2776 medietatem
542 2716 576 2778 in
603 2718 805 2800 eleemosyna
828 2716 917 2777 illius
939 2715 1021 2776 iuste
1048 2716 1227 2798 dispartiat:
1250 2713 1326 2794 quia

201 2794 314 2856 nullus
332 2796 424 2858 nobis
444 2797 513 2860 cius
532 2798 626 2862 heres
651 2799 826 2881 proximior
850 2798 980 2858 videtur
1001 2819 1097 2878 quam
1120 2798 1177 2859 ille
1197 2795 1255 2878 qui
1277 2795 1327 2879 ip-

200 2898 273 2938 sum
291 2877 431 2940 Domino
445 2881 587 2948 sociavit.
628 2882 733 2967 Supra
747 2881 817 2942 Lib.
838 2879 898 2941 IV.
918 2901 943 2944 c.
969 2879 1014 2943 15.

541 2988 590 3048 De
606 2989 801 3048 accusatione
820 2985 980 3070 Episcopi.

287 3089 521 3156 CLXXXVII.
562 3094 607 3154 Ut
625 3092 821 3177 Episcopum
845 3090 928 3154 nulli
952 3089 1125 3152 criminoso
1149 3088 1247 3151 liceat
1273 3111 1327 3151 ac·

207 3193 330 3236 cusare·

205 3277 301 3362 Quod
324 3299 387 3341 non
405 3278 498 3341 liceat
516 3279 712 3343 Monastcrta
736 3279 805 3341 Deo
827 3291 951 3340 sacrata
976 3275 1158 3338 diversoria
1171 3275 1258 3361 fieri
1278 3298 1329 3338 sc-

697 3363 826 3423 cularia.

166 3541 168 3546 Ι
286 3459 539 3529 CLXXXVIII.
567 3469 624 3544 ¹Ut
641 3466 791 3550 deinceps
810 3464 1001 3529 monasteria
1024 3486 1107 3547 quae
1119 3465 1190 3526 Deo
1209 3475 1329 3526 sacrata

146 3551 165 3594 ἰ
203 3567 271 3610 cese
289 3555 483 3625 noscuntur,
504 3549 678 3611 diversoria
704 3548 860 3611 secularia
880 3549 1057 3611 secundum
1081 3547 1327 3624 institutionem,
1365 3583 1388 3596 ··

203 3630 237 3690 in
252 3638 407 3712 quantum
422 3651 534 3703 cavere
556 3631 618 3691 hoc
635 3629 820 3712 possumus,
835 3653 899 3692 non
918 3631 1004 3705 fiant,
1029 3631 1085 3693 sed
1104 3628 1274 3712 Religiosis
1297 3639 1329 3692 et

201 3714 309 3774 Deum
326 3711 512 3773 timentibus
532 3711 782 3796 hominibusque
803 3714 931 3775 sacratis
951 3714 1143 3777 tribuantur.

354 3839 394 3901 Ut
410 3842 642 3901 coniurationes
657 3841 711 3900 uel
729 3843 974 3925 corispirationcs
999 3862 1062 3900 non
1076 3841 1175 3924 fiant.

284 3923 504 4010 CLXXXIX.¹
543 3944 585 4006 Ut
602 3945 842 4007 coniurationes
861 3945 915 4006 vel
937 3945 1188 4026 conspirationes
1205 3966 1272 4006 uon
1289 3943 1329 4008 fi-

118 4075 124 4086 .
203 4041 278 4104 ant;
305 4029 384 4114 quia
400 4027 480 4088 haec
497 4027 654 4089 facientes
672 4027 753 4089 sacri
771 4030 918 4090 Canones
939 4029 1079 4109 graviter
1100 4027 1261 4089 damnant.

462 4135 512 4195 Dc
534 4135 601 4193 illis
628 4135 685 4219 qui
706 4155 756 4194 res
776 4133 935 4194 Ecclesiae
958 4144 1071 4194 teneat.

285 4239 385 4306 CXC.
427 4239 547 4324 Siquis
569 4238 817 4303 ecclesiasticam
832 4259 900 4303 rem
918 4248 1018 4320 tenet,
1039 4248 1071 4303 et
1086 4239 1266 4302 admonitus
1282 4239 1329 4302 in·
