<?xml version="1.0" encoding="UTF-8"?>
<!DOCTYPE html PUBLIC "-//W3C//DTD XHTML 1.0 Transitional//EN"
    "http://www.w3.org/TR/xhtml1/DTD/xhtml1-transitional.dtd">
<html xmlns="http://www.w3.org/1999/xhtml" xml:lang="en" lang="en">
 <head>
  <title>
</title>
<meta http-equiv="Content-Type" content="text/html;charset=utf-8" />
  <meta name='ocr-system' content='tesseract 3.04.00' />
  <meta name='ocr-capabilities' content='ocr_page ocr_carea ocr_par ocr_line ocrx_word'/>
</head>
<body>
  <div class='ocr_page' id='page_1' title='image "./corpusiurisgerm04visigoog_0446.png"; bbox 0 0 2910 4984; ppageno 0'>
   <div class='ocr_carea' id='block_1_1' title="bbox 481 281 1217 386">
    <p class='ocr_par' dir='ltr' id='par_1_1' title="bbox 481 281 1217 386">
     <span class='ocr_line' id='line_1_1' title="bbox 481 281 1217 386; baseline 0.001 -30"><span class='ocrx_word' id='word_1_1' title='bbox 481 299 636 386; x_wconf 73' lang='lat' dir='ltr'>enutrio</span> <span class='ocrx_word' id='word_1_2' title='bbox 672 299 832 364; x_wconf 78' lang='lat' dir='ltr'>canera,</span> <span class='ocrx_word' id='word_1_3' title='bbox 988 293 990 300; x_wconf 78' lang='grc'>’</span> <span class='ocrx_word' id='word_1_4' title='bbox 1144 281 1217 357; x_wconf 71' lang='grc'>847</span> 
     </span>
    </p>
   </div>
   <div class='ocr_carea' id='block_1_2' title="bbox 93 435 1223 932">
    <p class='ocr_par' dir='ltr' id='par_1_2' title="bbox 93 435 1223 932">
     <span class='ocr_line' id='line_1_2' title="bbox 93 435 1223 519; baseline 0.002 -17"><span class='ocrx_word' id='word_1_5' title='bbox 93 438 254 507; x_wconf 79' lang='lat' dir='ltr'>Ecclesiis</span> <span class='ocrx_word' id='word_1_6' title='bbox 274 435 339 501; x_wconf 84' lang='lat' dir='ltr'>suis</span> <span class='ocrx_word' id='word_1_7' title='bbox 362 439 573 519; x_wconf 86' lang='lat' dir='ltr'>constituunt,</span> <span class='ocrx_word' id='word_1_8' title='bbox 592 441 644 504; x_wconf 77' lang='lat' dir='ltr'>&#39;uel</span> <span class='ocrx_word' id='word_1_9' title='bbox 671 441 710 503; x_wconf 91' lang='lat' dir='ltr'>de</span> <span class='ocrx_word' id='word_1_10' title='bbox 729 435 885 503; x_wconf 85' lang='lat' dir='ltr'>Ecclesiis</span> <span class='ocrx_word' id='word_1_11' title='bbox 904 439 1041 518; x_wconf 75' lang='lat' dir='ltr'>eiciant,</span> <span class='ocrx_word' id='word_1_12' title='bbox 1069 449 1100 503; x_wconf 92' lang='lat' dir='ltr'>et</span> <span class='ocrx_word' id='word_1_13' title='bbox 1116 442 1154 502; x_wconf 87' lang='lat' dir='ltr'>ab</span> <span class='ocrx_word' id='word_1_14' title='bbox 1174 445 1223 504; x_wconf 52' lang='lat' dir='ltr'>Es</span> 
     </span>
     <span class='ocr_line' id='line_1_3' title="bbox 97 523 1219 606; baseline 0.003 -25"><span class='ocrx_word' id='word_1_15' title='bbox 97 525 231 606; x_wconf 89' lang='lat' dir='ltr'>piscopo</span> <span class='ocrx_word' id='word_1_16' title='bbox 253 523 305 583; x_wconf 84' lang='lat' dir='ltr'>vel</span> <span class='ocrx_word' id='word_1_17' title='bbox 327 523 351 581; x_wconf 75' lang='lat' dir='ltr'>rl&#39;</span> <span class='ocrx_word' id='word_1_18' title='bbox 365 524 511 603; x_wconf 84' lang='lat' dir='ltr'>quolibet</span> <span class='ocrx_word' id='word_1_19' title='bbox 533 525 629 584; x_wconf 90' lang='lat' dir='ltr'>Misso</span> <span class='ocrx_word' id='word_1_20' title='bbox 653 523 992 584; x_wconf 85' lang='lat' dir='ltr'>dominicoadmoniti</span> <span class='ocrx_word' id='word_1_21' title='bbox 1015 525 1144 587; x_wconf 84' lang='lat' dir='ltr'>obedire</span> <span class='ocrx_word' id='word_1_22' title='bbox 1165 549 1219 584; x_wconf 85' lang='lat' dir='ltr'>nn-</span> 
     </span>
     <span class='ocr_line' id='line_1_4' title="bbox 96 605 1220 688; baseline 0.002 -22"><span class='ocrx_word' id='word_1_23' title='bbox 96 606 231 681; x_wconf 88' lang='lat' dir='ltr'>lueriut‚</span> <span class='ocrx_word' id='word_1_24' title='bbox 253 613 288 664; x_wconf 91' lang='lat' dir='ltr'>ut</span> <span class='ocrx_word' id='word_1_25' title='bbox 306 605 448 664; x_wconf 84' lang='lat' dir='ltr'>bannum</span> <span class='ocrx_word' id='word_1_26' title='bbox 470 615 614 667; x_wconf 89' lang='lat' dir='ltr'>nostrum</span> <span class='ocrx_word' id='word_1_27' title='bbox 635 607 808 668; x_wconf 79' lang='lat' dir='ltr'>rewadiare</span> <span class='ocrx_word' id='word_1_28' title='bbox 828 615 993 686; x_wconf 89' lang='lat' dir='ltr'>cogantur,</span> <span class='ocrx_word' id='word_1_29' title='bbox 1016 616 1048 666; x_wconf 88' lang='lat' dir='ltr'>et</span> <span class='ocrx_word' id='word_1_30' title='bbox 1069 629 1128 688; x_wconf 85' lang='lat' dir='ltr'>per</span> <span class='ocrx_word' id='word_1_31' title='bbox 1144 609 1220 668; x_wconf 85' lang='lat' dir='ltr'>fide·</span> 
     </span>
     <span class='ocr_line' id='line_1_5' title="bbox 96 686 1219 768; baseline 0.002 -20"><span class='ocrx_word' id='word_1_32' title='bbox 96 687 235 748; x_wconf 86' lang='lat' dir='ltr'>iussores</span> <span class='ocrx_word' id='word_1_33' title='bbox 261 687 300 747; x_wconf 89' lang='lat' dir='ltr'>ad</span> <span class='ocrx_word' id='word_1_34' title='bbox 317 686 470 768; x_wconf 85' lang='lat' dir='ltr'>placitum</span> <span class='ocrx_word' id='word_1_35' title='bbox 489 698 633 751; x_wconf 87' lang='lat' dir='ltr'>nostrum</span> <span class='ocrx_word' id='word_1_36' title='bbox 648 690 760 750; x_wconf 78' lang='lat' dir='ltr'>venire</span> <span class='ocrx_word' id='word_1_37' title='bbox 785 689 967 748; x_wconf 86' lang='lat' dir='ltr'>iubeantur.</span> <span class='ocrx_word' id='word_1_38' title='bbox 1006 687 1048 746; x_wconf 93' lang='lat' dir='ltr'>Et</span> <span class='ocrx_word' id='word_1_39' title='bbox 1067 696 1145 748; x_wconf 88' lang='lat' dir='ltr'>tunc</span> <span class='ocrx_word' id='word_1_40' title='bbox 1162 711 1219 750; x_wconf 90' lang='lat' dir='ltr'>nos</span> 
     </span>
     <span class='ocr_line' id='line_1_6' title="bbox 96 768 1219 854; baseline 0.001 -25"><span class='ocrx_word' id='word_1_41' title='bbox 96 770 304 830; x_wconf 87' lang='lat' dir='ltr'><strong>decernamus</strong></span> <span class='ocrx_word' id='word_1_42' title='bbox 318 779 425 829; x_wconf 89' lang='lat' dir='ltr'>utrum</span> <span class='ocrx_word' id='word_1_43' title='bbox 439 770 531 831; x_wconf 89' lang='lat' dir='ltr'>nobis</span> <span class='ocrx_word' id='word_1_44' title='bbox 549 772 672 852; x_wconf 88' lang='lat' dir='ltr'>placeat</span> <span class='ocrx_word' id='word_1_45' title='bbox 690 781 724 830; x_wconf 89' lang='lat' dir='ltr'>ut</span> <span class='ocrx_word' id='word_1_46' title='bbox 746 779 801 829; x_wconf 90' lang='lat' dir='ltr'>aut</span> <span class='ocrx_word' id='word_1_47' title='bbox 826 770 920 828; x_wconf 84' lang='lat' dir='ltr'>illurn</span> <span class='ocrx_word' id='word_1_48' title='bbox 939 768 1081 828; x_wconf 85' lang='lat' dir='ltr'>bannum</span> <span class='ocrx_word' id='word_1_49' title='bbox 1094 773 1219 854; x_wconf 90' lang='lat' dir='ltr'>persol-</span> 
     </span>
     <span class='ocr_line' id='line_1_7' title="bbox 96 851 957 932; baseline 0.002 -21"><span class='ocrx_word' id='word_1_50' title='bbox 96 860 184 930; x_wconf 82' lang='lat' dir='ltr'>vant,</span> <span class='ocrx_word' id='word_1_51' title='bbox 207 860 262 911; x_wconf 85' lang='lat' dir='ltr'>aut</span> <span class='ocrx_word' id='word_1_52' title='bbox 272 851 367 910; x_wconf 85' lang='lat' dir='ltr'>aliam</span> <span class='ocrx_word' id='word_1_53' title='bbox 381 851 603 914; x_wconf 76' lang='lat' dir='ltr'>harmiscaram</span> <span class='ocrx_word' id='word_1_54' title='bbox 617 854 804 917; x_wconf 86' lang='lat' dir='ltr'>sustineant.</span> <span class='ocrx_word' id='word_1_55' title='bbox 847 852 886 912; x_wconf 90' lang='lat' dir='ltr'>V.</span> <span class='ocrx_word' id='word_1_56' title='bbox 907 852 957 932; x_wconf 86' lang='lat'>98.</span> 
     </span>
    </p>
   </div>
   <div class='ocr_carea' id='block_1_3' title="bbox 348 947 1070 1023">
    <p class='ocr_par' dir='ltr' id='par_1_3' title="bbox 348 947 1070 1023">
     <span class='ocr_line' id='line_1_8' title="bbox 348 947 1070 1023; baseline -0.004 -5"><span class='ocrx_word' id='word_1_57' title='bbox 348 959 396 1018; x_wconf 90' lang='lat' dir='ltr'>De</span> <span class='ocrx_word' id='word_1_58' title='bbox 418 958 568 1019; x_wconf 84' lang='lat' dir='ltr'>Ecclesiis</span> <span class='ocrx_word' id='word_1_59' title='bbox 589 961 672 1018; x_wconf 87' lang='lat' dir='ltr'>inter</span> <span class='ocrx_word' id='word_1_60' title='bbox 684 957 818 1018; x_wconf 75' lang='lat' dir='ltr'>&#39;heredes</span> <span class='ocrx_word' id='word_1_61' title='bbox 840 957 963 1023; x_wconf 84' lang='lat' dir='ltr'>divisis.</span> <span class='ocrx_word' id='word_1_62' title='bbox 1065 947 1070 959; x_wconf 75' lang='grc'>’</span> 
     </span>
    </p>
   </div>
   <div class='ocr_carea' id='block_1_4' title="bbox 94 1056 1275 1722">
    <p class='ocr_par' dir='ltr' id='par_1_4' title="bbox 94 1056 1275 1722">
     <span class='ocr_line' id='line_1_9' title="bbox 177 1056 1219 1146; baseline 0 -20"><span class='ocrx_word' id='word_1_63' title='bbox 177 1065 292 1128; x_wconf 90' lang='lat' dir='ltr'>XCVI.</span> <span class='ocrx_word' id='word_1_64' title='bbox 333 1067 381 1125; x_wconf 87' lang='lat' dir='ltr'>De</span> <span class='ocrx_word' id='word_1_65' title='bbox 399 1064 553 1124; x_wconf 88' lang='lat' dir='ltr'>Ecclesiis</span> <span class='ocrx_word' id='word_1_66' title='bbox 582 1087 663 1146; x_wconf 90' lang='lat' dir='ltr'>quae</span> <span class='ocrx_word' id='word_1_67' title='bbox 689 1065 775 1124; x_wconf 90' lang='lat' dir='ltr'>inter</span> <span class='ocrx_word' id='word_1_68' title='bbox 794 1063 969 1124; x_wconf 84' lang='lat' dir='ltr'>coheredes</span> <span class='ocrx_word' id='word_1_69' title='bbox 993 1056 1219 1145; x_wconf 62' lang='lat' dir='ltr'>divisae&#39;sunt,</span> 
     </span>
     <span class='ocr_line' id='line_1_10' title="bbox 97 1146 1221 1228; baseline 0 -18"><span class='ocrx_word' id='word_1_70' title='bbox 97 1149 333 1210; x_wconf 89' lang='lat' dir='ltr'>consideratum</span> <span class='ocrx_word' id='word_1_71' title='bbox 360 1156 407 1207; x_wconf 89' lang='lat' dir='ltr'>est</span> <span class='ocrx_word' id='word_1_72' title='bbox 428 1147 579 1228; x_wconf 86' lang='lat' dir='ltr'>quatinus</span> <span class='ocrx_word' id='word_1_73' title='bbox 607 1147 631 1206; x_wconf 91' lang='lat' dir='ltr'>si</span> <span class='ocrx_word' id='word_1_74' title='bbox 658 1147 836 1208; x_wconf 89' lang='lat' dir='ltr'>secundum</span> <span class='ocrx_word' id='word_1_75' title='bbox 858 1146 1093 1228; x_wconf 86' lang='lat' dir='ltr'>providentiam</span> <span class='ocrx_word' id='word_1_76' title='bbox 1115 1156 1148 1208; x_wconf 93' lang='lat' dir='ltr'>et</span> <span class='ocrx_word' id='word_1_77' title='bbox 1165 1151 1221 1210; x_wconf 86' lang='lat' dir='ltr'>ad-</span> 
     </span>
     <span class='ocr_line' id='line_1_11' title="bbox 95 1224 1222 1311; baseline 0.002 -21"><span class='ocrx_word' id='word_1_78' title='bbox 95 1224 307 1292; x_wconf 84' lang='lat' dir='ltr'>monitionem</span> <span class='ocrx_word' id='word_1_79' title='bbox 329 1229 480 1310; x_wconf 86' lang='lat' dir='ltr'>Episcopi</span> <span class='ocrx_word' id='word_1_80' title='bbox 503 1229 563 1311; x_wconf 89' lang='lat' dir='ltr'>ipsi</span> <span class='ocrx_word' id='word_1_81' title='bbox 586 1229 761 1290; x_wconf 83' lang='lat' dir='ltr'><strong>coheredes</strong></span> <span class='ocrx_word' id='word_1_82' title='bbox 786 1251 837 1290; x_wconf 92' lang='lat' dir='ltr'>eas</span> <span class='ocrx_word' id='word_1_83' title='bbox 862 1229 1029 1289; x_wconf 87' lang='lat' dir='ltr'>voluerint</span> <span class='ocrx_word' id='word_1_84' title='bbox 1045 1237 1165 1308; x_wconf 87' lang='lat' dir='ltr'>tenere,</span> <span class='ocrx_word' id='word_1_85' title='bbox 1190 1241 1222 1292; x_wconf 90' lang='lat' dir='ltr'>et</span> 
     </span>
     <span class='ocr_line' id='line_1_12' title="bbox 95 1309 1275 1395; baseline 0.003 -24"><span class='ocrx_word' id='word_1_86' title='bbox 95 1313 256 1374; x_wconf 88' lang='lat' dir='ltr'>honorare</span> <span class='ocrx_word' id='word_1_87' title='bbox 279 1311 407 1370; x_wconf 87' lang='lat' dir='ltr'>faciant.</span> <span class='ocrx_word' id='word_1_88' title='bbox 450 1312 507 1372; x_wconf 89' lang='lat' dir='ltr'>Sin</span> <span class='ocrx_word' id='word_1_89' title='bbox 531 1321 635 1371; x_wconf 88' lang='lat' dir='ltr'>autem</span> <span class='ocrx_word' id='word_1_90' title='bbox 662 1311 722 1371; x_wconf 89' lang='lat' dir='ltr'>hoc</span> <span class='ocrx_word' id='word_1_91' title='bbox 739 1309 1003 1387; x_wconf 81' lang='lat' dir='ltr'>contradixerint,</span> <span class='ocrx_word' id='word_1_92' title='bbox 1025 1311 1110 1368; x_wconf 91' lang='lat' dir='ltr'>utin</span> <span class='ocrx_word' id='word_1_93' title='bbox 1131 1315 1221 1395; x_wconf 87' lang='lat' dir='ltr'>Epis·</span> <span class='ocrx_word' id='word_1_94' title='bbox 1272 1367 1275 1374; x_wconf 89' lang='grc'>.</span> 
     </span>
     <span class='ocr_line' id='line_1_13' title="bbox 94 1393 1221 1476; baseline -0.001 -21"><span class='ocrx_word' id='word_1_95' title='bbox 94 1397 169 1476; x_wconf 89' lang='lat' dir='ltr'>copi</span> <span class='ocrx_word' id='word_1_96' title='bbox 195 1403 348 1475; x_wconf 72' lang='lat' dir='ltr'>potestate</span> <span class='ocrx_word' id='word_1_97' title='bbox 376 1404 502 1453; x_wconf 88' lang='lat' dir='ltr'>maneat</span> <span class='ocrx_word' id='word_1_98' title='bbox 528 1403 635 1453; x_wconf 90' lang='lat' dir='ltr'>utrum</span> <span class='ocrx_word' id='word_1_99' title='bbox 652 1415 702 1453; x_wconf 89' lang='lat' dir='ltr'>eas</span> <span class='ocrx_word' id='word_1_100' title='bbox 726 1395 768 1453; x_wconf 87' lang='lat' dir='ltr'>ita</span> <span class='ocrx_word' id='word_1_101' title='bbox 790 1393 962 1460; x_wconf 79' lang='lat' dir='ltr'>consistere</span> <span class='ocrx_word' id='word_1_102' title='bbox 977 1393 1148 1473; x_wconf 84' lang='lat' dir='ltr'>permittat,</span> <span class='ocrx_word' id='word_1_103' title='bbox 1168 1405 1221 1456; x_wconf 88' lang='lat' dir='ltr'>aut</span> 
     </span>
     <span class='ocr_line' id='line_1_14' title="bbox 94 1473 1221 1558; baseline 0 -20"><span class='ocrx_word' id='word_1_104' title='bbox 94 1477 252 1558; x_wconf 88' lang='lat' dir='ltr'>reliquias</span> <span class='ocrx_word' id='word_1_105' title='bbox 275 1475 392 1535; x_wconf 74' lang='lat' dir='ltr'>exinde</span> <span class='ocrx_word' id='word_1_106' title='bbox 416 1477 549 1536; x_wconf 83' lang='lat' dir='ltr'>auferat.</span> <span class='ocrx_word' id='word_1_107' title='bbox 590 1478 631 1536; x_wconf 92' lang='lat' dir='ltr'>Et</span> <span class='ocrx_word' id='word_1_108' title='bbox 653 1475 708 1534; x_wconf 85' lang='lat' dir='ltr'>ubi</span> <span class='ocrx_word' id='word_1_109' title='bbox 723 1477 763 1536; x_wconf 91' lang='lat' dir='ltr'>ad</span> <span class='ocrx_word' id='word_1_110' title='bbox 782 1486 925 1536; x_wconf 87' lang='lat' dir='ltr'>nostrum</span> <span class='ocrx_word' id='word_1_111' title='bbox 945 1473 1136 1534; x_wconf 83' lang='lat' dir='ltr'>beneficium</span> <span class='ocrx_word' id='word_1_112' title='bbox 1156 1479 1221 1538; x_wconf 88' lang='lat' dir='ltr'>Ec-</span> 
     </span>
     <span class='ocr_line' id='line_1_15' title="bbox 97 1557 1224 1640; baseline 0 -22"><span class='ocrx_word' id='word_1_113' title='bbox 97 1561 215 1619; x_wconf 86' lang='lat' dir='ltr'>clesiae</span> <span class='ocrx_word' id='word_1_114' title='bbox 236 1559 439 1640; x_wconf 79' lang='lat' dir='ltr'>pertinentes</span> <span class='ocrx_word' id='word_1_115' title='bbox 457 1558 499 1616; x_wconf 81' lang='lat' dir='ltr'>ita</span> <span class='ocrx_word' id='word_1_116' title='bbox 519 1558 639 1618; x_wconf 85' lang='lat' dir='ltr'>divisae</span> <span class='ocrx_word' id='word_1_117' title='bbox 662 1558 813 1618; x_wconf 88' lang='lat' dir='ltr'>inventae</span> <span class='ocrx_word' id='word_1_118' title='bbox 834 1557 974 1636; x_wconf 85' lang='lat' dir='ltr'>suerint,</span> <span class='ocrx_word' id='word_1_119' title='bbox 1003 1565 1040 1616; x_wconf 90' lang='lat' dir='ltr'>ut</span> <span class='ocrx_word' id='word_1_120' title='bbox 1061 1557 1224 1626; x_wconf 50' lang='lat' dir='ltr'>describas</span> 
     </span>
     <span class='ocr_line' id='line_1_16' title="bbox 96 1639 743 1722; baseline -0.003 -20"><span class='ocrx_word' id='word_1_121' title='bbox 96 1652 171 1719; x_wconf 89' lang='lat' dir='ltr'>tur,</span> <span class='ocrx_word' id='word_1_122' title='bbox 200 1649 233 1701; x_wconf 90' lang='lat' dir='ltr'>et</span> <span class='ocrx_word' id='word_1_123' title='bbox 259 1639 351 1700; x_wconf 88' lang='lat' dir='ltr'>nohis</span> <span class='ocrx_word' id='word_1_124' title='bbox 375 1641 590 1701; x_wconf 88' lang='lat' dir='ltr'>renuntietur.</span> <span class='ocrx_word' id='word_1_125' title='bbox 634 1640 673 1705; x_wconf 88' lang='lat' dir='ltr'>V.</span> <span class='ocrx_word' id='word_1_126' title='bbox 693 1661 743 1722; x_wconf 88' lang='grc'>99.</span> 
     </span>
    </p>
   </div>
   <div class='ocr_carea' id='block_1_5' title="bbox 393 1745 925 1807">
    <p class='ocr_par' dir='ltr' id='par_1_5' title="bbox 393 1745 925 1807">
     <span class='ocr_line' id='line_1_17' title="bbox 393 1745 925 1807; baseline 0.004 -3"><span class='ocrx_word' id='word_1_127' title='bbox 393 1747 444 1804; x_wconf 86' lang='lat' dir='ltr'>De·</span> <span class='ocrx_word' id='word_1_128' title='bbox 470 1745 681 1806; x_wconf 80' lang='lat' dir='ltr'>destructione</span> <span class='ocrx_word' id='word_1_129' title='bbox 705 1745 925 1807; x_wconf 83' lang='lat' dir='ltr'>Ecclesiarum.</span> 
     </span>
    </p>
   </div>
   <div class='ocr_carea' id='block_1_6' title="bbox 98 1849 1308 2592">
    <p class='ocr_par' dir='ltr' id='par_1_6' title="bbox 98 1849 1308 2592">
     <span class='ocr_line' id='line_1_18' title="bbox 178 1849 1222 1936; baseline 0.003 -24"><span class='ocrx_word' id='word_1_130' title='bbox 178 1851 307 1912; x_wconf 81' lang='lat' dir='ltr'>XCVII.</span> <span class='ocrx_word' id='word_1_131' title='bbox 347 1853 396 1912; x_wconf 90' lang='lat' dir='ltr'>De</span> <span class='ocrx_word' id='word_1_132' title='bbox 425 1851 580 1911; x_wconf 89' lang='lat' dir='ltr'>Ecclesiis</span> <span class='ocrx_word' id='word_1_133' title='bbox 611 1850 800 1927; x_wconf 87' lang='lat' dir='ltr'>destruetis,</span> <span class='ocrx_word' id='word_1_134' title='bbox 831 1860 867 1910; x_wconf 93' lang='lat' dir='ltr'>ut</span> <span class='ocrx_word' id='word_1_135' title='bbox 894 1849 1045 1936; x_wconf 86' lang='lat' dir='ltr'>Episcopi</span> <span class='ocrx_word' id='word_1_136' title='bbox 1072 1861 1105 1914; x_wconf 91' lang='lat' dir='ltr'>et</span> <span class='ocrx_word' id='word_1_137' title='bbox 1132 1852 1222 1915; x_wconf 88' lang='lat' dir='ltr'>Missi</span> 
     </span>
     <span class='ocr_line' id='line_1_19' title="bbox 98 1933 1224 2018; baseline 0.002 -24"><span class='ocrx_word' id='word_1_138' title='bbox 98 1933 339 2014; x_wconf 84' lang='lat' dir='ltr'>inquisitionem</span> <span class='ocrx_word' id='word_1_139' title='bbox 358 1933 476 1994; x_wconf 87' lang='lat' dir='ltr'>faciant</span> <span class='ocrx_word' id='word_1_140' title='bbox 501 1942 611 1992; x_wconf 91' lang='lat' dir='ltr'>utrum</span> <span class='ocrx_word' id='word_1_141' title='bbox 634 1953 693 2014; x_wconf 92' lang='lat' dir='ltr'>per</span> <span class='ocrx_word' id='word_1_142' title='bbox 718 1933 950 2015; x_wconf 78' lang='lat' dir='ltr'>neglegentiam</span> <span class='ocrx_word' id='word_1_143' title='bbox 970 1945 1025 1995; x_wconf 86' lang='lat' dir='ltr'>aut</span> <span class='ocrx_word' id='word_1_144' title='bbox 1046 1936 1224 2018; x_wconf 84' lang='lat' dir='ltr'>impossibi-¹</span> 
     </span>
     <span class='ocr_line' id='line_1_20' title="bbox 98 2015 1221 2096; baseline 0.002 -20"><span class='ocrx_word' id='word_1_145' title='bbox 98 2019 219 2076; x_wconf 87' lang='lat' dir='ltr'>litatem</span> <span class='ocrx_word' id='word_1_146' title='bbox 239 2017 416 2077; x_wconf 87' lang='lat' dir='ltr'>destructae</span> <span class='ocrx_word' id='word_1_147' title='bbox 444 2017 518 2080; x_wconf 87' lang='lat' dir='ltr'>sint.</span> <span class='ocrx_word' id='word_1_148' title='bbox 559 2017 601 2075; x_wconf 89' lang='lat' dir='ltr'>Et</span> <span class='ocrx_word' id='word_1_149' title='bbox 629 2015 684 2073; x_wconf 86' lang='lat' dir='ltr'>uhi</span> <span class='ocrx_word' id='word_1_150' title='bbox 716 2016 920 2096; x_wconf 79' lang='lat' dir='ltr'>neglegentia</span> <span class='ocrx_word' id='word_1_151' title='bbox 946 2017 1078 2078; x_wconf 85' lang='lat' dir='ltr'>inventa</span> <span class='ocrx_word' id='word_1_152' title='bbox 1102 2020 1221 2092; x_wconf 82' lang='lat' dir='ltr'>fuerit,</span> 
     </span>
     <span class='ocr_line' id='line_1_21' title="bbox 99 2097 1222 2180; baseline 0.003 -22"><span class='ocrx_word' id='word_1_153' title='bbox 99 2097 272 2180; x_wconf 89' lang='lat' dir='ltr'>episcopali</span> <span class='ocrx_word' id='word_1_154' title='bbox 299 2099 485 2159; x_wconf 82' lang='lat' dir='ltr'>auctoritate</span> <span class='ocrx_word' id='word_1_155' title='bbox 509 2097 678 2158; x_wconf 88' lang='lat' dir='ltr'>emendare</span> <span class='ocrx_word' id='word_1_156' title='bbox 708 2108 861 2178; x_wconf 90' lang='lat' dir='ltr'>cogantur</span> <span class='ocrx_word' id='word_1_157' title='bbox 889 2099 945 2179; x_wconf 91' lang='lat' dir='ltr'>qni</span> <span class='ocrx_word' id='word_1_158' title='bbox 969 2121 1022 2160; x_wconf 89' lang='lat' dir='ltr'>eas</span> <span class='ocrx_word' id='word_1_159' title='bbox 1045 2110 1222 2161; x_wconf 85' lang='lat' dir='ltr'>restaurare</span> 
     </span>
     <span class='ocr_line' id='line_1_22' title="bbox 98 2178 1308 2266; baseline 0.001 -26"><span class='ocrx_word' id='word_1_160' title='bbox 98 2179 285 2240; x_wconf 88' lang='lat' dir='ltr'>debuerant.</span> <span class='ocrx_word' id='word_1_161' title='bbox 327 2181 361 2241; x_wconf 84' lang='lat' dir='ltr'>si</span> <span class='ocrx_word' id='word_1_162' title='bbox 382 2202 458 2241; x_wconf 84' lang='lat' dir='ltr'>rero</span> <span class='ocrx_word' id='word_1_163' title='bbox 479 2201 537 2262; x_wconf 90' lang='lat' dir='ltr'>per</span> <span class='ocrx_word' id='word_1_164' title='bbox 557 2178 843 2261; x_wconf 86' lang='lat' dir='ltr'>impossibilitatem</span> <span class='ocrx_word' id='word_1_165' title='bbox 857 2181 1002 2262; x_wconf 86' lang='lat' dir='ltr'>contigit,</span> <span class='ocrx_word' id='word_1_166' title='bbox 1025 2192 1061 2241; x_wconf 86' lang='lat' dir='ltr'>ut</span> <span class='ocrx_word' id='word_1_167' title='bbox 1079 2193 1134 2242; x_wconf 87' lang='lat' dir='ltr'>aut</span> <span class='ocrx_word' id='word_1_168' title='bbox 1152 2184 1228 2266; x_wconf 85' lang='lat' dir='ltr'>plu·¹</span> <span class='ocrx_word' id='word_1_169' title='bbox 1307 2189 1308 2192; x_wconf 74' lang='grc'>’</span> 
     </span>
     <span class='ocr_line' id='line_1_23' title="bbox 100 2255 1223 2345; baseline 0 -23"><span class='ocrx_word' id='word_1_170' title='bbox 100 2263 202 2322; x_wconf 91' lang='lat' dir='ltr'>riores</span> <span class='ocrx_word' id='word_1_171' title='bbox 222 2263 287 2322; x_wconf 92' lang='lat' dir='ltr'>sint</span> <span class='ocrx_word' id='word_1_172' title='bbox 308 2284 401 2343; x_wconf 91' lang='lat' dir='ltr'>quam</span> <span class='ocrx_word' id='word_1_173' title='bbox 425 2262 625 2336; x_wconf 85' lang='lat' dir='ltr'>accessesit,</span> <span class='ocrx_word' id='word_1_174' title='bbox 649 2271 705 2320; x_wconf 91' lang='lat' dir='ltr'>aut</span> <span class='ocrx_word' id='word_1_175' title='bbox 723 2255 1104 2343; x_wconf 68' lang='lat' dir='ltr'>maioris&#39;magnitudinis</span> <span class='ocrx_word' id='word_1_176' title='bbox 1126 2287 1223 2345; x_wconf 89' lang='lat' dir='ltr'>quam</span> 
     </span>
     <span class='ocr_line' id='line_1_24' title="bbox 99 2343 1223 2428; baseline 0.002 -24"><span class='ocrx_word' id='word_1_177' title='bbox 99 2353 137 2404; x_wconf 93' lang='lat' dir='ltr'>ut</span> <span class='ocrx_word' id='word_1_178' title='bbox 161 2365 200 2403; x_wconf 84' lang='lat' dir='ltr'>ex</span> <span class='ocrx_word' id='word_1_179' title='bbox 222 2343 316 2406; x_wconf 86' lang='lat' dir='ltr'>rebus</span> <span class='ocrx_word' id='word_1_180' title='bbox 338 2345 377 2404; x_wconf 89' lang='lat' dir='ltr'>ad</span> <span class='ocrx_word' id='word_1_181' title='bbox 399 2367 449 2406; x_wconf 86' lang='lat' dir='ltr'>eas</span> <span class='ocrx_word' id='word_1_182' title='bbox 468 2343 705 2426; x_wconf 88' lang='lat' dir='ltr'>pertinentibus</span> <span class='ocrx_word' id='word_1_183' title='bbox 726 2345 897 2404; x_wconf 86' lang='lat' dir='ltr'>restaurari</span> <span class='ocrx_word' id='word_1_184' title='bbox 924 2344 1065 2424; x_wconf 85' lang='lat' dir='ltr'>possint,</span> <span class='ocrx_word' id='word_1_185' title='bbox 1087 2347 1223 2428; x_wconf 86' lang='lat' dir='ltr'>Episco-</span> 
     </span>
     <span class='ocr_line' id='line_1_25' title="bbox 98 2425 1224 2510; baseline 0.002 -24"><span class='ocrx_word' id='word_1_186' title='bbox 98 2448 159 2510; x_wconf 86' lang='lat' dir='ltr'>pus</span> <span class='ocrx_word' id='word_1_187' title='bbox 182 2427 312 2486; x_wconf 90' lang='lat' dir='ltr'>modum</span> <span class='ocrx_word' id='word_1_188' title='bbox 336 2426 479 2506; x_wconf 84' lang='lat' dir='ltr'>inveniat</span> <span class='ocrx_word' id='word_1_189' title='bbox 501 2425 641 2509; x_wconf 91' lang='lat' dir='ltr'>qualiter</span> <span class='ocrx_word' id='word_1_190' title='bbox 661 2447 802 2508; x_wconf 89' lang='lat' dir='ltr'>congrue</span> <span class='ocrx_word' id='word_1_191' title='bbox 832 2425 996 2488; x_wconf 84' lang='lat' dir='ltr'>emendari</span> <span class='ocrx_word' id='word_1_192' title='bbox 1021 2437 1054 2486; x_wconf 90' lang='lat' dir='ltr'>et</span> <span class='ocrx_word' id='word_1_193' title='bbox 1074 2428 1224 2488; x_wconf 89' lang='lat' dir='ltr'>consiste·</span> 
     </span>
     <span class='ocr_line' id='line_1_26' title="bbox 98 2507 465 2592; baseline 0.005 -23"><span class='ocrx_word' id='word_1_194' title='bbox 98 2530 135 2569; x_wconf 90' lang='lat' dir='ltr'>re</span> <span class='ocrx_word' id='word_1_195' title='bbox 156 2507 287 2590; x_wconf 88' lang='lat' dir='ltr'>possint.</span> <span class='ocrx_word' id='word_1_196' title='bbox 332 2507 370 2569; x_wconf 91' lang='lat' dir='ltr'>V.</span> <span class='ocrx_word' id='word_1_197' title='bbox 392 2508 465 2592; x_wconf 61' lang='lat'>275,</span> 
     </span>
    </p>
   </div>
   <div class='ocr_carea' id='block_1_7' title="bbox 98 2611 1223 2694">
    <p class='ocr_par' dir='ltr' id='par_1_7' title="bbox 98 2611 1223 2694">
     <span class='ocr_line' id='line_1_27' title="bbox 98 2611 1223 2694; baseline 0.002 -20"><span class='ocrx_word' id='word_1_198' title='bbox 98 2613 148 2674; x_wconf 82' lang='lat' dir='ltr'>Ne</span> <span class='ocrx_word' id='word_1_199' title='bbox 169 2612 208 2672; x_wconf 87' lang='lat' dir='ltr'>de</span> <span class='ocrx_word' id='word_1_200' title='bbox 229 2635 335 2674; x_wconf 82' lang='lat' dir='ltr'>manso</span> <span class='ocrx_word' id='word_1_201' title='bbox 355 2613 515 2686; x_wconf 82' lang='lat' dir='ltr'>Ecclesiae</span> <span class='ocrx_word' id='word_1_202' title='bbox 533 2611 607 2673; x_wconf 85' lang='lat' dir='ltr'>dato</span> <span class='ocrx_word' id='word_1_203' title='bbox 624 2625 733 2674; x_wconf 82' lang='lat' dir='ltr'>contra</span> <span class='ocrx_word' id='word_1_204' title='bbox 751 2615 871 2674; x_wconf 81' lang='lat' dir='ltr'>sancitu</span> <span class='ocrx_word' id='word_1_205' title='bbox 891 2614 1048 2674; x_wconf 82' lang='lat' dir='ltr'>servitium</span> <span class='ocrx_word' id='word_1_206' title='bbox 1068 2616 1223 2694; x_wconf 79' lang='lat' dir='ltr'>exigatur.</span> 
     </span>
    </p>
   </div>
   <div class='ocr_carea' id='block_1_8' title="bbox 100 2717 1224 3235">
    <p class='ocr_par' dir='ltr' id='par_1_8' title="bbox 100 2717 1224 3108">
     <span class='ocr_line' id='line_1_28' title="bbox 182 2717 1223 2800; baseline 0 -22"><span class='ocrx_word' id='word_1_207' title='bbox 182 2719 329 2784; x_wconf 90' lang='lat' dir='ltr'>XCVIII.</span> <span class='ocrx_word' id='word_1_208' title='bbox 370 2722 421 2780; x_wconf 87' lang='lat' dir='ltr'>De</span> <span class='ocrx_word' id='word_1_209' title='bbox 440 2740 506 2778; x_wconf 92' lang='lat' dir='ltr'>uuo</span> <span class='ocrx_word' id='word_1_210' title='bbox 526 2739 635 2779; x_wconf 87' lang='lat' dir='ltr'>manso</span> <span class='ocrx_word' id='word_1_211' title='bbox 659 2718 699 2777; x_wconf 85' lang='lat' dir='ltr'>ad</span> <span class='ocrx_word' id='word_1_212' title='bbox 722 2717 899 2779; x_wconf 87' lang='lat' dir='ltr'>Ecclesiam</span> <span class='ocrx_word' id='word_1_213' title='bbox 921 2717 1004 2795; x_wconf 89' lang='lat' dir='ltr'>dato,</span> <span class='ocrx_word' id='word_1_214' title='bbox 1025 2719 1064 2779; x_wconf 87' lang='lat' dir='ltr'>de</span> <span class='ocrx_word' id='word_1_215' title='bbox 1083 2741 1148 2800; x_wconf 93' lang='lat' dir='ltr'>quo</span> <span class='ocrx_word' id='word_1_216' title='bbox 1164 2721 1223 2779; x_wconf 89' lang='lat' dir='ltr'>ali·-</span> 
     </span>
     <span class='ocr_line' id='line_1_29' title="bbox 100 2799 1224 2882; baseline 0 -22"><span class='ocrx_word' id='word_1_217' title='bbox 100 2800 158 2882; x_wconf 93' lang='lat' dir='ltr'>qui</span> <span class='ocrx_word' id='word_1_218' title='bbox 183 2799 328 2863; x_wconf 90' lang='lat' dir='ltr'>homines</span> <span class='ocrx_word' id='word_1_219' title='bbox 355 2810 466 2862; x_wconf 88' lang='lat' dir='ltr'>contra</span> <span class='ocrx_word' id='word_1_220' title='bbox 485 2809 600 2863; x_wconf 89' lang='lat' dir='ltr'>statuta</span> <span class='ocrx_word' id='word_1_221' title='bbox 628 2799 687 2860; x_wconf 88' lang='lat' dir='ltr'>sibi</span> <span class='ocrx_word' id='word_1_222' title='bbox 712 2800 878 2860; x_wconf 82' lang='lat' dir='ltr'>servitium</span> <span class='ocrx_word' id='word_1_223' title='bbox 902 2800 1053 2882; x_wconf 76' lang='lat' dir='ltr'>exigunt,</span> <span class='ocrx_word' id='word_1_224' title='bbox 1083 2802 1224 2880; x_wconf 83' lang='lat' dir='ltr'>qquuu-</span> 
     </span>
     <span class='ocr_line' id='line_1_30' title="bbox 101 2881 1224 2964; baseline 0.001 -21"><span class='ocrx_word' id='word_1_225' title='bbox 101 2904 165 2964; x_wconf 90' lang='lat' dir='ltr'>que</span> <span class='ocrx_word' id='word_1_226' title='bbox 192 2905 250 2964; x_wconf 91' lang='lat' dir='ltr'>pro</span> <span class='ocrx_word' id='word_1_227' title='bbox 276 2883 336 2944; x_wconf 90' lang='lat' dir='ltr'>hac</span> <span class='ocrx_word' id='word_1_228' title='bbox 359 2905 452 2944; x_wconf 86' lang='lat' dir='ltr'>causa</span> <span class='ocrx_word' id='word_1_229' title='bbox 483 2891 647 2943; x_wconf 89' lang='lat' dir='ltr'>accusatus</span> <span class='ocrx_word' id='word_1_230' title='bbox 670 2881 789 2957; x_wconf 89' lang='lat' dir='ltr'>fuerit,</span> <span class='ocrx_word' id='word_1_231' title='bbox 823 2883 937 2942; x_wconf 91' lang='lat' dir='ltr'>Comes</span> <span class='ocrx_word' id='word_1_232' title='bbox 966 2882 1016 2943; x_wconf 89' lang='lat' dir='ltr'>vel</span> <span class='ocrx_word' id='word_1_233' title='bbox 1034 2883 1224 2944; x_wconf 67' lang='lat' dir='ltr'>&#39;Missi&#39;hoc</span> 
     </span>
     <span class='ocr_line' id='line_1_31' title="bbox 101 2963 1223 3048; baseline 0.003 -24"><span class='ocrx_word' id='word_1_234' title='bbox 101 2965 191 3044; x_wconf 85' lang='lat' dir='ltr'>quod</span> <span class='ocrx_word' id='word_1_235' title='bbox 217 2965 293 3027; x_wconf 91' lang='lat' dir='ltr'>inde</span> <span class='ocrx_word' id='word_1_236' title='bbox 318 2967 515 3027; x_wconf 87' lang='lat' dir='ltr'>subtractum</span> <span class='ocrx_word' id='word_1_237' title='bbox 544 2974 592 3026; x_wconf 88' lang='lat' dir='ltr'>est</span> <span class='ocrx_word' id='word_1_238' title='bbox 619 2963 839 3046; x_wconf 87' lang='lat' dir='ltr'>Presbyteris‚</span> <span class='ocrx_word' id='word_1_239' title='bbox 868 2985 941 3024; x_wconf 91' lang='lat' dir='ltr'>cum</span> <span class='ocrx_word' id='word_1_240' title='bbox 972 2987 1028 3026; x_wconf 89' lang='lat' dir='ltr'>sua</span> <span class='ocrx_word' id='word_1_241' title='bbox 1055 2966 1126 3048; x_wconf 85' lang='lat' dir='ltr'>Iege</span> <span class='ocrx_word' id='word_1_242' title='bbox 1153 2987 1223 3027; x_wconf 91' lang='lat' dir='ltr'>res-</span> 
     </span>
     <span class='ocr_line' id='line_1_32' title="bbox 101 3047 324 3108; baseline 0.004 -1"><span class='ocrx_word' id='word_1_243' title='bbox 101 3047 176 3108; x_wconf 89' lang='lat' dir='ltr'>titui</span> <span class='ocrx_word' id='word_1_244' title='bbox 195 3047 324 3108; x_wconf 84' lang='lat' dir='ltr'>faciant.</span> 
     </span>
    </p>

    <p class='ocr_par' dir='ltr' id='par_1_9' title="bbox 227 3147 1100 3235">
     <span class='ocr_line' id='line_1_33' title="bbox 227 3147 1100 3235; baseline -0.001 -23"><span class='ocrx_word' id='word_1_245' title='bbox 227 3155 276 3212; x_wconf 88' lang='lat' dir='ltr'>De</span> <span class='ocrx_word' id='word_1_246' title='bbox 290 3155 380 3215; x_wconf 87' lang='lat' dir='ltr'>nonis</span> <span class='ocrx_word' id='word_1_247' title='bbox 394 3167 424 3214; x_wconf 83' lang='lat' dir='ltr'>et</span> <span class='ocrx_word' id='word_1_248' title='bbox 440 3153 569 3214; x_wconf 87' lang='lat' dir='ltr'>decimis</span> <span class='ocrx_word' id='word_1_249' title='bbox 589 3171 665 3235; x_wconf 83' lang='lat' dir='ltr'>quos</span> <span class='ocrx_word' id='word_1_250' title='bbox 685 3147 814 3230; x_wconf 82' lang='lat' dir='ltr'>quidam</span> <span class='ocrx_word' id='word_1_251' title='bbox 831 3147 908 3209; x_wconf 83' lang='lat' dir='ltr'>dure</span> <span class='ocrx_word' id='word_1_252' title='bbox 930 3150 1100 3230; x_wconf 83' lang='lat' dir='ltr'>neglegunt.</span> 
     </span>
    </p>
   </div>
   <div class='ocr_carea' id='block_1_9' title="bbox 102 3253 1299 4325">
    <p class='ocr_par' dir='ltr' id='par_1_10' title="bbox 102 3253 1299 4325">
     <span class='ocr_line' id='line_1_34' title="bbox 120 3253 1224 3338; baseline -0.002 -16"><span class='ocrx_word' id='word_1_253' title='bbox 120 3317 125 3322; x_wconf 83' lang='grc'>.</span> <span class='ocrx_word' id='word_1_254' title='bbox 183 3257 298 3319; x_wconf 82' lang='lat' dir='ltr'>XCIX.</span> <span class='ocrx_word' id='word_1_255' title='bbox 340 3263 388 3320; x_wconf 89' lang='lat' dir='ltr'>De</span> <span class='ocrx_word' id='word_1_256' title='bbox 422 3258 487 3319; x_wconf 93' lang='lat' dir='ltr'>illis</span> <span class='ocrx_word' id='word_1_257' title='bbox 516 3257 572 3338; x_wconf 91' lang='lat' dir='ltr'>qui</span> <span class='ocrx_word' id='word_1_258' title='bbox 599 3277 698 3316; x_wconf 89' lang='lat' dir='ltr'>nonas</span> <span class='ocrx_word' id='word_1_259' title='bbox 723 3263 756 3315; x_wconf 93' lang='lat' dir='ltr'>et</span> <span class='ocrx_word' id='word_1_260' title='bbox 783 3253 919 3314; x_wconf 87' lang='lat' dir='ltr'>decimas</span> <span class='ocrx_word' id='word_1_261' title='bbox 946 3255 1087 3338; x_wconf 91' lang='lat' dir='ltr'>iamper</span> <span class='ocrx_word' id='word_1_262' title='bbox 1107 3259 1224 3334; x_wconf 81' lang='lat' dir='ltr'>multos</span> 
     </span>
     <span class='ocr_line' id='line_1_35' title="bbox 103 3337 1226 3424; baseline -0.001 -21"><span class='ocrx_word' id='word_1_263' title='bbox 103 3364 203 3403; x_wconf 90' lang='lat' dir='ltr'>annos</span> <span class='ocrx_word' id='word_1_264' title='bbox 217 3351 327 3411; x_wconf 83' lang='lat' dir='ltr'>autex</span> <span class='ocrx_word' id='word_1_265' title='bbox 350 3352 438 3424; x_wconf 87' lang='lat' dir='ltr'>parte</span> <span class='ocrx_word' id='word_1_266' title='bbox 460 3351 514 3401; x_wconf 85' lang='lat' dir='ltr'>aut</span> <span class='ocrx_word' id='word_1_267' title='bbox 532 3361 571 3398; x_wconf 79' lang='lat' dir='ltr'>ex</span> <span class='ocrx_word' id='word_1_268' title='bbox 593 3348 660 3401; x_wconf 90' lang='lat' dir='ltr'>toto</span> <span class='ocrx_word' id='word_1_269' title='bbox 680 3339 755 3398; x_wconf 86' lang='lat' dir='ltr'>dare</span> <span class='ocrx_word' id='word_1_270' title='bbox 776 3337 999 3417; x_wconf 77' lang='lat' dir='ltr'>neglexerunt,</span> <span class='ocrx_word' id='word_1_271' title='bbox 1020 3339 1167 3401; x_wconf 78' lang='lat' dir='ltr'>volumus</span> <span class='ocrx_word' id='word_1_272' title='bbox 1189 3351 1226 3402; x_wconf 89' lang='lat' dir='ltr'>ut</span> 
     </span>
     <span class='ocr_line' id='line_1_36' title="bbox 102 3419 1226 3508; baseline 0 -24"><span class='ocrx_word' id='word_1_273' title='bbox 102 3446 163 3508; x_wconf 89' lang='lat' dir='ltr'>per</span> <span class='ocrx_word' id='word_1_274' title='bbox 187 3423 297 3484; x_wconf 84' lang='lat' dir='ltr'>ll&#39;lissos</span> <span class='ocrx_word' id='word_1_275' title='bbox 312 3435 435 3486; x_wconf 88' lang='lat' dir='ltr'>nostros</span> <span class='ocrx_word' id='word_1_276' title='bbox 460 3421 730 3502; x_wconf 88' lang='lat' dir='ltr'>constringantur,</span> <span class='ocrx_word' id='word_1_277' title='bbox 761 3428 797 3478; x_wconf 93' lang='lat' dir='ltr'>ut</span> <span class='ocrx_word' id='word_1_278' title='bbox 815 3419 991 3479; x_wconf 90' lang='lat' dir='ltr'>secundum</span> <span class='ocrx_word' id='word_1_279' title='bbox 1010 3421 1226 3501; x_wconf 89' lang='lat' dir='ltr'>Capitalarem</span> 
     </span>
     <span class='ocr_line' id='line_1_37' title="bbox 102 3501 1227 3588; baseline 0 -22"><span class='ocrx_word' id='word_1_280' title='bbox 102 3507 246 3588; x_wconf 87' lang='lat' dir='ltr'>priorem</span> <span class='ocrx_word' id='word_1_281' title='bbox 269 3508 393 3566; x_wconf 88' lang='lat' dir='ltr'>solvant</span> <span class='ocrx_word' id='word_1_282' title='bbox 415 3501 512 3566; x_wconf 84' lang='lat' dir='ltr'>unius</span> <span class='ocrx_word' id='word_1_283' title='bbox 535 3504 611 3562; x_wconf 89' lang='lat' dir='ltr'>anni</span> <span class='ocrx_word' id='word_1_284' title='bbox 639 3525 755 3562; x_wconf 86' lang='lat' dir='ltr'>nonam</span> <span class='ocrx_word' id='word_1_285' title='bbox 779 3510 811 3560; x_wconf 91' lang='lat' dir='ltr'>et</span> <span class='ocrx_word' id='word_1_286' title='bbox 833 3501 986 3562; x_wconf 87' lang='lat' dir='ltr'>decimam</span> <span class='ocrx_word' id='word_1_287' title='bbox 1010 3525 1083 3562; x_wconf 89' lang='lat' dir='ltr'>cum</span> <span class='ocrx_word' id='word_1_288' title='bbox 1104 3527 1160 3564; x_wconf 91' lang='lat' dir='ltr'>sua</span> <span class='ocrx_word' id='word_1_289' title='bbox 1176 3508 1227 3566; x_wconf 91' lang='lat' dir='ltr'>le-</span> 
     </span>
     <span class='ocr_line' id='line_1_38' title="bbox 104 3583 1225 3670; baseline 0 -24"><span class='ocrx_word' id='word_1_290' title='bbox 104 3610 168 3670; x_wconf 89' lang='lat' dir='ltr'>ge,</span> <span class='ocrx_word' id='word_1_291' title='bbox 202 3597 233 3646; x_wconf 90' lang='lat' dir='ltr'>et</span> <span class='ocrx_word' id='word_1_292' title='bbox 257 3587 389 3670; x_wconf 87' lang='lat' dir='ltr'>insuper</span> <span class='ocrx_word' id='word_1_293' title='bbox 413 3590 556 3648; x_wconf 88' lang='lat' dir='ltr'>bannum</span> <span class='ocrx_word' id='word_1_294' title='bbox 582 3595 734 3645; x_wconf 90' lang='lat' dir='ltr'>nostrum.</span> <span class='ocrx_word' id='word_1_295' title='bbox 780 3585 824 3660; x_wconf 34' lang='lat' dir='ltr'>,Et</span> <span class='ocrx_word' id='word_1_296' title='bbox 845 3583 907 3643; x_wconf 85' lang='lat' dir='ltr'>hoc</span> <span class='ocrx_word' id='word_1_297' title='bbox 936 3585 981 3644; x_wconf 87' lang='lat' dir='ltr'>eis</span> <span class='ocrx_word' id='word_1_298' title='bbox 1004 3587 1225 3665; x_wconf 83' lang='lat' dir='ltr'>denuntietur,</span> 
     </span>
     <span class='ocr_line' id='line_1_39' title="bbox 103 3666 1227 3751; baseline 0 -22"><span class='ocrx_word' id='word_1_299' title='bbox 103 3671 191 3751; x_wconf 85' lang='lat' dir='ltr'>quod</span> <span class='ocrx_word' id='word_1_300' title='bbox 219 3670 405 3750; x_wconf 88' lang='lat' dir='ltr'>quicunque</span> <span class='ocrx_word' id='word_1_301' title='bbox 433 3670 516 3729; x_wconf 89' lang='lat' dir='ltr'>hane</span> <span class='ocrx_word' id='word_1_302' title='bbox 555 3667 790 3750; x_wconf 83' lang='lat' dir='ltr'>neglegentiam</span> <span class='ocrx_word' id='word_1_303' title='bbox 821 3666 1005 3743; x_wconf 84' lang='lat' dir='ltr'>iteraverit,</span> <span class='ocrx_word' id='word_1_304' title='bbox 1032 3666 1227 3729; x_wconf 85' lang='lat' dir='ltr'>beneficium</span> 
     </span>
     <span class='ocr_line' id='line_1_40' title="bbox 103 3748 1226 3831; baseline 0.001 -20"><span class='ocrx_word' id='word_1_305' title='bbox 103 3753 192 3812; x_wconf 90' lang='lat' dir='ltr'>unde</span> <span class='ocrx_word' id='word_1_306' title='bbox 221 3751 300 3813; x_wconf 87' lang='lat' dir='ltr'>haec</span> <span class='ocrx_word' id='word_1_307' title='bbox 333 3775 416 3813; x_wconf 85' lang='lat' dir='ltr'>nona</span> <span class='ocrx_word' id='word_1_308' title='bbox 445 3762 477 3812; x_wconf 94' lang='lat' dir='ltr'>et</span> <span class='ocrx_word' id='word_1_309' title='bbox 500 3752 622 3812; x_wconf 86' lang='lat' dir='ltr'>decima</span> <span class='ocrx_word' id='word_1_310' title='bbox 652 3749 791 3831; x_wconf 87' lang='lat' dir='ltr'>persolvi</span> <span class='ocrx_word' id='word_1_311' title='bbox 817 3748 944 3824; x_wconf 87' lang='lat' dir='ltr'>debuit,</span> <span class='ocrx_word' id='word_1_312' title='bbox 975 3749 1163 3810; x_wconf 88' lang='lat' dir='ltr'>amissurum</span> <span class='ocrx_word' id='word_1_313' title='bbox 1192 3773 1226 3812; x_wconf 82' lang='lat' dir='ltr'>se</span> 
     </span>
     <span class='ocr_line' id='line_1_41' title="bbox 103 3827 1230 3914; baseline 0 -20"><span class='ocrx_word' id='word_1_314' title='bbox 103 3834 190 3894; x_wconf 86' lang='lat' dir='ltr'>sciat.</span> <span class='ocrx_word' id='word_1_315' title='bbox 233 3835 279 3894; x_wconf 86' lang='lat' dir='ltr'>Ita</span> <span class='ocrx_word' id='word_1_316' title='bbox 299 3835 383 3894; x_wconf 90' lang='lat' dir='ltr'>enim</span> <span class='ocrx_word' id='word_1_317' title='bbox 400 3835 584 3895; x_wconf 88' lang='lat' dir='ltr'>continetur</span> <span class='ocrx_word' id='word_1_318' title='bbox 606 3833 638 3891; x_wconf 92' lang='lat' dir='ltr'>in</span> <span class='ocrx_word' id='word_1_319' title='bbox 658 3827 840 3912; x_wconf 84' lang='lat' dir='ltr'>Capitulare</span> <span class='ocrx_word' id='word_1_320' title='bbox 856 3830 958 3890; x_wconf 86' lang='lat' dir='ltr'>honae</span> <span class='ocrx_word' id='word_1_321' title='bbox 980 3833 1150 3893; x_wconf 88' lang='lat' dir='ltr'>memoriae</span> <span class='ocrx_word' id='word_1_322' title='bbox 1172 3855 1230 3914; x_wconf 80' lang='lat' dir='ltr'>ge-</span> 
     </span>
     <span class='ocr_line' id='line_1_42' title="bbox 104 3913 1230 3997; baseline -0.001 -23"><span class='ocrx_word' id='word_1_323' title='bbox 104 3915 218 3976; x_wconf 88' lang='lat' dir='ltr'>nitoris</span> <span class='ocrx_word' id='word_1_324' title='bbox 241 3917 339 3975; x_wconf 86' lang='lat' dir='ltr'>nostri</span> <span class='ocrx_word' id='word_1_325' title='bbox 369 3918 401 3976; x_wconf 90' lang='lat' dir='ltr'>in</span> <span class='ocrx_word' id='word_1_326' title='bbox 421 3918 502 3976; x_wconf 87' lang='lat' dir='ltr'>libro</span> <span class='ocrx_word' id='word_1_327' title='bbox 524 3917 646 3997; x_wconf 86' lang='lat' dir='ltr'>primo,</span> <span class='ocrx_word' id='word_1_328' title='bbox 669 3914 808 3994; x_wconf 87' lang='lat' dir='ltr'>capitulo</span> <span class='ocrx_word' id='word_1_329' title='bbox 835 3935 938 3972; x_wconf 83' lang='lat' dir='ltr'>cnvu:</span> <span class='ocrx_word' id='word_1_330' title='bbox 986 3913 1026 3973; x_wconf 86' lang='lat' dir='ltr'>Ut</span> <span class='ocrx_word' id='word_1_331' title='bbox 1040 3917 1096 3996; x_wconf 82' lang='lat' dir='ltr'>qui</span> <span class='ocrx_word' id='word_1_332' title='bbox 1118 3921 1230 3975; x_wconf 72' lang='lat' dir='ltr'>Eccle-</span> 
     </span>
     <span class='ocr_line' id='line_1_43' title="bbox 103 3994 1230 4080; baseline 0 -24"><span class='ocrx_word' id='word_1_333' title='bbox 103 4002 223 4068; x_wconf 74' lang='lat' dir='ltr'>siarran¹</span> <span class='ocrx_word' id='word_1_334' title='bbox 241 3997 393 4080; x_wconf 71' lang='lat' dir='ltr'>berzrfieia</span> <span class='ocrx_word' id='word_1_335' title='bbox 415 4001 545 4075; x_wconf 76' lang='lat' dir='ltr'>liabent,</span> <span class='ocrx_word' id='word_1_336' title='bbox 576 4019 689 4056; x_wconf 81' lang='lat' dir='ltr'>nonum</span> <span class='ocrx_word' id='word_1_337' title='bbox 711 4008 740 4054; x_wconf 83' lang='lat' dir='ltr'>et</span> <span class='ocrx_word' id='word_1_338' title='bbox 762 3994 913 4054; x_wconf 85' lang='lat' dir='ltr'>decimam</span> <span class='ocrx_word' id='word_1_339' title='bbox 936 4017 978 4055; x_wconf 83' lang='lat' dir='ltr'>ex</span> <span class='ocrx_word' id='word_1_340' title='bbox 1004 3998 1048 4054; x_wconf 91' lang='lat' dir='ltr'>eis</span> <span class='ocrx_word' id='word_1_341' title='bbox 1069 3995 1230 4056; x_wconf 79' lang='lat' dir='ltr'>Ecclesiae</span> 
     </span>
     <span class='ocr_line' id='line_1_44' title="bbox 103 4076 1233 4160; baseline 0.001 -22"><span class='ocrx_word' id='word_1_342' title='bbox 103 4081 192 4138; x_wconf 78' lang='lat' dir='ltr'>citius</span> <span class='ocrx_word' id='word_1_343' title='bbox 211 4101 260 4139; x_wconf 85' lang='lat' dir='ltr'>res</span> <span class='ocrx_word' id='word_1_344' title='bbox 280 4093 363 4152; x_wconf 86' lang='lat' dir='ltr'>suut,</span> <span class='ocrx_word' id='word_1_345' title='bbox 386 4081 512 4141; x_wconf 79' lang='lat' dir='ltr'>donent.</span> <span class='ocrx_word' id='word_1_346' title='bbox 553 4079 595 4138; x_wconf 86' lang='lat' dir='ltr'>Et</span> <span class='ocrx_word' id='word_1_347' title='bbox 619 4081 674 4160; x_wconf 83' lang='lat' dir='ltr'>qui</span> <span class='ocrx_word' id='word_1_348' title='bbox 700 4077 760 4136; x_wconf 80' lang='lat' dir='ltr'>tale</span> <span class='ocrx_word' id='word_1_349' title='bbox 789 4076 975 4157; x_wconf 66' lang='lat' dir='ltr'>beneficium</span> <span class='ocrx_word' id='word_1_350' title='bbox 995 4079 1119 4153; x_wconf 77' lang='lat' dir='ltr'>liabent,</span> <span class='ocrx_word' id='word_1_351' title='bbox 1141 4077 1233 4138; x_wconf 78' lang='lat' dir='ltr'>etad</span> 
     </span>
     <span class='ocr_line' id='line_1_45' title="bbox 105 4161 1299 4242; baseline 0.001 -24"><span class='ocrx_word' id='word_1_352' title='bbox 105 4161 300 4221; x_wconf 81' lang='lat' dir='ltr'>medietatem</span> <span class='ocrx_word' id='word_1_353' title='bbox 319 4162 476 4234; x_wconf 82' lang='lat' dir='ltr'>laborant,</span> <span class='ocrx_word' id='word_1_354' title='bbox 498 4161 590 4219; x_wconf 83' lang='lat' dir='ltr'>atde</span> <span class='ocrx_word' id='word_1_355' title='bbox 613 4181 718 4218; x_wconf 73' lang='lat' dir='ltr'>cortem</span> <span class='ocrx_word' id='word_1_356' title='bbox 739 4161 885 4238; x_wconf 85' lang='lat' dir='ltr'>portione</span> <span class='ocrx_word' id='word_1_357' title='bbox 905 4161 1037 4242; x_wconf 80' lang='lat' dir='ltr'>proprio</span> <span class='ocrx_word' id='word_1_358' title='bbox 1064 4161 1230 4238; x_wconf 71' lang='lat' dir='ltr'>Presbyte-</span> <span class='ocrx_word' id='word_1_359' title='bbox 1297 4167 1299 4174; x_wconf 61' lang='lat'><strong><em>⁴</em></strong></span> 
     </span>
     <span class='ocr_line' id='line_1_46' title="bbox 104 4241 1229 4325; baseline 0.002 -22"><span class='ocrx_word' id='word_1_360' title='bbox 104 4264 143 4304; x_wconf 86' lang='lat' dir='ltr'>ro</span> <span class='ocrx_word' id='word_1_361' title='bbox 164 4242 300 4306; x_wconf 82' lang='lat' dir='ltr'>decimas</span> <span class='ocrx_word' id='word_1_362' title='bbox 329 4244 455 4310; x_wconf 80' lang='lat' dir='ltr'>donent.</span> <span class='ocrx_word' id='word_1_363' title='bbox 498 4245 577 4305; x_wconf 87' lang='lat' dir='ltr'>Item</span> <span class='ocrx_word' id='word_1_364' title='bbox 601 4241 834 4325; x_wconf 64' lang='lat' dir='ltr'>inflapitulari</span> <span class='ocrx_word' id='word_1_365' title='bbox 859 4251 990 4316; x_wconf 88' lang='lat' dir='ltr'>nostro,</span> <span class='ocrx_word' id='word_1_366' title='bbox 1024 4243 1056 4301; x_wconf 90' lang='lat' dir='ltr'>in</span> <span class='ocrx_word' id='word_1_367' title='bbox 1079 4243 1164 4304; x_wconf 87' lang='lat' dir='ltr'>libro</span> <span class='ocrx_word' id='word_1_368' title='bbox 1195 4269 1229 4323; x_wconf 88' lang='lat' dir='ltr'>n,</span> 
     </span>
    </p>
   </div>
   <div class='ocr_carea' id='block_1_10' title="bbox 0 0 1472 4984">
    <p class='ocr_par' dir='ltr' id='par_1_11' title="bbox 0 0 1472 4984">
     <span class='ocr_line' id='line_1_47' title="bbox 0 0 1472 4984; baseline 0 0"><span class='ocrx_word' id='word_1_369' title='bbox 0 0 1472 4984; x_wconf 95' lang='lat' dir='ltr'> </span> 
     </span>
    </p>
   </div>
  </div>
 </body>
</html>
