2948 4990
538 297 662 387 iiaun'
689 319 846 388 saurus?
1191 305 1267 381 663

265 469 313 530 Ne
329 455 503 554 Episcopus
523 470 653 554 quilibet
668 470 764 534 aiebam
777 469 938 536 conculcet
952 469 1151 556 Episcopum

133 583 136 590 '
217 572 348 641 ¹CCCC.
389 577 431 636 Ut
452 577 562 638 nullus
579 577 756 659 Episcopus
772 576 870 638 alium
886 571 1056 638 conculcet
1073 575 1269 660 Episcopum

138 677 208 722 nec
230 679 303 718 eum
324 659 591 740 supergrediatur,
614 668 669 719 aut
685 658 819 741 aliquod
846 659 1084 721 incommodum
1104 657 1135 718 ei
1156 658 1190 718 in
1212 671 1268 722 sua

139 739 243 806 faciat
261 740 420 822 parochia.

187 848 236 906 De
249 838 405 929 Episcopo
422 844 565 930 deposito
583 845 640 986 qur}
656 866 687 906 se
709 843 753 908 od
773 845 944 988 pomonam
966 845 1153 932 Pontificem
1175 867 1227 907 re-

610 949 802 988 camaceri.
1205 969 1208 975 ·

228 1031 364 1093 CCCCl.
406 1033 440 1094 Si
453 1032 524 1116 quis
532 1032 708 1115 Episcopus
721 1031 884 1115 depositus
896 1035 1054 1116 agendum
1067 1031 1127 1094 sibi
1140 1029 1267 1112 negoti·
1368 1077 1374 1093 2

142 1138 203 1176 um
220 1115 254 1173 in
267 1115 344 1174 urbe
356 1117 455 1175 Roma
468 1115 721 1198 proclamaverit,
738 1117 819 1176 alter
832 1116 1009 1198 Episcopus
1024 1116 1058 1173 iu
1080 1114 1149 1174 cius
1165 1112 1270 1172 cathe-

66 1195 73 1199 ”
141 1201 214 1276 dra,
232 1207 302 1278 post
319 1198 710 1279 appellationemeiusqui
729 1197 858 1259 videtur
885 1219 951 1258 esse
973 1195 1146 1279 depositus,
1169 1194 1268 1254 omni-

139 1303 188 1341 no
206 1302 271 1340 non
295 1279 480 1360 ordinetur,
502 1279 563 1341 nisi
586 1302 679 1342 causa
700 1279 800 1340 fuerit
820 1279 940 1346 iudicio
958 1277 1092 1341 Romani
1116 1275 1267 1358 Episcopi

141 1361 363 1450 determinata.
435 1427 441 1433 7

140 1467 192 1528 Ne
217 1469 251 1526 ia
276 1465 515 1530 Praedicatores
534 1469 692 1532 Ecclesiae
714 1463 922 1534 detractiones
950 1487 1004 1528 seu
1025 1465 1265 1552 vituperationes
1307 1498 1308 1503 κ

329 1547 437 1631 fiant.-
462 1551 550 1634 qaod
574 1553 724 1614 canonica
744 1551 909 1635 Scriptura
930 1547 1067 1610 damnat.

226 1653 377 1715 CCCCll.
418 1655 514 1732 Quod
527 1657 676 1718 omnibus
694 1655 841 1718 fidelibus
863 1653 1077 1734 omnibusque
1095 1649 1262 1732 ordinibus

138 1755 342 1816 summopere
367 1737 546 1799 carendum
571 1738 612 1800 sit
641 1760 681 1799 ue
705 1737 854 1800 clanculo
883 1745 937 1796 aut
965 1735 1101 1817 publice
1122 1734 1263 1814 Urseium

138 1817 273 1884 Domini
294 1817 543 1881 detractionibus
562 1831 596 1881 et
618 1819 907 1904 vituperationibus
933 1816 1104 1891 dilanient,
1122 1815 1262 1895 perpen-

140 1901 254 1961 dentes
273 1899 355 1958 illud
377 1900 558 1982 exemplum
578 1903 715 1981 Mariae,
737 1922 819 1983 quae
844 1919 883 1964 eo
905 1901 991 1982 quod
1015 1897 1115 1980 Moysi
1134 1895 1261 1960 ,famulo

138 1980 271 2066 Domini
300 1992 431 2062 propter
461 1983 693 2066 Aethiopissam
725 1983 884 2060 detraxit,
924 1979 1126 2042 immunditia
1152 1976 1261 2059 leprae

139 2064 274 2123 multata
290 2065 341 2136 sit,
360 2067 402 2124 Et
421 2065 502 2126 illud
517 2067 721 2130 Psalmistae:
741 2067 846 2128 Nolite
863 2077 987 2144 iungere
1008 2062 1260 2136 cariaciaco,

141 2159 173 2208 et
194 2168 227 2212 ro
248 2145 414 2228 Prophetis
442 2149 517 2206 meis
539 2150 635 2208 nolite
656 2148 831 2227 rnalignari.
870 2147 913 2207 Et
932 2145 1089 2207 Dominus
1103 2163 1162 2224 per
1174 2143 1262 2224 Moy*

141 2235 198 2290 sen
224 2226 287 2286 ait:
317 2229 388 2286 Diis
406 2250 469 2293 uon
497 2229 652 2308 detrahes,
684 2243 714 2290 et
731 2230 874 2312 Principi
887 2229 999 2312 populi
1019 2229 1065 2287 tui
1087 2225 1260 2290 neumaia-

136 2311 237 2378 'dices
294 2309 337 2368 Et
355 2309 380 2368 si
398 2311 514 2388 David,
536 2313 660 2394 Regum
679 2311 880 2387 iustissimus,
901 2311 934 2370 in
956 2311 1043 2386 saal,
1065 2326 1161 2389 quem
1180 2325 1259 2362 eou-

140 2391 242 2454 stabat
257 2391 349 2451 iamai
365 2392 503 2453 Domino
519 2396 724 2475 reprobatum
737 2403 770 2455 et
780 2393 938 2453 abiectum
955 2413 1034 2467 esse,
1047 2408 1176 2448 mannum
1191 2385 1260 2442 mit·

140 2484 210 2536 tere
234 2494 299 2533 non
313 2474 535 2555 praesumpsit,
556 2476 656 2542 multo
681 2475 778 2558 magis
796 2475 974 2535 cavendum
999 2481 1045 2532 est
1069 2491 1109 2529 ue
1127 2487 1257 2526 manum

141 2556 348 2616 detractionis
364 2565 416 2614 aut
431 2557 685 2638 vituperati-ouis,
706 2557 773 2618 sive
789 2554 1027 2625 indiscretionis
1043 2561 1097 2612 aut
1113 2548 1259 2641 dehono-

139 2639 286 2713 rationis,
307 2638 435 2718 quidam
461 2639 586 2702 mittant
607 2641 641 2700 in
666 2643 803 2702 Unctum
826 2637 957 2707 Domini
981 2647 1013 2698 θῑ
1032 2636 1065 2697 ῘΠ
1086 2629 1257 2699 Prae‘hca'

139 2728 225 2782 tores
247 2731 372 2780 sanctae
392 2719 454 2780 Dei
473 2721 648 2783 Ecclesiae.

182 2825 279 2912 Quod
302 2825 454 2911 Episcopi
484 2828 568 2894 iuter
588 2849 620 2887 sc
637 2827 818 2970 papigere,
841 2823 966 2909 siquid
985 2820 1218 2904 ortumsuerit,

661 2932 675 2969 c
699 2924 759 2970 eat.

223 3013 389 3078 CCCClll.
432 3013 658 3074 Constantinus
680 3014 856 3095 Imperator
879 3012 918 3074 de
935 3009 1189 3074 accusationibus
1214 3013 1257 3072 E·

139 3093 344 3178 piscoporum
357 3097 417 3156 aits
440 3097 529 3156 Haec
550 3095 676 3178 quidem
691 3098 902 3156 accusationes
918 3109 1045 3178 teurpus.
1056 3095 1169 3155 babent
1185 3116 1260 3176 pron
1286 3132 1289 3137 -
1319 3167 1321 3173 y

138 3180 265 3260 prium;
295 3177 408 3249 idest,
433 3177 516 3237 diem
542 3179 647 3256 magui
668 3178 800 3248 iudicii,
833 3177 978 3238 Iudicem
997 3177 1182 3237 seruilium
1207 3177 1262 3257 qui

141 3273 213 3318 trane
226 3257 358 3338 futurus
381 3272 427 3318 est
448 3281 552 3321 omues
566 3259 717 3318 iudicare.
758 3260 843 3319 Mihi
864 3279 938 3338 ergo
956 3261 1075 3318 homiui
1091 3261 1259 3319 constituto

142 3341 180 3400 de
203 3341 382 3402 huiusmodi
400 3343 492 3402 rebus
509 3363 572 3401 uon
587 3342 661 3400 licet
680 3337 791 3402 iubere
813 3341 1023 3417 auditorium,
1053 3340 1260 3401 Sacerdotem

141 3425 257 3482 scilicet
276 3426 534 3500 accusauu'umvet
557 3422 651 3482 simul
670 3436 906 3496 accusatorum,
931 3444 1007 3505 qacos
1034 3423 1159 3482 minime
1184 3444 1259 3482 con-

141 3507 221 3566 venit
243 3505 320 3564 tales
340 3504 453 3566 debere
471 3505 641 3566 monstrari
657 3505 716 3586 'qai
727 3505 905 3565 iudicentur
917 3507 956 3566 ab
972 3502 1053 3564 aliis.
1084 3505 1263 3586 Imperator
1327 3499 1329 3502 ’

140 3607 270 3669 quoque
292 3587 537 3648 Valentinianus
557 3588 597 3646 de
623 3586 856 3668 Episcoporum
877 3587 977 3648 causis
996 3586 1041 3647 sic
1063 3585 1121 3646 ait:
1155 3587 1261 3668 Supra

141 3691 220 3744 uos,
252 3667 373 3748 inquit,
404 3682 450 3734 est
473 3682 612 3734 oestrum
635 3672 802 3746 negotium.
844 3669 887 3734 Ec
914 3668 988 3730 ideo
1009 3690 1060 3730 vos
1085 3669 1124 3728 dc
1152 3668 1259 3728 restris

141 3752 223 3814 iuter
238 3769 297 3809 uos
318 3753 399 3830 agite
421 3752 535 3823 causis,
558 3751 631 3834 quia
653 3771 749 3834 supra
769 3773 826 3812 uos
847 3751 930 3811 estis.
970 3752 1012 3812 Et
1034 3751 1170 3831 reliqua.

267 3882 317 3940 De
339 3880 517 3958 sacrilegis,
543 3878 632 3962 qraod
645 3877 739 3961 fures
760 3881 842 3953 sini,
866 3893 941 3944 teste
962 3879 1137 3962 Scriptura.

225 3985 392 4048 cccclv.
435 3984 765 4047 Omnibussciendum
776 3993 823 4046 est
836 3986 924 4066 quod
943 3985 1090 4066 sacrilegi
1104 3985 1191 4044 fures
1201 3981 1264 4044 siut

144 4065 251 4126 cuncti
265 4067 320 4147 qui
333 4089 384 4128 res
394 4067 557 4130 Ecclesiae
572 4067 737 4148 diripiunt,
749 4076 883 4144 uastant,
896 4067 1063 4142 invadunt,
1081 4078 1263 4145 veniantque
1340 4119 1342 4129 .

143 4157 197 4214 aut
216 4148 234 4210 b
254 4148 322 4208 iure
347 4151 565 4212 Ecclesiarum
589 4145 710 4232 quihus
724 4151 857 4212 traditae
880 4151 1020 4224 fuerant,
1043 4147 1160 4210 iniuste
1184 4149 1264 4206 alic-

143 4239 229 4300 nant·
271 4230 364 4300 unde
385 4240 416 4297 et
434 4231 634 4303 beatissimus
655 4231 871 4322 Augustinus,
898 4231 933 4319 in
961 4227 1100 4296 homelia
1125 4231 1263 4318 quadra·
