2948 4990
219 306 292 374 622
674 317 963 378 castrabantutt

220 462 335 544 disque
353 458 503 522 fidelibus
520 457 701 542 exigantur.
744 460 842 539 Quod
863 458 964 546 siqui
983 457 1260 546 perpetraverint,
1290 459 1358 522 bo-

220 548 308 608 noris
326 545 376 606 sui
393 542 460 605 siat
473 543 657 625 periculum
673 543 823 606 subituri.

261 653 311 711 De
328 670 460 735 quornm
475 648 658 732 baptismate
679 651 795 732 absque
816 647 1067 710 dissimulatione
1084 645 1258 721 dubitatur,
1280 659 1316 710 nt

552 732 750 814 baptizentur
764 744 966 817 praeceptum
982 742 1038 791 est.

303 835 521 904 CLXXXIV.
563 839 612 898 De
629 838 748 918 quibus
765 837 900 899 dubium
917 846 964 898 est
976 845 1086 898 utrum
1102 835 1167 898 sint
1181 837 1357 922 baptizati,

220 947 260 986 an
278 946 362 999 non,
386 919 578 982 omnimodis
595 919 715 1002 absque
737 922 806 982 ullo
823 920 978 1002 scrupulo
995 919 1218 1002 baptizentur,
1240 920 1290 982 his
1304 932 1357 981 ta-

219 1029 295 1070 men
315 1005 422 1068 verbis
438 1002 642 1086 praemissis.-
673 1005 747 1066 Non
763 1017 792 1063 te
812 1003 972 1086 rebaptizo
981 1029 994 1074 ,-
1013 1001 1072 1060 sed
1084 1003 1265 1064 sinendum
1281 1005 1359 1088 bap-

190 1171 194 1178 ·
220 1094 335 1186 tizatns
361 1109 415 1160 es,
439 1087 562 1171 baptizo
581 1098 609 1145 te
629 1087 664 1146 in
687 1089 813 1148 nomine
829 1087 957 1158 Patris,
980 1099 1012 1146 et
1035 1084 1135 1158 Filii,
1158 1097 1189 1144 et
1214 1084 1358 1171 Spiritus

222 1173 494 1328 SIlJIlCIl'reslyteri
515 1249 549 1310 in
570 1247 715 1310 Ecclesia
723 1247 832 1334 fidem
852 1261 977 1310 sanctae
1004 1247 1170 1310 Trinitatis
1192 1248 1338 1312 doceant.

304 1355 499 1423 CLXXXV,
541 1356 660 1417 Notum
676 1365 724 1418 est
745 1356 894 1417 omnibns
910 1353 1106 1436 impossibile
1122 1378 1190 1418 esse
1210 1357 1280 1417 sine
1294 1357 1358 1418 tide

220 1444 351 1528 placere
370 1443 451 1500 Deo.
492 1439 535 1499 Et
566 1437 640 1498 ideo
664 1438 774 1499 nullus
795 1440 837 1500 sit
866 1437 1040 1522 Presbyter
1063 1439 1121 1520 qai
1151 1439 1184 1498 in
1209 1438 1360 1502 Ecclesia

142 1543 146 1552 ·
220 1525 352 1610 publice
370 1543 435 1582 non
460 1521 590 1598 doceat,
613 1520 725 1601 lingua
742 1543 837 1602 quam
851 1519 1011 1582 auditores
1028 1522 1236 1604 intellegant,
1260 1521 1360 1584 iidem

223 1604 454 1688 omnipotentis
473 1603 536 1664 Dei
552 1604 585 1663 in
610 1603 732 1663 unitate
749 1613 781 1665 et
794 1604 939 1665 trinitate
953 1602 1143 1689 simpliciter
1160 1604 1306 1683 credere,
1328 1615 1360 1666 et

222 1713 260 1750 ea
279 1711 361 1770 quae
378 1686 527 1747 omnibus
550 1687 746 1769 generaliter
763 1687 900 1748 dicenda
916 1695 1002 1765 sunt,
1026 1693 1065 1752 de
1079 1690 1170 1750 mulis
1187 1685 1360 1765 evitandis,

223 1772 291 1834 sive
302 1771 394 1831 bonis
408 1768 577 1845 faciendis,
593 1775 625 1828 et
641 1767 763 1833 iudicio
777 1769 810 1828 in
825 1771 1060 1836 resurrectione
1071 1775 1191 1836 futuro.
1234 1768 1269 1828 Si
1283 1793 1361 1832 vero

223 1855 292 1936 ipse
312 1853 419 1914 verbis
441 1850 609 1912 manifeste
632 1852 792 1931 explicare
814 1873 879 1912 non
901 1857 1060 1935 potuerit,
1082 1863 1168 1940 petat
1196 1849 1258 1912 sibi
1284 1855 1361 1913 ead
1457 1905 1458 1912 ,

224 1936 370 1998 doctiore
401 1931 589 2009 transcribi,
612 1933 753 2014 qualiter
774 1944 883 2016 aperte
903 1937 1012 2016 legat,
1034 1933 1122 2020 quod
1145 1935 1202 2018 qui
1223 1934 1363 1996 audiunt

225 2019 431 2099 intellegant,
473 2016 515 2075 Et
530 2015 587 2095 qui
607 2017 743 2098 amptius
757 2037 822 2076 non
839 2017 999 2100 potuerit,
1023 2020 1075 2082 vel
1101 2019 1151 2080 his
1179 2015 1283 2080 verbis
1303 2019 1362 2078 ad-

225 2108 372 2161 moneat:
412 2098 643 2160 Paenitentiam
680 2101 788 2179 agite:
827 2099 1093 2186 adpropinquavit
1117 2104 1200 2162 enim
1231 2121 1362 2181 regnum
1457 2175 1458 2188 χ

229 2183 400 2247 coelorum,

230 2264 272 2328 Ut
282 2263 468 2343 Presbyteri
492 2259 679 2324 adnuntient
698 2263 825 2362 ρρρμίοΙ
844 2277 981 2349 quatuor
1005 2265 1145 2348 legitima
1172 2264 1361 2350 Temporum

727 2367 854 2412 seranta.

306 2450 527 2519 CLXXXVI.
567 2455 714 2514 Doceant
734 2452 919 2538 Presbyteri
938 2453 1094 2538 populum
1118 2465 1257 2538 quatuor
1274 2453 1358 2534 legi-

224 2540 301 2602 tima
318 2547 499 2619 temporum
513 2535 637 2596 ieiunia
656 2534 837 2614 observare,
852 2535 913 2597 hoc
931 2547 996 2615 est,
1020 2559 1128 2599 mense
1146 2539 1285 2614 Martio,
1308 2539 1360 2596 ln-

223 2623 290 2701 lio,
313 2618 534 2701 Septembrio,
557 2628 590 2679 et
608 2617 801 2678 Decembrio
813 2663 823 2696 ,
846 2618 977 2702 quando
998 2621 1081 2682 sacri
1104 2621 1235 2684 ordines
1268 2620 1359 2680 iuxta

225 2714 344 2768 statuta
365 2704 535 2763 Canonum
550 2699 798 2763 distribuuntur.

413 2806 454 2868 Ut
476 2807 595 2866 ieiunia
620 2806 684 2865 tria
708 2805 847 2884 legitima
868 2807 902 2868 in
923 2829 1004 2868 anno
1031 2820 1173 2888 agantur,
1456 2845 1457 2864 i

308 2889 537 2954 CLXXXVII.
579 2888 701 2949 Iterum
730 2888 924 2950 admoneant
954 2892 1143 2952 Sacerdotes
1173 2903 1211 2953 ut
1237 2889 1360 2955 ieiunia
1456 2921 1457 2970 3

222 2976 285 3038 tria
303 2972 448 3056 legitima
473 2972 507 3032 in
528 2991 614 3030 anno
636 2977 793 3051 agantur,
815 2969 849 3032 id
867 2981 931 3050 est,
954 2973 1165 3056 quadraginta
1192 2977 1260 3038 dies
1284 2983 1359 3036 ante

221 3058 432 3122 Nativitatem
451 3053 609 3130 Domini,
638 3062 670 3114 et
691 3053 901 3135 quadraginta
932 3055 1001 3118 dies
1031 3065 1105 3138 ante
1132 3058 1274 3136 Pascha,
1304 3056 1360 3118 nbi

223 3141 364 3212 decimas
387 3137 465 3198 anni
483 3135 648 3212 solvimus,
671 3143 702 3194 et
723 3146 796 3216 post
814 3137 1027 3199 Pentecosten
1049 3140 1261 3223 qnadraginta
1282 3140 1360 3200 dies.

223 3226 429 3303 Quamquam
460 3217 548 3280 enim
572 3217 734 3280 nonnulla
761 3239 801 3278 ex
835 3218 885 3280 his
912 3221 1069 3281 canoniea
1089 3222 1262 3304 priventur
1282 3243 1362 3282 auc-

225 3305 375 3380 toritate,
399 3301 492 3362 nobis
524 3310 630 3362 tamen
665 3300 815 3362 omnibus
846 3301 960 3380 simul,
988 3312 1121 3385 propter
1149 3304 1361 3368 consuetudi-

224 3409 300 3448 nem
324 3385 433 3469 plebis
464 3394 496 3446 et
524 3392 695 3466 parentum
730 3392 912 3446 nostrorum
945 3405 1086 3464 rnorem,
1108 3385 1188 3449 haec
1209 3387 1362 3448 observa-

222 3491 281 3545 re,
305 3479 342 3528 ut
359 3466 507 3549 superins
532 3465 799 3549 comprehensum
819 3475 867 3528 est
887 3468 1050 3533 convenit,
1091 3469 1133 3530 Et
1155 3467 1233 3531 lieet
1255 3467 1362 3529 omni·

222 3553 285 3613 bus
313 3548 426 3612 diebus
454 3567 544 3609 orare
572 3557 606 3608 et
627 3547 786 3610 abstinere
820 3548 1006 3628 conveniat,
1035 3548 1086 3610 his
1107 3560 1215 3613 tamen
1237 3561 1362 3632 tempo·

222 3635 312 3696 ribus
329 3631 465 3714 amplius
487 3628 618 3690 ieiuniis
638 3639 669 3690 et
684 3630 906 3714 poenitentiae
923 3631 1042 3694 servire
1063 3642 1199 3714 oportet.
1263 3633 1362 3694 Prae·

224 3727 277 3777 ter
293 3725 399 3776 autern
412 3711 555 3796 legitima
566 3719 710 3794 tempora
726 3713 923 3783 ieiuniorum
931 3759 940 3791 ,
956 3713 1059 3775 omnis
1071 3727 1159 3776 sexta
1170 3715 1249 3776 feria
1263 3736 1361 3796 prop-

225 3808 278 3859 ter
293 3799 472 3880 passionem
487 3793 619 3856 Domini
637 3795 811 3860 ieiunetur.
855 3796 920 3858 Sed
939 3805 972 3856 et
994 3795 1113 3858 sabbati
1130 3799 1198 3859 dies
1215 3797 1361 3881 dpleris·

228 3902 316 3962 que,
338 3887 472 3963 propter
494 3875 581 3960 quod
598 3877 632 3936 in
654 3899 693 3938 eo
714 3877 861 3940 Christus
883 3878 983 3942 iacuit
1002 3878 1036 3938 in
1064 3881 1256 3964 sepulchro,
1280 3878 1362 3940 ieiu-

229 3962 287 4023 nio
308 3969 512 4023 consecratas
532 3957 679 4022 habetur.

238 4067 280 4130 Ut
296 4067 445 4155 populns,
469 4065 532 4155 nisi
560 4064 684 4129 dnobus
704 4067 908 4152 temporibus,
928 4064 1065 4150 infantes
1086 4086 1159 4128 snos
1180 4065 1225 4127 ad
1244 4065 1363 4150 baptis·

662 4171 746 4210 mam
761 4171 825 4210 non
840 4149 966 4232 offerat.

314 4253 559 4323 CLXXXVIII.
600 4255 728 4322 Placuit
747 4266 783 4318 ut
799 4258 940 4346 populus
962 4257 1003 4321 ad
1033 4255 1225 4344 baptismum
1253 4277 1363 4320 eorum
