2926 4984
568 315 685 376 cmm
719 316 898 381 amusos.
1126 273 1133 285 ’
1192 302 1266 376 527

128 453 218 518 culis
236 458 439 540 urgentibus,
458 456 654 544 praesidium
673 456 893 540 poenitentiae
913 465 946 518 et
973 478 1047 520 mox
1070 460 1265 524 reconcilia-

131 537 234 598 tionis
252 539 441 621 implorant,
465 563 527 604 nec
547 540 721 604 satisfactio
745 539 970 600 interdicenda
986 550 1052 618 est,
1074 564 1135 604 uec
1152 566 1268 607 recon-

133 620 258 683 ciliatio
285 623 491 708 deneganda:
512 625 590 706 quia
606 621 843 685 misericordiae
863 622 925 684 Dei
941 643 1001 682 nec
1018 645 1180 686 mensuras
1196 651 1267 710 pos-

126 726 241 766 sumus
255 727 398 787 ponere,
422 729 483 770 nec
505 717 648 791 tempora
673 705 827 782 definire,
850 705 935 785 apud
961 727 1057 783 quem
1086 710 1190 769 nullas
1214 733 1266 790 pa·

128 788 213 846 titur
240 789 351 850 venire
378 813 479 852 moras
505 790 697 866 conversio,
720 789 848 850 dicente
869 788 931 846 Dei
954 788 1076 868 Spiritu
1106 813 1164 874 per
1188 794 1266 852 Pro·

157 869 284 930 hetam:
303 872 382 934 Cum
396 894 566 935 conversus
581 875 792 953 ingemueris,
815 885 887 931 tuuc
905 871 1012 928 saluus
1030 875 1101 932 eris.
1124 875 1164 932 Et
1175 873 1263 934 alibi:

131 895 193 1012 iric
216 955 397 1034 iniquitates
427 969 495 1016 tuas
523 957 627 1038 prior,
654 969 688 1015 ut
716 951 908 1038 iustificeris.
950 953 1051 1012 ltem:
1077 957 1158 1036 Quia
1178 955 1266 1039 apud

131 1037 303 1096 Dominum
329 1038 549 1099 misericordia
573 1051 639 1110 est,
673 1051 704 1098 et
726 1041 853 1122 copiosa
876 1033 964 1113 apud
986 1057 1054 1096 eum
1076 1037 1261 1120 redemptio.

132 1121 170 1177 ln
193 1117 414 1198 dispensandis
436 1122 544 1202 itaque
563 1121 625 1182 Dei
643 1120 734 1186 donis
757 1141 821 1179 non
842 1117 994 1177 debemus
1018 1141 1083 1179 esse
1103 1118 1261 1198 difficiles,

132 1223 194 1262 nec
221 1220 254 1259 se
272 1205 491 1263 accusantium
507 1201 641 1286 gemitus
663 1202 881 1286 lacrymasque
906 1199 1095 1282 neglegere,
1118 1221 1191 1261 cum
1210 1203 1262 1285 ip-

126 1307 196 1344 sam
212 1285 403 1364 poenitendi
420 1287 621 1348 allectionem
638 1307 678 1346 ex
691 1287 752 1346 Dei
771 1283 937 1345 credamus
961 1281 1168 1363 inspiratione
1187 1306 1262 1345 cou-

127 1378 274 1448 ceptam,
299 1369 426 1430 dicente
451 1369 626 1450 Apostolo:
649 1367 797 1448 Neforte
819 1365 874 1424 det
903 1365 966 1422 illis
993 1365 1079 1424 Deus
1100 1370 1261 1448 poeniten·

129 1451 223 1525 tiam,
246 1463 279 1509 ut
297 1455 483 1533 resipiscant
501 1451 521 1509 ia
542 1450 664 1512 diaboti
688 1450 825 1531 laqueis,
847 1447 867 1506 ir
886 1467 947 1528 quo
970 1449 1091 1530 captivi
1116 1460 1259 1510 tenentur

127 1532 175 1590 ad
192 1533 291 1615 ipsius
317 1535 519 1594 uoluntatem.

128 1670 211 1726 Item
232 1665 272 1725 de
295 1668 507 1747 poenitentum
531 1661 745 1732 absolutione,
768 1673 802 1720 ut
817 1679 878 1744 per
896 1678 1005 1718 manus
1026 1658 1256 1742 impositionem

302 1745 530 1832 Episcoporum
551 1745 604 1804 oel
623 1742 829 1805 Sacerdotum
846 1741 993 1825 precibus
1004 1737 1082 1824 fiat.

210 1873 316 1936 CXX.
359 1876 392 1936 Si
416 1874 489 1957 quis
506 1873 540 1932 in
562 1855 710 1954 periculo
729 1871 780 1934 rel
796 1890 873 1950 pace
890 1880 946 1930 aut
968 1870 1153 1934 infirmitate
1173 1895 1256 1956 poe·

125 1955 299 2016 nitentium
319 1957 496 2039 acceperit,
519 1955 544 2016 si
563 1954 719 2016 continuo
739 1953 881 2013 ereditur
900 1951 1084 2030 moriturus,
1111 1957 1257 2018 reconci-

122 2038 299 2180 ὲῗῑυζέετ
317 2061 429 2101 manus
452 2036 709 2122 impositionem,
740 2044 773 2097 et
796 2034 987 2095 infundatur
1018 2036 1065 2096 ori
1099 2038 1168 2100 eius
1195 2061 1256 2101 eu·

169 2143 232 2182 aris
248 2144 287 2181 lat.

126 2223 172 2287 Ut
192 2230 378 2310 poenitens,
406 2229 537 2290 ostensis
555 2227 763 2311 poenitentiae
782 2222 959 2303 fructibus,
988 2227 1033 2286 ad
1056 2233 1251 2292 communio-

547 2331 618 2368 nem
648 2309 825 2391 recipiatur.

209 2414 329 2483 CXXI.
372 2421 413 2479 Ut
440 2415 619 2498 poenitens.
655 2412 787 2476 ostensis
822 2413 1008 2474 necessariis
1029 2416 1251 2493 poenitentiae

122 2498 305 2574 fructibus,
329 2500 502 2582 legitimam
527 2497 784 2558 communionem
805 2517 879 2554 cum
907 2497 1163 2557 reconciliatoria
1190 2522 1253 2560 ma·

123 2603 186 2642 uus
202 2581 405 2662 impositione
425 2581 590 2664 percipiat.

122 2711 167 2773 Ut
190 2713 395 2796 poenitentes,
419 2725 637 2794 temporeque
663 2709 884 2791 poenitentiam
907 2721 1017 2788 petunt
1038 2731 1131 2794 super
1155 2725 1251 2796 caput

371 2796 506 2854 cilicium
525 2794 543 2850 ir
564 2791 734 2852 Sacerdote
756 2803 989 2870 consequantur.

205 2897 346 2959 CXXII.
386 2898 605 2968 Poenitentes,
622 2904 765 2975 tempore
790 2913 854 2974 quo
875 2894 1105 2974 poenitentiam
1122 2910 1248 2981 petunt,

118 2979 358 3060 impositionem
375 3003 486 3040 manus
502 3001 597 3060 super
617 2987 728 3058 caput,
752 2985 783 3036 et
807 2976 953 3035 cilicium
974 2978 990 3036 al
1014 2981 1185 3044 Sacerdote
1211 2985 1252 3046 si-

116 3071 175 3122 eut
195 3061 313 3145 ubique
331 3062 539 3123 constitutum
557 3070 629 3138 est,
652 3067 900 3139 consequantur.

141 3188 186 3252 Ut
200 3193 286 3252 omni
303 3204 438 3275 tempore
454 3191 564 3251 ieiunii
582 3211 690 3250 manus
706 3189 935 3272 poenitentibus
956 3191 1157 3254 &Sacerdote
1173 3198 1229 3257 im·
1276 3169 1283 3186 .

609 3285 755 3355 ponatur.

203 3379 345 3440 CXXIII.
388 3377 484 3438 Omni
506 3388 649 3459 tempore
677 3374 791 3438 ieiunii
826 3397 936 3438 manus
965 3380 1247 3460 poenitentibus&

114 3457 344 3520 Sacerdotibus
364 3462 578 3542 imponantur.

181 3563 224 3625 Ut
241 3567 323 3647 lapsi
334 3589 395 3651 per
418 3588 526 3626 omnies
545 3566 772 3649 impositionem
793 3564 944 3649 Episcopi
965 3569 1177 3632 absolvantur.

197 3671 343 3738 Ctxtv.
386 3673 452 3733 Nec
472 3671 682 3732 absolvendos
703 3671 806 3752 lapsos
827 3671 859 3730 in
882 3671 944 3732 fide
973 3676 1157 3755 credamus,
1180 3679 1244 3742 nisi

114 3771 176 3833 per
195 3751 431 3834 impositionem
446 3777 558 3814 manus
575 3753 735 3836 Episcopi.

120 3880 162 3942 Ut
167 3884 360 3965 poenitentes
372 3883 597 3942 communicent
609 3882 663 3963 qui
673 3893 745 3940 ante
759 3883 1044 3942 reconciliationem
1058 3890 1242 3960 moriuntur,

199 3998 326 4063 CXXV.
368 3997 494 4059 Placuit
513 3998 563 4057 his
581 3997 637 4078 qui
659 4005 786 4078 accepta
807 3998 1017 4078 poenitentia,
1040 4011 1113 4062 ante
1132 4025 1243 4066 recon-

112 4076 312 4139 ciliationem
329 4080 465 4160 migrant
482 4081 520 4141 ad
532 4079 722 4154 Dominum,
745 4081 994 4157 communicari,
1017 4103 1075 4162 pro
1102 4107 1139 4145 eo
1153 4089 1241 4168 quod

113 4159 358 4220 horioraverunt
376 4162 616 4242 poenitentiam.
660 4162 724 4238 Qui
752 4161 779 4223 si
805 4163 1062 4244 supervixerint,
1091 4177 1176 4230 stent
1205 4171 1240 4230 in

114 4241 231 4302 ordine
243 4243 480 4324 poenitentum,
503 4255 539 4304 ut
550 4244 725 4328 legitimam
739 4243 1008 4322 communionem,
1029 4257 1145 4312 statuto
1164 4261 1257 4314 tem·v
