2926 4986
423 343 425 348 ’
527 349 659 406 ‘araca
693 348 895 407 secernas.
1192 327 1266 402 761
1365 403 1368 408 .

138 511 234 576 qnam
250 481 343 574 prius
360 511 486 555 eausam
502 509 672 573 suggerere
685 491 816 569 audeat,
839 511 935 572 quam
946 509 982 552 ea
1004 507 1087 572 qaae
1107 486 1147 548 ad
1164 507 1272 550 emen·

122 573 303 648 dationem
317 573 403 634 vitae
422 583 455 636 et
476 573 515 632 ad
528 574 732 635 severitatem
746 573 890 656 regulae,
905 582 1001 655 atque
1016 573 1056 633 ad
1074 569 1198 634 animae
1215 593 1271 632 re-

136 657 243 718 media
270 657 457 740 pertinent,
490 655 655 722 finiantur.
697 656 803 741 Supra
820 677 844 716 c.
872 655 943 732 264.-

136 761 186 822 De
209 762 258 821 bis
279 761 336 843 qui
347 758 573 840 facultatulam
601 759 761 820 Ecclesiae
789 773 900 843 petunt
927 760 947 818 a
974 757 1133 838 Regibus,
1166 779 1271 842 prava

361 841 533 924 cupiditate
555 842 681 920 inlecti,
704 843 785 924 quid.
803 837 957 920 agendum
980 843 1030 906 sit.

140 917 143 924 ’
220 922 387 982 CCCCIX.
431 921 497 1000 Qui
513 923 657 982 reculam
679 924 843 986 Ecclesiae
868 932 985 1006 petunt
1009 920 1210 1004 aRegibus,
1237 928 1269 979 et

136 1003 317 1065 horrendae
332 1002 516 1085 cupiditatis
540 1005 678 1087 impulsu
706 1006 870 1089 egentium
893 1005 1100 1066 substantiam
1121 1004 1269 1084 rapiunt,

136 1087 228 1146 irrita
249 1085 428 1145 habeantur
442 1107 525 1167 quae
547 1086 694 1149 obtinent
701 1132 713 1160 ,
737 1098 770 1150 et
794 1090 811 1150 b
836 1088 1062 1148 communione
1084 1084 1270 1161 Ecclesiae,

136 1168 230 1230 euius
245 1169 432 1228 facultatem
451 1169 578 1230 auferre
603 1170 759 1252 cupiunt,
790 1171 1014 1232 excludantur.
1038 1167 1143 1230 'Ibida
1155 1189 1180 1226 c.
1201 1165 1270 1228 265.

111 1301 115 1312 ⁴
142 1269 185 1335 Ut
202 1273 306 1334 nullus
323 1267 500 1358 Episcopus
513 1271 655 1416 altep'us
676 1275 829 1416 ῌρίςὲορί
849 1297 909 1336 ηε
934 1273 1080 1334 devastet
1113 1283 1166 1332 aut
1195 1272 1267 1353 ple-

141 1391 145 1400 ·
439 1371 442 1376 '
527 1379 529 1384 ·
611 1377 642 1416 es
672 1379 748 1417 rava
775 1370 817 1418 at.

222 1458 374 1518 CCCCX.
398 1458 463 1520 'Ne
478 1459 649 1542 parochias
666 1461 839 1522 cuiuslibet
859 1460 1012 1544 Episcopi
1033 1456 1166 1520 alterius
1186 1459 1270 1520 civi-

132 1539 209 1612 tatis
224 1539 423 1622 Episcopus,
444 1543 814 1622 canonumteme'rator,
836 1544 983 1620 invadat,
1006 1550 1040 1604 et
1056 1562 1191 1603 vesanae
1209 1563 1269 1601 cu·

135 1621 276 1706 piditatis
290 1623 413 1683 facibus
428 1622 654 1708 inflammatus,
671 1616 804 1712 suisque
821 1627 994 1690 admodum
1006 1645 1072 1688 non
1086 1632 1269 1701 contentus,

135 1703 371 1787 rapiataliena.
412 1705 497 1766 Jbid.
516 1727 543 1768 c.
561 1707 630 1774 266.
659 1777 661 1784 Α
1162 1716 1164 1722 ’

135 1812 185 1871 Dc
202 1830 237 1870 eo
261 1811 315 1894 qui
334 1809 517 1870 munuscula
528 1811 689 1873 Ecclesiae
711 1810 996 1895 fraudaveritsvcl
1016 1809 1156 1896 quolibet
1172 1807 1268 1872 modo

144 1909 149 1926 ··
259 1895 414 1952 invaserit
427 1937 441 1965 ‚
456 1905 499 1952 ut
516 1893 555 1954 ab
575 1893 737 1955 Ecclesiae
753 1896 969 1956 communione
986 1909 1142 1959 arceatur.

142 2003 144 2006 ’
218 1997 384 2058 ccccxl.
427 1998 460 2058 si
481 1998 553 2080 quis
567 1989 724 2082 cuiusque
750 1995 941 2060 munuscula
965 1999 1132 2062 Ecclesiae
1153 1996 1270 2060 sanctis

135 2075 366 2160 scripturarum
382 2079 485 2141 titulis
499 2081 625 2142 conlata
641 2082 765 2142 nefaria
781 2082 955 2142 calliditate
973 2081 1163 2154 abstulerit,‘
1179 2082 1270 2140 frau-

136 2160 283 2236 daverit,
307 2161 476 2239 invaserit,
510 2164 737 2240 retentaverit,
765 2177 861 2246 atque
883 2165 1118 2248 suppresserit,
1148 2172 1180 2224 et
1204 2183 1270 2221 non

135 2242 242 2305 statim
262 2244 279 2304 la
296 2244 467 2306 Sacerdote
491 2247 703 2307 commonitus
719 2249 790 2308 Deo
807 2247 934 2306 conlata
951 2247 1142 2325 reddiderit,
1157 2245 1196 2305 ab
1211 2246 1272 2307 Ec-

127 2325 254 2388 clesiae
269 2326 445 2388 catholicae
463 2329 690 2389 communione
706 2327 855 2412 pellatur.
873 2329 930 2388 VI.
949 2330 1015 2404 134.
1042 2337 1043 2342 ’

141 2421 146 2430 ’
198 2432 247 2493 Dc
269 2431 428 2518 Episcopo
450 2431 589 2493 iudicato
598 2475 611 2505 ,
634 2433 663 2491 si
686 2435 889 2531 apostolicam
913 2433 1032 2512 Sedens
1047 2431 1207 2518 appellare

142 2622 152 2631 ⁸
201 2551 409 2654 ccccxli
443 2517 857 2679 Usiudicaaisohifdii'opus
878 2593 1138 2677 adapostolicam
1156 2594 1272 2654 Sedem
1320 2535 1331 2553 ι

136 2677 163 2740 si
186 2676 345 2753 voluerit,
382 2677 530 2760 appellet.
571 2677 988 2749 ExCoacilioSardiccnse,
1011 2699 1077 2762 cap.
1103 2700 1133 2737 v.
1175 2677 1270 2754 Quod

136 2760 413 2845 sixappellaverit,
434 2761 467 2818 in
485 2760 634 2822 cathedra
656 2762 755 2843 ipsius
778 2763 859 2821 alter
877 2780 943 2820 non
969 2761 1147 2824 ordinetur.

136 2867 185 2924 De
208 2866 256 2925 tis
277 2866 333 2949 qui
352 2865 372 2925 la
392 2865 553 2928 iudicibus
574 2868 819 2949 quosPrimates
842 2865 1003 2938 dederint,
1031 2867 1270 2952 appellaverint,

143 2952 144 2955 ’
173 2967 174 2974 ’
537 2949 618 3030 quid
637 2949 793 3030 agendum
814 2951 865 3009 sit.

219 3027 419 3093 CCCCXIII.
452 3033 504 3092 *Ut
521 3030 547 3090 si
573 3031 591 3089 t
616 3031 884 3112 iudicibus'quos
905 3031 1026 3091 Primae
1049 3029 1176 3091 dederit
1199 3030 1272 3111 quis

137 3109 364 3192 appellaverit,
387 3110 442 3170 alii
459 3113 585 3172 ludices
602 3113 765 3193 amplioris
780 3112 906 3172 numeri
922 3114 1152 3174 decernantur.
1177 3115 1273 3192 Quod

136 3193 164 3340 pi
187 3202 219 3252 et
240 3192 278 3252 ab
297 3192 373 3276 ipsis
390 3193 619 3277 appellaverit,
648 3194 689 3255 ad
712 3195 907 3257 sententiam
930 3193 1072 3257 Concilii
1096 3201 1191 3258 caasa
1214 3195 1272 3258 de-

153 3285 269 3336 eratur.

175 3381 226 3442 Dc
246 3381 445 3460 Presbyteris
454 3425 466 3454 ,
482 3395 485 3400 '
502 3395 536 3444 ut
561 3378 738 3444 inconsulto
760 3381 929 3468 Episcopo¹
940 3402 1004 3444 non
1023 3397 1230 3470 praesumant

553 3465 710 3526 celebrare
728 3464 859 3543 agenda.
996 3469 997 3472 ’
1308 3473 1311 3482 “

219 3544 418 3610 CCCCXIV.
449 3546 720 3630 etpresbyteri,
742 3545 930 3608 inconsulto
940 3547 1112 3634 Episcopo,
1135 3549 1169 3609 in
1189 3569 1272 3633 quo-

135 3626 217 3689 libet
234 3629 306 3688 loeo
323 3629 446 3710 agenda
466 3650 532 3690 non
548 3631 688 3690 audeant
701 3629 875 3694 celebrare.

151 3787 152 3790 ,
196 3735 245 3798 Ne
267 3735 381 3816 aliquis
401 3735 574 3813 Presbyter
594 3734 733 3874 cipitatgs
761 3736 828 3794 sine
856 3733 1010 3822 Episcopi
1039 3749 1214 3823 praecepto

219 3897 402 3980 CCCCXV.
445 3901 488 3960 Ut
505 3829 836 3984 Presbayliiuciiiliiis
852 3898 920 3960 sine
943 3899 1082 3962 iussione
1105 3900 1154 3960 sui
1178 3901 1274 3982 Epis-

136 3977 210 4059 copi
234 3979 317 4039 nihil
336 3979 461 4059 iubeat,
484 4004 544 4043 nee
564 3983 596 4041 in
613 3988 805 4064 unaquaque
820 3982 973 4074 parochia
999 3983 1125 4063 aliquid
1152 3995 1233 4066 agat.

135 4083 184 4144 Ne
193 4085 374 4161 Presbyteri
390 4107 456 4146 rem
467 4087 626 4148 Ecclesiae
644 4091 711 4150 sine
726 4089 776 4147 sui
790 4087 1102 4174 consensuEpiscopi
1123 4089 1273 4163 uerrdant.

219 4191 431 4252 CCCCXVI.-
458 4194 500 4252 Ut
514 4193 699 4277 Presbyteri
717 4197 791 4256 'rem
819 4193 985 4257 Ecclesiae
998 4245 1000 4252 ,
1015 4196 1086 4259 sine
1111 4216 1273 4260 consensu
1323 4219 1325 4224 ·

134 4271 292 4362 Episcopi
309 4271 358 4335 sai
372 4293 441 4337 aon
464 4275 618 4339 vendant.
638 4331 641 4336 .
659 4295 662 4300 ·
