2910 4984
216 297 287 374 792
638 315 928 376 csrrrunsmuu

206 459 250 520 ni
266 457 386 542 populo¹
414 457 497 520 uiros
512 454 686 541 prudentes
706 468 737 518 ct
755 457 898 517 timentes
920 457 1035 530 Deum,
1058 457 1093 519 in
1111 454 1218 540 quibus
1233 457 1275 516 sit
1291 477 1341 517 ue-

214 543 293 602 ritas
316 554 347 601 ct
366 541 423 622 qui
449 539 575 600 oderint
603 540 793 612 auaritiam,
820 553 851 599 et
871 541 1023 601 constitua
1044 559 1088 601 en*
1110 541 1152 600 eis
1181 537 1339 602 Tribunos

214 636 246 683 et
268 621 470 686 Centuriones
491 635 522 682 et
546 623 848 704 Quinquagenarios,
875 623 931 704 qui
953 620 1093 682 iudicent
1114 621 1260 705 populum
1274 643 1340 682 om·

212 705 249 767 ni
274 717 423 789 tempore.
465 702 626 789 Quicquid
647 716 747 763 autem
761 705 862 764 maius
872 702 990 784 suerit,
1012 703 1149 785 restarent
1169 701 1214 761 ad
1232 716 1281 774 te,
1307 717 1340 765 et

211 788 276 870 ipsi
296 790 419 850 minora
441 783 655 847 tantummodo
684 785 845 858 iudicent,
878 787 1034 870 leviusque
1059 787 1118 848 tilu'
1134 786 1194 863 sit,
1215 789 1336 868 partito

212 871 248 930 in
271 871 351 930 alias
381 891 486 931 onere.
528 869 566 928 Si
591 869 650 929 hoc
664 868 806 950 seceris,
839 868 983 952 implebis
1013 869 1174 951 imperium
1196 868 1336 947 Domini,

212 965 245 1012 ct
263 965 433 1036 praecepta
459 953 525 1012 eius
542 951 664 1021 poteris
689 961 872 1011 sustentare.
915 950 1008 1012 Unde
1033 961 1066 1012 et
1088 951 1115 1010 in
1140 948 1224 1009 libro
1249 953 1336 1014 Deu-

212 1033 402 1098 teronomii:
430 1033 578 1104 Iudices,
602 1033 726 1115 inquit,
756 1045 787 1092 et
808 1035 972 1112 magistros
997 1046 1157 1094 consttues
1179 1034 1213 1092 in
1233 1037 1336 1094 omni-

212 1117 269 1178 bus
303 1117 381 1177 ortis
398 1119 546 1201 tuisquas
561 1116 716 1176 Dominus
733 1115 820 1174 Deus
835 1127 905 1175 tuus
919 1115 1045 1175 dederit
1054 1116 1114 1190 titi,
1126 1117 1338 1198 persingulas

217 1138 331 1259 Triius
353 1212 433 1274 tuas,
456 1212 490 1260 ut
508 1195 649 1260 iudicent
660 1197 810 1294 populum
832 1198 913 1258 iusto
932 1197 1063 1274 iudicio,
1073 1217 1130 1256 nec
1150 1198 1183 1256 in
1196 1199 1336 1282 aliquam

208 1294 331 1365 partem
356 1279 524 1350 declinent.
565 1279 650 1341 Item
668 1279 731 1342 ihre
769 1278 913 1362 Diuique
936 1282 1029 1342 uobis
1051 1283 1078 1340 it
1098 1279 1154 1338 illo
1176 1292 1334 1364 tempore.-

209 1365 284 1424 Non
300 1384 429 1447 passum
448 1363 534 1424 solus
554 1369 707 1423 sustinere
725 1382 790 1432 vos,
814 1363 962 1444 qruoniam
983 1361 1133 1423 Dominus
1156 1361 1242 1420 Deus
1259 1383 1333 1424 oes-

210 1459 261 1506 ter
283 1445 506 1527 multiplicavit
525 1453 602 1523 uos,
624 1457 656 1506 et
677 1445 751 1504 estis
771 1442 865 1504 lodie
892 1445 974 1506 sicut
1001 1439 1103 1504 stalad
1127 1443 1209 1503 coeli
1226 1445 1333 1527 pluri·

210 1547 289 1590 mae.
330 1529 486 1589 Dominus
512 1528 597 1587 Deus
613 1539 739 1609 patrum
759 1538 938 1586 vestrorum
958 1526 1051 1588 addat
1068 1525 1208 1585 adhunc
1223 1549 1333 1587 nume·

211 1630 282 1671 rum
305 1611 402 1677 mrilta
423 1609 537 1683 millia,
560 1622 591 1670 et
602 1608 709 1689 faciat
726 1609 820 1669 vobis
844 1610 926 1669 sicut
948 1608 1062 1670 locans
1086 1619 1142 1667 est.
1184 1607 1257 1669 Non
1282 1631 1334 1668 ua-

211 1691 372 1752 leo·soius
391 1706 491 1753 vestra
510 1695 632 1771 negotia
644 1692 806 1767 sustinere,
829 1702 860 1750 et
875 1690 1001 1774 pondus
1021 1701 1044 1748 tt
1059 1690 1170 1770 iurgia.
1206 1692 1332 1753 Datos

210 1773 302 1834 vobis
322 1774 411 1834 viros
430 1777 586 1858 sapientes
605 1786 635 1834 et
650 1793 776 1853 gnaros,
799 1783 829 1831 et
864 1793 974 1833 uorum
992 1775 1179 1834 ctnversatio
1199 1774 1241 1832 sit
1256 1793 1334 1858 pro·
1391 1805 1394 1815 ·

211 1854 283 1915 buta
299 1857 334 1914 in
353 1855 506 1918 Tribulus
522 1859 647 1921 vestris.
674 1855 738 1916 Sed
752 1863 784 1915 et
797 1853 831 1913 in
842 1793 937 1915 libro·
948 1854 1208 1936 Paulipomenon
1224 1854 1268 1915 ita
1286 1856 1332 1915 le-

210 1936 312 2018 giturt
327 1936 560 2021 'Constituitque
576 1939 647 2000 Rex
665 1939 815 2021 Iosophat
831 1937 958 1998 Iudices
979 1950 1073 1999 turae
1093 1938 1126 1996 in
1149 1931 1267 1998 cunctis
1282 1939 1331 1998 ei·

212 2019 358 2079 vitatibus
374 2019 456 2079 Iuda
471 2022 599 2080 munitis
611 2040 671 2104 per
687 2020 811 2099 singula
826 2019 904 2085 loco.
946 2019 1189 2102 Etpraecipicns
1204 2016 1334 2080 [adici-¹

211 2099 280 2171 bats,
296 2099 423 2172 lsidcte,
438 2104 495 2173 ait,
510 2100 590 2184 quid
599 2101 729 2182 facitis:
750 2123 812 2161 non
834 2103 916 2161 enim
933 2103 1059 2162 hortinis
1074 2103 1227 2161 exercetis
1246 2100 1333 2172 iudi&

209 2183 304 2259 cium,
320 2182 378 2242 sed
389 2185 517 2243 Domini
523 2209 535 2254 ,·
557 2195 586 2242 et
599 2182 805 2266 quodcunque
818 2183 1040 2254 iudicauertis,
1050 2185 1084 2241 in
1094 2204 1154 2244 vos
1164 2182 1326 2243 redunda-

210 2265 265 2327 ln't.
288 2263 336 2325 Sit
352 2267 448 2326 timor
462 2266 604 2337 Domini,
621 2265 785 2342 vobiscum,
799 2277 830 2326 'et
842 2287 911 2325 cum
925 2265 1080 2343 dilgentia
1097 2265 1330 2346 cunctasacite,·

210 2367 273 2408 non
285 2350 367 2407 enim
378 2361 423 2408 est
436 2347 523 2429 apud
535 2348 704 2409 Dominum
714 2347 815 2408 Deum
828 2348 1135 2427 oestruml'niquitas,
1148 2367 1204 2407 nec
1215 2367 1328 2432 perso-

206 2441 322 2494 narum
341 2431 492 2514 acceptio,
509 2451 565 2490 nec
579 2428 692 2513 cupido
706 2447 874 2495 munerum.
915 2432 1065 2510 Rogamus
1084 2429 1181 2490 etiam
1195 2439 1331 2491 vestram

218 2511 372 2592 pietatem
387 2522 518 2595 propter
539 2512 680 2573 divinam
697 2511 949 2574 misericordiam
961 2521 1159 2593 uestramque
1182 2513 1330 2590 salutem,

210 2615 247 2652 ac
260 2594 357 2656 totins
372 2595 483 2676 populi
500 2595 679 2673 utilitatem,
693 2615 820 2656 necnon
838 2604 870 2654 et
882 2615 967 2676 regn
983 2593 1141 2654 honorem
1158 2603 1251 2676 atque
1269 2604 1331 2654 sta·

209 2675 384 2754 bilitatem,
403 2686 438 2737 ut
456 2685 557 2738 restra
580 2677 680 2760 pietas
706 2677 944 2738 solertissimam
959 2676 1159 2757 vigilantiam
1181 2676 1332 2755 adhibeat

210 2769 368 2841 qnatenus
383 2759 568 2821 Consiliarii
591 2768 622 2820 et
641 2759 805 2842 dignitatis
818 2770 940 2820 vestrae
951 2757 1097 2839 llinistri,
1115 2759 1328 2840 custodesque

210 2842 333 2904 animae
351 2852 473 2904 vestrae
490 2851 522 2903 et
537 2842 691 2923 corporis,
713 2841 771 2924 qui
790 2842 910 2904 dehent
925 2862 983 2904 ase
1000 2841 1084 2900 intra
1104 2863 1241 2924 regnum
1256 2840 1328 2902 aliis

210 2923 308 2986 decus
325 2933 356 2984 et
368 2924 518 2986 honitatis
530 2921 723 3006 exempldm,
736 2933 768 2985 et
781 2923 814 2983 in
827 2923 1132 2986 exterisnationibus
1148 2925 1250 2986 bonae
1261 2923 1329 3006 opi-

211 3007 324 3070 nionis
348 3008 611 3084 condimentum,
635 3008 816 3084 caritatem,
840 3022 958 3088 puceu,
985 3015 1080 3086 atque
1110 3005 1326 3082 concordiam,
1371 3005 1375 3010 ’

210 3089 297 3150 omni
328 3089 533 3151 simulatione
556 3098 587 3149 et
609 3090 782 3152 calliditate
808 3086 983 3171 postpotita,
1006 3089 1046 3151 ud
1068 3087 1326 3150 invicem'habe·

210 3180 283 3242 ant;
325 3181 361 3231 ut
391 3172 568 3233 seeundum
591 3172 661 3232 Dei·
685 3173 884 3233 voluntatem
911 3178 933 3230 tt
953 3179 1090 3231 vestram
1116 3169 1328 3246 honestatem,

210 3262 306 3332 atque
334 3253 431 3315 totius
453 3255 547 3336 regni
568 3256 760 3337 profectum,
782 3251 985 3334 commmiter
1005 3253 1183 3330 decertent,
1205 3263 1237 3314 et
1256 3252 1329 3315 reri

209 3335 300 3396 vobis
322 3337 482 3397 adiutores
505 3338 538 3396 in
567 3337 714 3399 omnibns
738 3336 933 3399 concorditer
954 3334 1099 3402 existant.
1142 3337 1236 3397 Tunc
1263 3345 1331 3396 ete-

208 3417 278 3478 nim
303 3420 372 3478 veri
399 3419 575 3482 consiliarii
602 3421 736 3503 verique
760 3418 911 3480 adiutorts
937 3419 1035 3478 vestri
1059 3427 1091 3498 et
1113 3417 1213 3479 totius
1234 3417 1329 3499 regni

207 3499 381 3562 salubriter
397 3523 462 3562 esse
477 3510 638 3582 poterunt,
661 3504 687 3565 si
706 3503 876 3564 unanimes
890 3499 1057 3560 extiterint
1077 3509 1109 3561 et
1129 3500 1172 3560 in,
1185 3501 1331 3562 invicem

210 3583 420 3645 dilectionem
446 3583 629 3650 habuerint.
668 3587 771 3646 Decet
791 3586 900 3668 quipse
922 3591 959 3642 ut
977 3603 1064 3643 saera
1085 3583 1198 3646 domus
1212 3585 1330 3658 inestra

209 3666 333 3728 cunctis
354 3667 535 3748 spectabilis
553 3676 703 3749 appareat
718 3676 750 3728 et
769 3664 922 3730 imitalilis
943 3664 1067 3742 existat,
1090 3675 1122 3726 et
1144 3668 1227 3726 fama
1250 3685 1328 3726 suae

207 3747 313 3810 bonae
338 3749 526 3832 opinionis,
556 3750 621 3810 sive
653 3748 732 3812 alios
764 3745 879 3834 impeii
907 3748 1004 3816 nestri
1039 3748 1221 3826 subiectos,
1258 3748 1328 3809 sira

209 3839 333 3894 exteras
351 3833 508 3905 nationes,
537 3830 807 3894 abundantissime
833 3829 1004 3913 prfundat.
1046 3830 1108 3890 Uni
1130 3825 1230 3912 igitur
1244 3851 1328 3900 ,om-

210 3934 267 3974 nes
295 3912 508 3978 dissensiones
529 3923 561 3975 et
586 3913 764 3976 discordiae
788 3912 993 3988 dir‘mendae,
1018 3913 1051 3975 e't
1072 3915 1176 3974 omnis
1201 3914 1328 3975 malitia

157 4066 162 4074 ⁸
207 3994 368 4077 imperiali
387 3997 575 4058 auctoritate
595 4007 643 4056 est
663 3993 902 4080 comprimam,
925 4003 1053 4056 necesse
1068 4005 1115 4056 est
1136 4006 1172 4057 ut
1187 3997 1275 4076 qnod
1290 3998 1326 4058 in

159 4115 163 4124 «
208 4079 463 4160 aliis'corrigere
491 4077 656 4158 decernit,
680 4079 713 4140 in
741 4090 778 4142 e'a
806 4075 926 4140 ninima
950 4079 1142 4160 reperiatur.
1189 4079 1270 4138 Nam
1292 4089 1327 4141 et

207 4157 271 4220 hoc
298 4159 465 4221 humiliter
492 4162 690 4224 obsecrando
718 4163 933 4234 admaemus,
969 4169 1006 4220 ut
1038 4159 1155 4222 liberos
1186 4171 1325 4239 vestros,

208 4260 288 4326 qnos
312 4244 400 4305 nohis
423 4243 531 4306 diviua
550 4245 650 4330 pietas
670 4231 780 4330 lnrssiri
794 4239 902 4321 toluit,
925 4241 959 4304 in
982 4243 1094 4315 timore
1118 4241 1181 4308 uei
1203 4243 1327 4328 iugiter
