2910 4986
186 283 262 360 474
573 269 906 369 terminumn
955 361 956 364 t

185 427 241 509 aut
258 445 288 507 ei
306 445 363 530 qui
377 445 503 530 legibus
518 445 587 508 eius
605 444 757 509 defensor
772 468 840 510 esse
856 439 972 526 debet,
993 468 1068 509 cum
1085 467 1142 509 sna
1159 448 1316 532 legeram
1350 527 1353 532 .

183 529 314 600 reddat;
338 539 370 590 et
382 528 540 612 quicquid
561 550 636 590 cum
662 551 700 590 ea
721 530 863 608 tulerit,
888 531 1034 592 semotim
1056 552 1315 614 unamquamque

182 632 253 672 rem
269 613 448 673 secundum
464 613 568 694 legem
586 611 709 678 reddat.
748 613 789 674 Et
806 613 833 674 si
849 613 913 674 hoc
927 613 1079 674 defensor
1102 613 1173 674 eius
1200 635 1315 696 perpe·

181 693 259 756 trari
280 695 500 772 consenserit,
521 705 554 755 et
572 694 645 754 ideo
663 695 782 778 raptori
809 696 893 756 nihil
914 716 1069 777 quaerere
1086 696 1234 772 voluerit,
1252 699 1315 758 Co·

181 796 248 836 mes
264 777 472 860 singulariter
485 777 523 838 de
539 798 732 858 unaquaque
747 799 782 839 re
804 779 896 839 freda
914 787 1022 838 nostra
1046 777 1085 838 ab
1103 798 1142 838 co
1165 787 1311 850 exactare

178 857 285 919 saciat.
329 861 453 940 Sponso
471 881 548 920 vero
565 859 671 940 legem
692 881 780 920 suam
801 870 987 942 componat,
1010 869 1043 920 et
1068 859 1201 943 insuper
1228 861 1312 920 ban-

180 961 259 1000 num
275 951 430 1020 nostrum,
454 941 487 1002 id
507 952 564 1018 est,
586 941 752 1023 sexaginta
764 943 882 1004 solidos
896 941 1012 1012 solvat;
1035 941 1087 1002 vel
1107 942 1142 1001 in
1156 963 1311 1024 praesen-

177 1023 255 1084 tiam
277 1033 416 1085 nostram
434 1025 548 1084 Comes
565 1043 639 1084 eum
655 1024 805 1086 advenire
820 1026 930 1102 faciat,
953 1035 986 1085 et
1009 1034 1131 1103 quanto
1165 1035 1309 1105 tempore

179 1105 272 1166 nobis
290 1107 451 1188 placuerit
467 1105 500 1164 in
519 1105 618 1167 exilio
636 1117 786 1186 maneat,
807 1119 838 1170 et
856 1107 947 1168 illam
964 1107 1118 1167 feminam
1136 1106 1166 1167 ei
1192 1105 1313 1167 habere

178 1207 246 1248 non
265 1187 371 1250 liceat.
414 1187 578 1273 Ibid.c.9.

469 1299 524 1358 De
541 1295 640 1376 salsis
659 1297 788 1358 testibus
813 1281 1047 1358 convincendis

264 1398 389 1467 XXIII.
433 1399 467 1462 Si
487 1400 559 1482 quis
579 1423 652 1462 cum
668 1401 769 1463 altero
789 1401 828 1462 de
845 1401 991 1483 qualibet
1010 1422 1105 1462 causa
1132 1401 1316 1463 contentio·

175 1503 250 1544 nem
265 1483 424 1560 habuerit,
448 1493 479 1543 et
495 1494 591 1544 testes
608 1494 719 1544 contra
739 1505 812 1544 eum
827 1505 886 1564 per
900 1483 1058 1544 iudicium
1075 1484 1225 1566 producti
1241 1485 1313 1544 fue·

172 1565 259 1644 rint,
283 1567 308 1628 si
329 1567 386 1626 ille
402 1565 499 1626 falsos
514 1587 569 1626 eos
594 1587 661 1628 esse
686 1566 880 1649 suspicatur,
910 1565 1005 1626 liccat
1029 1565 1059 1626 ei
1088 1565 1166 1627 alios
1193 1575 1313 1643 testes,

173 1669 253 1728 quos
271 1649 421 1709 meliores
436 1647 600 1730 potuerit,
623 1659 734 1710 contra
750 1670 803 1710 eos
823 1669 997 1732 opponere,
1010 1658 1047 1708 ut
1061 1647 1228 1709 veracium
1244 1659 1312 1708 tes-

171 1729 308 1790 timonio
324 1731 479 1790 falsorum
497 1729 627 1791 testium
640 1731 830 1812 perversitas
845 1741 1024 1812 superetur.
1074 1729 1170 1807 Quod
1187 1730 1213 1790 si
1239 1751 1311 1789 am-

170 1811 229 1872 bae
243 1824 348 1894 partes
368 1811 498 1873 testium
518 1811 559 1872 ita
577 1813 664 1874 inter
680 1834 713 1873 oe
735 1813 961 1889 dissenserint,
984 1823 1019 1872 nt
1039 1813 1227 1873 nullatenus
1244 1833 1309 1872 una

168 1914 242 1976 pars
273 1894 364 1956 alteri
396 1893 511 1955 cedere
535 1894 634 1972 velit,
656 1894 818 1976 eligantur
844 1895 909 1956 duo
937 1916 976 1954 ex
1001 1894 1094 1978 ipsis,
1117 1893 1150 1954 id
1175 1904 1241 1972 est,
1265 1914 1307 1955 ex

170 1986 307 2058 utraque
328 1986 417 2059 parte
434 1997 537 2055 unus,
560 1977 709 2058 quicum
732 1977 828 2039 scutis
848 1988 881 2037 et
896 1977 1033 2038 fustibus
1055 1977 1090 2036 in
1111 1997 1221 2057 campo
1247 1975 1307 2035 de—

168 2069 295 2120 certent
312 2071 383 2120 utra
401 2081 474 2140 pars
490 2059 681 2137 falsitatem,
704 2070 775 2120 utra
794 2059 959 2120 ueritatem
975 2082 1033 2120 suo
1048 2057 1229 2120 testimonio
1250 2079 1304 2117 se-

168 2151 296 2222 quatur.
339 2141 382 2201 Et
411 2140 570 2224 campioni
594 2141 652 2222 qui
686 2143 792 2204 rictus
815 2141 933 2217 fuerit,
961 2153 1093 2224 propter
1122 2139 1305 2224 periurium

168 2222 256 2303 quod
266 2235 341 2284 ante
358 2245 497 2305 pugnam
507 2224 675 2302 commisit,
698 2224 829 2286 dextera
842 2246 953 2285 manus
973 2235 1165 2306 amputetur.
1220 2223 1305 2282 Cae-

166 2305 229 2365 teri
248 2326 327 2366 vero
339 2307 483 2367 eiusdem
504 2305 605 2387 partis
620 2316 727 2384 testes,
750 2308 807 2388 qui
826 2306 899 2367 falsi
926 2307 1153 2389 apparuerint,
1190 2324 1305 2364 manus

164 2408 238 2447 suas
269 2387 447 2449 redimant:
477 2388 569 2450 cuins
605 2389 845 2471 compositionis
874 2390 957 2450 duae
984 2399 1089 2471 partes
1122 2389 1153 2450 ei
1190 2397 1304 2447 contra

165 2491 263 2551 quem
281 2471 387 2552 *testati
411 2480 504 2546 sunt,
528 2471 661 2548 dentur,
683 2472 778 2532 tertia
802 2493 860 2554 pro
881 2471 974 2532 fredo
1001 2471 1153 2532 solvatur.
1196 2471 1240 2530 Et
1264 2469 1299 2527 in

164 2552 303 2612 seculari
324 2551 458 2633 quidem
477 2574 570 2614 causa
589 2551 814 2615 huiuscemodi
839 2553 969 2616 testium
993 2553 1158 2615 diversitas
1187 2571 1302 2631 campo

164 2635 401 2714 comprobetur.
424 2635 463 2696 ln
488 2634 834 2698 ecclesiasticis‘autem
848 2636 971 2713 causis,
993 2635 1049 2696 ubi
1067 2635 1106 2695 de
1129 2657 1194 2695 una
1207 2642 1298 2716 parte

163 2719 325 2792 seculare,
349 2717 390 2777 de
409 2717 510 2778 altera
535 2736 614 2778 vero
648 2718 900 2780 ecclesiasticum
924 2718 1090 2800 negotium
1114 2727 1181 2796 est,
1212 2709 1300 2775 idem

161 2800 275 2860 modus
297 2801 496 2861 observetur.
537 2798 599 2860 Ubi
621 2822 757 2872 reroex
778 2812 912 2883 utraque
930 2811 1019 2882 parte
1045 2798 1299 2860 ecclesiasticum

161 2881 283 2958 suerit,
306 2884 459 2944 Rectores
475 2881 651 2942 earundem
665 2883 900 2962 Ecclesiarum,
923 2885 948 2944 si
963 2903 995 2944 se
1019 2881 1221 2942 familiariter
1240 2903 1301 2961 pa-

161 2963 290 3024 cificare
308 2965 430 3042 velint,
452 2964 618 3026 licentiam
635 2965 781 3028 habeant.
824 2967 859 3026 Si
878 2975 984 3026 autern
1010 2965 1050 3026 de
1073 2961 1299 3030 huiuscemodi

160 3046 382 3126 pacificatione
398 3047 553 3108 intereos
573 3049 748 3109 convenire
772 3048 991 3130 nonpossint,
1014 3047 1159 3109 advocati
1185 3066 1296 3105 eorum

161 3130 195 3188 in
215 3131 313 3189 mallo
330 3129 462 3210 publico
481 3129 521 3189 ad
535 3131 749 3211 praesentiam
762 3131 895 3192 Comitis
911 3131 1063 3207 veniant,
1086 3140 1119 3190 et
1134 3127 1177 3187 ibi
1191 3125 1299 3207 legiti-

161 3232 232 3271 mus
250 3212 406 3272 terminus
424 3234 537 3272 eorum
559 3212 823 3274 contentionibus
844 3215 1034 3296 imponatur.
1078 3214 1189 3270 Testes
1217 3229 1298 3268 vero

160 3293 199 3352 de
221 3293 367 3373 qualibet
381 3316 474 3354 causa
496 3316 562 3354 non
576 3293 708 3356 aliunde
726 3308 938 3377 quaerantur,
961 3295 1023 3355 nisi
1050 3293 1089 3353 de
1107 3293 1177 3374 ipso
1199 3290 1300 3351 comi·

158 3385 229 3435 tatu
243 3373 276 3434 in
298 3397 363 3457 quo
377 3398 428 3438 res
446 3377 534 3437 unde
557 3397 651 3438 causa
669 3377 775 3458 agitur
792 3378 913 3458 positae
933 3388 1028 3438 sunt:
1047 3374 1126 3456 qnia
1154 3394 1219 3432 non
1247 3384 1299 3440 est

158 3456 315 3518 credibile
332 3468 369 3518 ut
389 3459 443 3518 vel
458 3459 496 3519 de
516 3469 598 3521 statu
616 3457 757 3520 hominis
769 3461 823 3520 vel
837 3461 876 3521 de
893 3459 1092 3541 possessione
1117 3455 1298 3520 cuiuslibet

82 3547 85 3553 '
156 3539 313 3623 peralios
332 3540 447 3600 melius
473 3541 521 3601 rei
541 3541 657 3602 veritas
681 3542 831 3624 cognosci
866 3537 987 3619 valeat,
1016 3561 1112 3624 quam
1138 3558 1197 3619 per
1220 3537 1296 3597 illos

158 3621 215 3702 qui
239 3622 412 3684 viciniores
426 3634 508 3687 sunt
551 3623 585 3682 Si
606 3634 711 3684 tamen
729 3623 894 3686 contentio
919 3645 1001 3706 quae
1021 3623 1107 3683 inter
1124 3641 1178 3680 eos
1201 3639 1295 3678 exor-

154 3713 188 3764 ta
204 3715 268 3779 est,
290 3703 324 3764 ln
349 3705 491 3765 confinio
521 3704 661 3765 duorum
687 3706 895 3768 comitatuum
922 3708 1039 3783 fuerit,
1063 3706 1159 3765 liccat
1181 3701 1227 3762 eis
1252 3701 1300 3762 dc¹

157 3785 265 3845 vicina
293 3798 431 3848 centena
463 3785 638 3848 adiacentis
668 3789 835 3850 comitatus
858 3789 899 3850 ad
927 3811 1054 3850 causam
1080 3805 1170 3850 suam
1196 3793 1296 3844 testes

156 3867 288 3930 babere.
329 3867 415 3931 Ibid.
428 3891 455 3930 c.
471 3891 516 3929 10.

169 3970 170 3974 ¹
458 3978 513 4038 De
532 3977 664 4061 proprio
684 3979 719 4038 in
743 3976 879 4040 bonnam
899 3978 1004 4038 misso.

238 4078 366 4143 XXIV.
409 4081 641 4165 Cuiuscunque
656 4081 797 4144 hominis
818 4082 998 4166 proprietas
1018 4079 1062 4142 ob
1085 4081 1207 4142 crimen
1232 4078 1294 4138 ali·
1372 4122 1375 4130 ,

118 4177 120 4183 '
156 4163 245 4246 quod
262 4164 351 4250 quod
369 4165 455 4226 idem
470 4165 567 4226 habet
588 4167 809 4248 commissum,
832 4167 866 4225 in
881 4165 1027 4226 bannum
1050 4165 1151 4225 suerit
1173 4161 1292 4236 missa,

156 4257 189 4308 et
207 4246 283 4324 illc,
305 4268 340 4310 rc
360 4248 509 4332 cognita,
532 4269 574 4311 no
591 4248 748 4312 iustitiam
763 4247 878 4327 faciat,
898 4246 1012 4334 venire
1033 4245 1212 4321 distulerit,
1233 4264 1295 4304 aas
