2926 4984
205 329 280 406 566
614 351 903 412 claremaus

205 487 366 552 reddituri
385 499 457 551 sunt
477 490 623 554 examine
645 493 807 554 rationem.
827 490 1019 577 Fulgentius
1033 511 1163 574 quoque
1188 489 1223 552 in
1248 490 1336 554 lllsro

205 573 246 635 de
266 573 403 634 veritato
426 572 727 653 praedestinationis
749 584 781 634 et
797 573 916 657 gratiae
934 575 977 636 ita
997 573 1129 636 scribit:
1174 575 1337 657 Quantum

105 697 107 704 ι
200 657 358 741 pertinet,
382 655 512 734 inquit,
534 655 579 714 ad
596 659 686 716 leuius
705 657 854 738 temporis
877 659 994 734 vitam,
1024 659 1059 715 in
1083 655 1213 716 ecclesia
1241 676 1337 718 nemo

201 738 304 833 lffonti
327 758 361 798 ce
377 739 495 835 potior,
518 751 548 798 ct
568 741 602 800 iu
622 741 725 800 seculo
746 735 918 802 christiano
939 740 1135 825 Imperatore
1157 758 1247 798 nemo
1267 738 1337 798 cel·

200 839 271 880 sior
291 834 457 880 invenitur.

209 921 505 1012 Uthlrorepisccpi
527 924 656 990 modum
682 947 843 988 mensurae
869 929 925 1013 qui
952 929 987 988 in
1020 927 1119 990 sacris
1154 926 1335 1010 Canonilrus

471 1008 656 1093 praefixus
679 1023 738 1084 est,
761 1031 824 1072 non
847 1009 1013 1072 excedant.

285 1109 450 1180 CCCXX.
491 1114 664 1176 Emensisse
685 1115 976 1198 reprehensibilem
997 1125 1031 1177 et
1055 1114 1150 1178 valde
1178 1115 1336 1178 inolitum

103 1267 107 1273 ,
201 1219 297 1260 usum
307 1197 532 1280 comperimus,
554 1217 592 1257 eo
605 1199 831 1280 quodquidam
842 1198 1084 1281 chorepiscopi,
1106 1198 1335 1260 ultramodum

200 1303 296 1343 suum
308 1278 564 1362 progredientes,
588 1290 619 1340 et
631 1281 751 1340 donum
763 1282 863 1344 sancti
872 1281 1010 1364 Spiritus
1021 1303 1080 1364 per
1090 1281 1334 1362 impositionem

201 1383 357 1422 manuum
380 1359 517 1438 tradant,
539 1371 571 1423 et
591 1363 653 1422 elia
667 1384 813 1446 quaeque
832 1385 913 1447 quae
939 1364 1013 1426 solis
1035 1363 1248 1425 Pontificibus
1272 1363 1334 1424 de-

200 1444 330 1520 bentur,
357 1452 468 1506 contra
488 1445 534 1506 fas
552 1455 720 1527 peragam
743 1445 931 1529 praesertim
946 1469 1020 1506 cum
1039 1447 1148 1510 nullus
1165 1469 1205 1508 ex
1223 1454 1335 1528 septu-

201 1525 307 1608 aginta
326 1525 518 1606 Diseipnlis,
540 1549 679 1610 quorum
691 1529 831 1610 speeiem
844 1529 878 1588 in
897 1529 1042 1590 Ecclesia
1058 1539 1186 1612 gerunt,
1202 1529 1335 1610 legatur

201 1609 324 1670 donum
333 1610 434 1669 sancti
444 1609 580 1692 Spiritus
592 1632 651 1693 per
663 1634 776 1674 manus
788 1611 1024 1694 impositionem
1033 1612 1210 1677 tradidisse.
1233 1610 1334 1689 Quod

202 1699 311 1750 antem
325 1689 577 1770 sclisApostolis
601 1714 777 1775 eorumque
794 1695 1029 1756 successoribus
1057 1694 1181 1778 proprii
1208 1695 1249 1754 sit
1278 1693 1333 1752 of-

202 1772 269 1831 ficii
293 1772 419 1832 tradere
447 1774 603 1856 Spiritum
637 1787 802 1854 sanctum,
833 1776 917 1837 liber
943 1775 1081 1838 Actuum
1099 1778 1332 1859 Apostolorum

203 1849 307 1924 docet.
369 1855 405 1914 lu
433 1857 574 1917 concilio
606 1880 684 1920 vero
709 1857 907 1920 Caesariensi
936 1860 981 1920 ita
1010 1860 1048 1920 de
1081 1857 1332 1942 Chorepiscopis

201 1935 340 1998 hahetur
359 1935 530 2018 scriptum:
554 1938 776 2024 Chorepiscopi
796 1961 917 2026 quoque
939 1939 984 2000 ad
1003 1941 1179 2024 excerptum
1201 1941 1329 2024 quidem

203 2031 233 2077 et
246 2017 388 2098 sormam
410 2023 606 2100 septuaginta
629 2022 773 2081 videntur
792 2044 868 2084 esee.
916 2022 956 2084 Ut
977 2024 1185 2085 conznu'nistri
1204 2035 1327 2092 autem,

199 2112 333 2185 propter
360 2099 499 2160 studium
531 2101 620 2184 qzeod
649 2125 724 2182 ergo
749 2124 904 2188 pauperes
931 2108 1095 2177 eaehibent,
1123 2105 1328 2166 honorentur.

372 2206 420 2266 Dc
440 2205 679 2292 Chorepiscopis
697 2212 752 2291 quai
763 2211 797 2269 in
816 2211 889 2271 vicis
909 2225 1152 2276 commorantur.
1191 2282 1195 2287 ,

285 2308 466 2374 CCCXXI.
509 2313 574 2390 Qui
585 2313 617 2371 in
636 2314 715 2376 vicis
727 2316 778 2376 vel
790 2314 823 2374 in
835 2316 1084 2398 possessionibus
1094 2315 1328 2400 Chorepiscopi

202 2393 420 2470 nominantur,
441 2395 584 2474 quamvis
608 2417 719 2456 manus
741 2398 976 2479 impositionem
997 2400 1230 2482 Episcoporum
1250 2421 1328 2482 per·

201 2476 371 2557 ceperint,
394 2485 426 2536 et
447 2487 481 2535 ut
501 2477 652 2560 Episcopi
674 2481 849 2540 consecrati
875 2483 958 2560 siut,
987 2493 1092 2544 tamen
1114 2492 1241 2543 sanctae
1265 2483 1327 2562 Sy-

202 2559 288 2619 nodo
311 2557 435 2639 placuit
455 2568 491 2618 nt
515 2559 644 2620 modum
672 2564 839 2644 proprium
863 2575 1113 2646 recognoscant,
1145 2575 1178 2626 et
1206 2564 1326 2645 guber·

201 2650 280 2701 nent
298 2641 457 2735 sulsiectas
475 2639 534 2702 sibi
557 2640 727 2723 Ecclesias,
750 2666 924 2729 earumque
945 2646 1163 2710 moderamine
1182 2666 1326 2727 curaque

199 2732 343 2788 contenti
361 2732 435 2784 sint.

226 2825 275 2888 De
307 2829 426 2888 iroraore
455 2841 485 2888 et
512 2826 690 2890 obedientia
710 2830 940 2972 {piscoporum
972 2845 1007 2894 et'
1029 2833 1222 2917 reliquorum
1242 2833 1307 2894 Sa-

669 2926 840 2974 cerotum.

282 3005 482 3080 C'CCXXll.
530 3015 631 3096 Igitur
653 3017 727 3098 quia
754 3028 878 3079 constat
898 3020 1090 3101 religionem
1112 3020 1327 3081 Christianam

198 3118 258 3179 per
291 3105 489 3156 comessores
521 3097 746 3179 Apostolorum
773 3102 946 3161 salubriter
971 3101 1186 3164 administrari
1219 3125 1328 3184 popu-

199 3180 306 3258 lisque
334 3178 374 3238 ad
398 3179 494 3237 vitam
521 3190 683 3240 aeternam
709 3182 861 3242 ducatum
884 3184 1029 3244 exhiberi
1057 3186 1193 3262 debere,
1223 3187 1327 3266 primo

200 3260 417 3320 necessarium
434 3260 644 3322 iudicavimus
666 3264 813 3325 omnibus
835 3267 1020 3347 praecipere
1041 3278 1077 3327 ut
1091 3268 1250 3328 honorem
1268 3269 1327 3328 de·

198 3341 304 3401 bitum
322 3342 550 3403 venerabiliter
564 3345 741 3426 Episcopis‚
762 3347 880 3428 absque
899 3349 967 3409 ulla
985 3349 1189 3411 simulatione
1204 3358 1260 3409 ain
1274 3351 1328 3409 de-

198 3424 355 3486 tractione
375 3423 579 3506 impendant,
595 3429 704 3507 cisque
726 3430 758 3487 in
779 3430 926 3492 omnibus
950 3442 986 3492 ut
1003 3433 1144 3514 patribus
1161 3432 1327 3510 obediant,

199 3515 233 3566 et
251 3505 409 3587 quicquid
430 3528 488 3587 pro
509 3510 609 3568 salute
627 3511 804 3570 animarum
821 3515 1016 3590 monuerint,
1033 3525 1129 3598 prout
1143 3515 1259 3575 melius
1272 3536 1327 3594 pc-

197 3589 340 3664 tuerint,
360 3588 535 3670 adimplere
554 3601 713 3668 satagant,
736 3594 891 3655 sicutDei
909 3606 941 3656 et
960 3607 1098 3657 nostram
1114 3598 1246 3680 gratiam
1267 3598 1327 3656 ha·

196 3673 273 3734 bere
288 3670 459 3738 voluerint.
512 3673 588 3731 Nam
606 3674 761 3739 Dominus
780 3677 837 3735 ait:
855 3674 926 3760 ,Qui
943 3701 1001 3740 vos
1021 3680 1127 3755 credit,
1150 3702 1198 3740 nac
1220 3680 1325 3748 crudit,

196 3768 227 3813 et
248 3759 303 3836 qui
321 3776 379 3814 uos
401 3756 532 3837 spernit,
556 3778 602 3814 me
626 3761 754 3839 speruit.
785 3759 827 3818 Et
846 3761 973 3820 iterum:
995 3761 1032 3820 Si
1053 3777 1081 3822 te
1095 3784 1156 3822 reon
1172 3762 1325 3834 erudierit,

193 3837 250 3896 ,dic
272 3836 443 3897 Ecclesiae.
464 3836 552 3895 Etsi
573 3837 747 3899 Ecclesiam
769 3863 831 3900 non
847 3842 1005 3915 erudierit,
1029 3847 1070 3903 sit
1092 3847 1149 3905 tibi
1169 3845 1328 3904 sicutetls-

197 3922 286 3978 nictus
309 3932 338 3978 et
358 3919 554 4000 plublicunus.
588 3922 628 3980 Et
646 3922 738 3981 alibi:
760 3923 797 3980 Si
810 3925 879 4004 queis
896 3925 1160 3986 scczudulizaueru't
1174 3949 1268 3984 ιιιιιιηι
1286 3923 1326 3982 cle

196 4001 321 4082 pusillis
340 4001 421 4071 istis,
446 4000 554 4078 idest,
577 4005 655 4064 meis
672 4003 913 4086 Discipulisucl
927 4007 1100 4088 Apostolis,
1123 4031 1263 4088 quorum
1281 4007 1327 4065 lo-

197 4103 269 4144 cum
286 4083 436 4163 Episcopi
457 4105 545 4145 nunc
568 4086 599 4144 in
622 4087 766 4147 Ecclesia
783 4095 912 4164 tenent,
935 4091 1045 4148 melius
1067 4105 1112 4150 est
1135 4093 1185 4150 illi
1204 4102 1239 4149 ut
1260 4111 1327 4148 sus-

194 4164 354 4248 pendatur
373 4166 456 4224 niolo
477 4169 615 4228 asinaria
636 4171 669 4228 in
689 4171 771 4230 collo
792 4172 869 4248 eius,
892 4185 922 4231 et
952 4171 1151 4253 demergatur
1181 4175 1213 4232 iu
1243 4193 1325 4256 pro,-

188 4245 330 4328 suudum
345 4249 453 4326 tuearis,
475 4270 568 4333 quarn
583 4251 775 4313 searedalizct
791 4275 885 4316 uuttnr
903 4252 943 4315 dc
958 4256 1027 4317 istis
1046 4258 1192 4318 minimis.
1235 4259 1324 4317 Haeo
