2948 4990
213 255 293 329 680·

208 435 277 481 222.
338 417 398 478 uiti
422 419 463 481 de
492 422 746 486 vailciMiot't'itttt

623 279 913 340 cnetttttntttun

322 501 400 560 ‘aisis
415 503 568 582 agendum
583 505 634 570 sit.

201 580 290 648 225·
307 580 402 660 Quod
410 587 443 644 in
452 587 692 670 metropolitana
701 603 747 646 se·

209 695 212 700 v
308 663 369 734 cle,
391 677 527 748 tempore
556 689 617 751 quo
641 685 746 729 omnes

309 745 457 826 elegerint
471 749 746 831 comprovinciales

308 827 471 915 Episcopi,
482 829 526 890 ad
531 831 555 888 S
548 829 693 907 ynodum
692 827 747 910 fa·

308 909 409 970 ciend.
433 913 474 972 sit
493 911 746 972 conveniendum.
802 957 804 962 .

270 1032 277 1049 .
307 991 395 1073 Quid
406 993 446 1054 cle
461 993 617 1076 Episcopo
628 994 682 1075 qui
690 992 747 1052 ali·

897 421 1071 486 clesiastico
1092 419 1223 508 officia,
1247 433 1279 491 ct
1292 423 1340 486 od

897 505 1052 566 seculares
1066 503 1258 586 confugiunt.
1293 506 1338 568 Et

896 583 937 645 cle
949 585 1209 665 Clericissurtum
1221 588 1336 648 Eccle-

900 669 965 729 siae
973 669 1178 749 facientibus.
1204 669 1279 730 Sive
1294 669 1336 730 de

899 747 1030 812 Clericis
1055 771 1177 810 comant
1193 751 1338 812 nutrien-

901 832 1002 901 tibus,
1036 832 1084 892 vel
1110 832 1249 892 habitum
1279 843 1335 892 ant

895 917 1079 974 uestimenta
1096 913 1256 976 clericalia
1272 933 1340 974 mu·

896 995 1041 1056 tontibus.

308 1095 358 1134 nm
375 1077 556 1137 conculcare
573 1076 619 1136 vel
633 1073 747 1134 calum·
795 1075 866 1144 255,
892 1078 942 1137 De
957 1075 1249 1152 serois‚insciisuel
1263 1096 1340 1138 con-

308 1158 394 1217 niari
412 1171 466 1217 aut
481 1157 632 1216 iniuriare
648 1175 746 1239 prae-

310 1240 476 1322 sumpserit
487 1237 677 1321 Episcopum
678 1281 691 1310 ,
692 1235 747 1318 fa·

309 1321 453 1382 ciendum
470 1323 520 1380 sit.

897 1159 971 1228 sciis
989 1157 1139 1230 dominis,
1152 1157 1338 1224 uiolentiam

889 1240 1104 1321 facientibus,
1143 1254 1175 1300 et
1199 1240 1340 1324 qualiter

897 1325 971 1383 lsaec
994 1323 1200 1399 corrigantur.

207 1397 276 1462 225.
312 1399 353 1461 Ut
385 1402 488 1464 niellus
513 1400 684 1474 Presbyter
711 1399 747 1456 iu
796 1394 867 1468 236.
895 1404 1040 1488 Qualiter
1059 1403 1185 1464 desides
1200 1401 1255 1466 uel
1277 1423 1337 1463 ne·

309 1481 453 1544 Ecriesia
518 1481 746 1546 benedictiones

895 1489 1049 1566 glegentes
1067 1485 1202 1545 curandi
1221 1487 1295 1546 sint.

305 1567 448 1647 publicas
474 1583 568 1646 super
597 1561 747 1645 populum
798 1567 867 1653 237.
899 1567 939 1630 Ut
956 1567 1070 1628 Clerici
1081 1566 1339 1628 contumaccsoel

301 1645 461 1726 satidere,
476 1658 535 1706 aut
551 1645 650 1705 altare
670 1664 746 1702 con·

308 1749 443 1805 sacrare,
465 1729 513 1788 vel
530 1725 745 1795 reconciliare,

305 1824 495 1890 praesumot.

209 1886 278 1950 226.
312 1888 746 1974 Utabsenttb.quodahlatam

309 1985 355 2032 est
363 1975 500 2056 pleniter
509 1977 699 2033 restituatur.

209 2072 278 2134 227.
309 2051 350 2114 Ut
367 2077 402 2113 eo
423 2075 501 2136 quae
513 2055 746 2139 adperpetuarn

896 1647 1000 1733 inflati
1013 1662 1123 1710 contra
1144 1647 1339 1732 Episcopum

898 1753 985 1791 suum
1006 1752 1070 1790 non
1090 1732 1171 1800 sint,
1192 1750 1248 1789 nec
1260 1749 1339 1812 par·

897 1810 1065 1910 vipendant
1076 1814 1142 1871 eius
1159 1831 1338 1872 encommu·

896 1895 1093 1956 necationem.
1136 1892 1180 1952 Et
1198 1893 1336 1973 qualiter

898 1977 972 2037 itaec
987 1973 1145 2056 facientes
1169 1995 1256 2033 suam
1280 1994 1335 2032 re-

896 2060 1000 2141 cipere
1010 2055 1141 2118 debeant
1151 2055 1336 2134 dignitatem

310 2137 474 2196 utilitatem
490 2150 561 2196 sunt
582 2137 743 2204 instituta,
797 2139 866 2204 238.
897 2139 992 2220 Quod
1010 2139 1242 2201 accusatoribus
1262 2149 1336 2196 ante

311 2217 492 2280 inconvulsa
502 2229 713 2301 permaneant.

208 2296 281 2359 228³
306 2299 356 2359 De
386 2299 610 2378 neglegentibus
636 2297 746 2382 officio

898 2221 1123 2282 discussionem
1174 2219 1335 2299 utriusque

893 2305 995 2384 partis
1008 2322 1070 2362 non
1083 2303 1124 2360 sit
1134 2299 1335 2365 credendum.

214 2425 215 2430 1
311 2380 433 2454 divina,
450 2379 746 2442 etnouvenientt'bus
795 2383 867 2468 ²39·
893 2383 942 2444 De
957 2381 1178 2445 Sacerdotibus
1198 2401 1260 2442 non
1275 2380 1333 2441 dc·

309 2463 746 2543 adrnututinaliaoeloesper-

894 2465 1066 2531 trahendis,

310 2547 434 2615 tinulia,
451 2547 517 2604 sioc
531 2545 652 2626 reliqua
664 2543 747 2602 divi·
795 2547 864 2625 240.
897 2547 939 2608 Ut
960 2549 1015 2631 qui
1029 2545 1154 2608 Iudices
1175 2557 1336 2629 suspectos

309 2647 351 2686 nu
372 2625 489 2710 officia.

207 2728 281 2790 229.
305 2707 353 2768 De
379 2712 425 2768 tais
450 2709 507 2787 qui
527 2710 561 2768 in
580 2707 745 2790 captivita-

897 2629 1052 2702 habuerit,
1078 2649 1179 2688 vocem
1193 2628 1335 2712 appella-

896 2711 989 2772 tionis
1007 2709 1162 2772 exhibeat.
1327 2715 1333 2724 '

309 2805 367 2851 tem
377 2789 553 2862 ductisunt,
566 2789 645 2873 quid
651 2809 745 2870 agen-
794 2790 865 2870 242.
896 2791 939 2854 Ut
975 2804 1086 2854 caveat
1123 2791 1334 2882 uuusquisque

307 2873 380 2934 dum
401 2875 451 2932 sit.
550 2913 553 2922 »

208 2957 277 3018 25ο.
307 2953 403 3038 Quod
413 2955 745 3038 contraeaputnonsit

307 3036 503 3116 surgendum.

308 3199 531 3270 hebdomadas,
551 3203 630 3262 sicut
644 3201 682 3262 ab
700 3200 743 3258 Ε-

303 3285 433 3374 piscopo
441 3327 455 3354 ,
479 3284 533 3342 ‘uel
555 3283 669 3344 abillo
688 3281 745 3364 qui

307 3366 490 3426 constitutus
504 3376 550 3424 esi
568 3366 605 3426 ab
624 3386 672 3434 eo,
689 3384 743 3424 vo·

307 3463 428 3516 cantur,
449 3445 492 3504 ad
506 3447 659 3506 civitatem
672 3466 743 3505 con·

305 3531 433 3588 ueniant
452 3529 565 3608 absque
584 3528 649 3586 ullu
663 3526 743 3585 dita·

305 3614 401 3679 tione,
417 3609 561 3670 discendi
575 3611 686 3688 gratia.

203 3691 274 3754 252.
303 3693 391 3833 gum
412 3689 452 3750 de
472 3691 618 3752 convictis
640 3692 673 3750 irt
696 3691 742 3748 iu-

327 3777 387 3836 zcio
410 3773 448 3832 de
462 3771 598 3832 evidenti
616 3772 741 3832 violeu-

303 3857 347 3914 tia
357 3853 544 3936 faciendum
565 3855 614 3912 sit.

202 3937 271 4003 255.
304 3933 343 3998 Ut
362 3935 548 3998 Sacerdotes
568 3935 607 3993 de
632 3937 739 4013 incog-

300 4112 509 4181 praesumant.

188 4169 270 4258 254.
297 4183 344 4240 De
364 4184 410 4242 isis
427 4183 480 4263 (μή
493 4181 671 4274 relinquunt
686 4203 737 4242 ec-

895 2887 1043 2954 quantum
1060 2871 1145 2956 fieri
1169 2886 1274 2956 potest
1298 2885 1335 2936 ut

895 2955 988 3016 alteri
999 2977 1061 3016 non
1067 2954 1171 3036 faciat
1183 2953 1271 3038 quod
1276 2976 1336 3039 pa·

898 3039 923 3097 ti
940 3059 1002 3098 non
1020 3038 1093 3097 vult.

206 3118 277 3177 251.
307 3119 535 3196 Utttrestyuri
540 3115 744 3199 persingulas
792 3119 864 3198 242.
894 3119 935 3180 Ut
944 3115 1161 3180 discordantes
1176 3115 1222 3178 ad
1230 3117 1333 3180 altare

895 3203 961 3262 sive
973 3202 1106 3281 gratiam
1119 3213 1242 3260 sanctae
1251 3221 1335 3261 com-

892 3283 1047 3344 munionis
1078 3301 1141 3342 nou
1172 3279 1334 3344 accedant.

892 3365 973 3428 Etsi
987 3385 1064 3422 ianus
1083 3384 1190 3424 eorum
1206 3385 1238 3422 se
1258 3383 1332 3424 cor-

895 3447 1029 3516 rexerit,
1057 3457 1088 3504 et
1105 3445 1186 3504 alter
1207 3444 1334 3506 discor-

837 3587 840 3596 ,
894 3525 1336 3611 dansinueretusfuerr't,quid

891 3611 931 3672 de
946 3611 994 3670 itis
1010 3607 1162 3686 agendum
1176 3609 1228 3672 sit.

792 3692 861 3770 243.
891 3689 986 3776 Quod
1000 3691 1194 3773 poenitentes
1210 3689 1230 3750 la
1251 3710 1333 3750 con.

889 3776 986 3838 viniis
1000 3785 1030 3831 et
1044 3771 1233 3830 ornamentis
1247 3816 1256 3847 ‚
1279 3783 1332 3832 at.

890 3878 948 3943 que
964 3855 1035 3916 alba
1049 3865 1149 3922 veste,
1170 3853 1332 3914 abstinere

953 3948 1034 3996 eunt.

300 4021 373 4078 uitis
397 4019 486 4078 relus
500 4017 579 4075 niitil
596 4015 738 4081 iudicare
788 4021 858 4100 244
888 3940 950 4086 ilieeb
960 4013 1075 4077 divinis
1095 4026 1125 4072 et
1147 4015 1334 4097 apostolicis

891 4117 982 4199 atque
1009 4098 1169 4158 Canonum
1194 4095 1334 4158 decretis

891 4184 1016 4246 nunitne
1033 4177 1198 4246 violandis.
1217 4243 1220 4256 .
