2910 4984
470 309 626 368 annino
660 310 822 372 curura,
957 282 961 289 ’
1131 288 1204 370 851
1238 347 1245 362 .

69 461 162 534 runt',
185 455 339 518 volumus
365 473 403 514 uc
425 451 572 513 iubemus
592 460 628 512 ut
652 469 761 518 omnes
783 450 930 514 homiues
952 448 1053 512 nostri
1073 448 1107 512 in
1128 471 1205 515 nos-

70 550 155 602 tram
186 539 327 600 veniant
347 535 560 619 praesentiam
583 532 722 597 rationes
738 533 873 594 reddere
899 555 958 594 cor
979 541 1117 594 nostram
1137 535 1206 598 ius·

68 622 201 684 sionem
230 618 315 680 aussi
343 627 419 680 suut
441 625 657 677 contemnere.
708 616 846 676 Comites
871 626 978 676 autem
999 615 1138 676 reddant
1156 639 1206 678 ra·

67 705 199 766 tionem
228 702 270 762 de
293 721 405 760 eorum
433 699 642 781 pagensibus,
673 718 732 758 cur
756 718 810 758 eos
832 707 886 758 aut
911 719 976 759 non
1005 697 1207 760 constrinxe-

66 795 150 866 runt
170 793 209 845 ut
240 783 303 844 hoc
329 783 490 858 facerent,
519 790 574 841 ant
599 779 690 840 nobis
714 779 862 841 nuntiare
888 780 1111 862 neglexerunt.
1154 782 1208 842 Si-

68 869 197 930 militer
219 875 253 927 et
274 865 314 928 de
336 864 463 928 iniustis
482 862 629 932 teloneis,
639 862 839 943 ‘ubicunqne
861 861 1081 944 accipiuntur,
1105 862 1207 925 sciant

68 973 103 1016 sc
126 949 255 1012 exinde
276 947 367 1010 nobis
387 946 546 1009 rationem
570 945 763 1006 reddituros.
805 943 892 1010 Ibid.
912 966 938 1005 c.
964 966 1010 1004 11.

377 1054 427 1114 De
460 1051 605 1112 exanzine
632 1069 729 1131 aquae
753 1047 906 1128 frigidae.

151 1134 274 1200 CXIII.
317 1137 360 1196 Ut
381 1155 514 1198 examen
536 1153 637 1213 aquae
657 1129 812 1212 frigidae,
836 1131 924 1212 quod
945 1130 1108 1192 'haetenus
1129 1132 1205 1193 facI·

66 1217 356 1366 ppppt,cd1piissis
380 1218 496 1281 nostris
517 1214 664 1276 omnibus
683 1211 894 1280 interdicatur
917 1215 958 1276 rie
981 1213 1117 1276 ulterius
1145 1215 1209 1276 fiat.

67 1407 118 1468 De
131 1406 320 1467 reversione
351 1402 480 1464 Comitis
511 1414 542 1462 et
568 1400 750 1484 pagensium
767 1373 815 1460 *de
847 1399 955 1462 hostili
986 1398 1205 1484 expeditione,

108 1500 144 1550 ut
167 1509 214 1549 ex
239 1507 277 1548 eo
300 1485 353 1546 die
374 1505 468 1569 super
496 1483 707 1566 qzrudrngintn
740 1481 871 1544 Mersit
892 1484 1010 1544 bannus
1038 1483 1164 1544 resisus.
1206 1480 1211 1484 ’

152 1593 274 1655 CXIV.
314 1593 488 1671 Postquam
520 1591 633 1651 Comes
666 1596 700 1648 et
734 1608 888 1670 pagenses
915 1588 954 1650 de
979 1585 1134 1670 qualicun
1161 1611 1202 1651 ue

69 1675 288 1758 expeditione
307 1673 418 1734 hostili
438 1671 558 1734 reversi
583 1669 722 1746 fuerint,
750 1690 851 1730 exeo
875 1670 927 1729 die
950 1690 1047 1752 super
1072 1611 1207 1751 qnadra-

70 1760 159 1842 ginta
179 1766 302 1837 noctes
317 1756 359 1818 sit
379 1755 504 1816 bannus
529 1752 657 1828 resisus,
678 1751 765 1835 quod
781 1752 892 1833 lingua
915 1751 1096 1813 Theodisca
1132 1766 1198 1813 scat

69 1841 178 1922 slegi,
201 1839 238 1900 id
261 1846 309 1898 est
326 1857 487 1899 armorum
507 1829 674 1919 depositio,
696 1842 837 1895 vocatur.
877 1834 959 1895 Ibid.
980 1855 1006 1894 c.
1033 1834 1077 1898 rb.

89 1948 140 2008 De
164 1945 333 2008 audientia
359 1943 462 2022 Regis.
503 1939 546 2000 Et
566 1951 600 1998 ut
614 1939 747 1999 Comites
758 1952 787 1999 et
799 1939 893 1999 Missi
911 1936 1063 2004 dominici
1082 1943 1186 2004 mexi-

361 2047 443 2086 mum
462 2043 570 2084 curum
592 2022 725 2082 babeant
745 2043 927 2105 pauperum.

154 2108 258 2174 CXV.
296 2109 366 2170 Hoc
381 2106 470 2168 Missi
491 2101 592 2164 nostri
611 2112 723 2164 notum
740 2103 865 2174 ,faciant
890 2103 1066 2166 Comitibus
1092 2116 1125 2167 et
1138 2127 1203 2190 po·

74 2191 153 2278 pulo
175 2185 276 2272 quod
293 2212 350 2251 nos
374 2190 407 2248 in
434 2187 521 2249 omni
547 2185 746 2247 hebdomada
775 2207 877 2246 uuum
903 2185 988 2248 diem
1022 2188 1063 2248 ad
1092 2209 1205 2251 causas

77 2273 257 2334 audiendas
278 2282 309 2333 et
337 2271 524 2334 iudicandas
547 2268 659 2329 sedere
680 2268 839 2346 volumus.
883 2268 1022 2330 Comites
1046 2279 1154 2344 eutem
1175 2281 1207 2332 et

77 2357 164 2418 Missi
184 2355 288 2418 nostri
305 2375 454 2436 magnum
474 2350 614 2412 studium
635 2349 829 2410 habeantne
852 2351 934 2411 forte
950 2359 1082 2433 propter
1095 2355 1208 2414 eorum

77 2437 321 2520 neglegentiam
343 2455 499 2520 pauperes
529 2432 732 2508 crucientur,
769 2440 801 2492 et
823 2453 881 2492 nos
910 2433 1053 2493 taedium
1075 2443 1208 2516 propter

79 2541 192 2584 eorum
212 2523 368 2582 clamores
394 2517 561 2602 patiamur,
583 2515 610 2575 si
636 2523 774 2573 nostram
801 2513 933 2596 gratiam
953 2513 1072 2576 habere
1092 2515 1206 2578 velint.

79 2602 207 2684 Populo
229 2611 338 2664 autem
361 2601 485 2662 dicetur
503 2607 539 2658 ut
565 2605 676 2658 caveat
700 2596 740 2656 de
760 2595 831 2656 aliis
852 2596 954 2659 causis
972 2619 1005 2659 se
1028 2595 1067 2657 ad
1084 2618 1142 2660 nos
1158 2620 1208 2665 re-

77 2684 228 2762 clamare,
252 2684 315 2745 nisi
336 2684 376 2744 de
398 2681 514 2763 quibus
533 2688 587 2738 aut
604 2677 692 2738 Missi
713 2677 815 2739 nostri
838 2688 893 2742 aut
913 2679 1052 2741 Comites
1075 2678 1121 2742 eis
1144 2678 1207 2742 ius·

77 2766 292 2838 titiasiacere
317 2765 493 2826 noluerint.
534 2760 618 2824 Ibid.
639 2781 665 2820 e.
690 2762 735 2838 ¹4·

99 2873 148 2931 De
160 2869 339 2952 Inserenda
360 2870 380 2930 a
407 2867 546 2930 Vicuriis
566 2866 621 2925 vel
635 2865 707 2924 aliis
721 2865 830 2926 Missis
844 2866 998 2927 Comitum
1019 2865 1186 2947 exigenda.

159 2977 277 3040 CXVI.
318 2975 515 3053 Quicunque
547 2970 668 3036 Vicarii
700 2969 753 3034 vel
781 2971 837 3030 ulii
871 2970 1010 3032 Ministri
1046 2970 1207 3033 Comitum

78 3058 238 3140 tributum
269 3058 357 3139 qnod
384 3053 557 3138 Inserenda
582 3063 734 3128 vocatur,
761 3053 889 3114 maioris
910 3053 1007 3136 pretii
1039 3052 1058 3112 d
1083 3053 1205 3137 populo

80 3141 210 3224 exigere
234 3137 483 3224 praesumpserit
504 3157 599 3215 qnam
626 3135 643 3192 d
664 3134 767 3195 Missis
792 3135 895 3196 bonae
916 3135 1088 3196 memoriae
1114 3135 1207 3220 geni—

78 3224 156 3284 toris
188 3223 291 3284 nostri
329 3221 539 3284 coustitutum
560 3217 632 3296 fuit,
653 3215 716 3276 boc
736 3224 801 3298 est,
833 3219 912 3278 duos
936 3217 1027 3282 solid.
1054 3238 1113 3300 pro
1142 3239 1208 3278 una

78 3325 190 3385 vacca,
227 3305 291 3366 hoc
318 3303 406 3388 quod
428 3301 546 3361 iniuste
571 3297 775 3380 superposuit
800 3307 895 3381 atquc
924 3299 1053 3360 abstulit
1080 3297 1207 3381 sibique

79 3388 230 3465 retinuit,
247 3387 298 3448 his
311 3385 442 3469 'quibus'
461 3382 523 3444 hoc
549 3381 625 3442 tulit
645 3403 719 3442 eum
740 3403 796 3441 sua
818 3381 889 3464 Iege
917 3383 1078 3460 restituat,
1102 3391 1133 3443 et
1154 3383 1206 3441 in-

78 3489 177 3550 super
209 3469 341 3530 fredum
369 3475 516 3529 nostrum
539 3462 738 3548 componat,
769 3472 803 3524 et
834 3463 1050 3526 ministerium
1075 3463 1205 3525 amittat.

77 3549 160 3614 ltid.
181 3569 214 3613 σε
235 3550 282 3616 15.

85 3655 134 3720 De
150 3679 188 3728 ec
211 3658 270 3742 qni
283 3666 417 3743 propter
438 3649 641 3737 cupiditatem
657 3670 761 3710 rerum
782 3670 991 3733 quemcunque
1014 3654 1206 3738 propinquo·

414 3757 484 3797 rum
515 3754 643 3794 suorum
662 3731 867 3812 interfecerit.
885 3791 889 3798 ,

156 3820 290 3886 CXVII.
330 3818 526 3900 Quicunque
548 3824 682 3898 propter
701 3813 910 3896 cupiditatem
934 3832 1045 3874 rerum
1062 3825 1205 3898 patrem,

80 3909 137 3962 aut
154 3914 306 3980 matrem,
335 3911 574 3976 autsororem,
601 3899 655 3959 veI
678 3905 847 3977 nepotem,
876 3894 929 3958 vel
953 3895 1053 3955 alium
1070 3897 1207 3979 propin.

81 4004 180 4064 quum
199 3978 680 4058 snuminterfecerit,hereditas
695 3977 858 4040 interfecti
881 3975 921 4038 ad
946 3976 1025 4040 alios
1047 3977 1207 4061 legitimos

80 4063 217 4128 heredes
240 4067 428 4151 perveniatt
455 4063 671 4124 interfectoris
691 4083 768 4123 vero
792 4059 953 4121 hereditas
973 4059 1006 4119 in
1025 4060 1138 4122 fise-um
1152 4087 1206 4127 re.

81 4145 215 4228 digatur.
258 4151 329 4233 Ipse
358 4169 457 4223 vero,
479 4145 648 4206 ordinante
669 4143 847 4228 Episcopo,
868 4140 1016 4227 publicae
1037 4145 1207 4228 poeniteu-

82 4227 143 4289 tiae
165 4231 327 4294 subdatur.
368 4229 451 4296 Ibid.
474 4228 535 4290 Tit.
557 4227 583 4287 ὅ.
610 4248 636 4287 c.
659 4247 686 4290 2.
