2926 4984
197 285 271 364 554
615 303 906 366 carnumumu

196 447 331 534 quidem
348 445 479 526 fuisset,
496 447 553 512 sed
574 447 651 530 fuga
667 448 774 531 lapsus
789 449 905 530 fuerit,
926 451 1032 515 statim
1054 451 1139 514 iuret
1158 452 1247 533 quod
1260 453 1331 538 ipse

196 553 273 599 eum
292 530 332 594 ad
348 529 502 592 iustitiam
522 531 697 592 cuiuslibet
712 532 942 595 disfaciendam
958 537 1072 618 fugere
1094 556 1159 595 non
1180 537 1333 607 fecissets

145 615 148 626 '
196 624 229 678 et
248 613 290 678 eit
306 613 335 674 ei
350 612 382 672 iu
401 613 464 675 boo
480 603 688 680 satistactum.
710 615 744 675 Si
764 625 871 677 autem
889 617 1031 678 intrandi
1048 617 1081 677 iu
1098 617 1196 700 ipsam
1216 619 1333 680 immu-

197 697 332 757 nitatem
354 697 471 757 Comiti
495 696 630 758 collecta
650 719 748 756 manu
774 699 928 780 quislibet
958 699 1106 762 resistere
1134 702 1331 780 tentaverit,

198 781 313 842 Comes
328 779 390 840 hoc
405 780 445 839 ad
460 801 571 862 regem
589 780 641 844 vel
657 780 698 840 ad
713 780 898 864 Principem
907 784 1043 860 delerat,
1066 793 1102 842 ut
1116 781 1234 843 ibidem
1246 783 1332 843 iudi-
1376 784 1383 806 ⁸

196 872 298 926 cetur.
321 863 362 922 Et
372 862 457 922 sicut
470 863 527 924 ille
543 863 600 946 qui
620 862 653 922 in
668 863 869 924 immunitate
890 865 1041 928 damnum
1059 866 1137 926 fecit
1156 857 1329 929 sexcdntos

195 945 317 1006 solidos
333 967 527 1028 componere
548 947 663 1024 debet,
688 945 730 1005 ita
751 946 806 1028 qui
819 948 941 1016 ,Comiti
959 950 1095 1009 collecta
1114 970 1211 1008 manu
1231 949 1331 1010 resis-

193 1036 264 1090 tere
275 1027 468 1112 praesumit,
491 1029 652 1090 sexcentis
671 1029 782 1092 solidis
798 1030 968 1114 culpabilis
983 1031 1155 1098 iudicetur.
1183 1031 1267 1093 Ilac.
1278 1031 1330 1094 26.

279 1205 281 1211 .
360 1157 409 1218 Dc
430 1158 507 1220 locis
531 1157 577 1220 ad
596 1161 735 1220 claustra
755 1160 984 1222 Canonicoram
996 1160 1161 1241 facienda.

281 1260 461 1326 CCLXIV.
503 1267 551 1330 De
574 1265 655 1326 locis
677 1265 790 1333 dandis
812 1265 852 1325 ad
871 1266 1009 1326 claustra
1022 1267 1261 1329 canonicorum
1284 1270 1331 1329 fa·

195 1345 324 1422 cienda,
346 1345 373 1409 si
390 1348 429 1409 de
451 1347 596 1414 eiusdem
614 1348 780 1410 Ecclesiae
801 1347 898 1410 rebus
918 1349 1027 1425 fuerit,
1051 1359 1159 1411 nostra
1178 1351 1306 1412 liberali

195 1437 260 1490 tate
280 1431 478 1491 concedatur
494 1429 549 1489 ibi.
592 1430 625 1491 si
646 1430 685 1491 de
707 1431 850 1509 alterius,
872 1430 924 1492 vel
944 1432 1121 1509 Ecclesiae,
1143 1433 1195 1493 vel
1211 1434 1331 1495 libero·

172 1533 269 1573 -rum
288 1511 468 1591 hominum,
490 1523 715 1574 commutetur.
757 1514 790 1574 si
811 1524 918 1575 autem
940 1514 979 1574 de
1000 1515 1076 1574 fisco
1090 1523 1199 1575 nostro
1216 1511 1329 1596 fuerit,

196 1604 306 1656 nostra
329 1595 520 1658 liberalitate
544 1597 750 1663 concedatur.
790 1596 896 1682 Supra
911 1597 980 1656 Lib.
1000 1596 1060 1658 IV.
1080 1618 1106 1658 c.
1126 1597 1176 1664 50.

196 1725 246 1786 De
269 1725 438 1808 emptione,
457 1737 595 1808 tempore
616 1727 738 1797 messis,
754 1745 847 1786 causa
864 1724 1047 1808 cupiditatis
1068 1737 1098 1786 et
1118 1726 1219 1808 turpis
1236 1724 1329 1788 luc-ri.

223 1905 226 1912 Ι
279 1829 435 1897 CCLXV.
479 1830 677 1914 Quicunque
698 1841 843 1914 tempore
864 1830 986 1906 messis,
1008 1831 1059 1892 vel
1084 1841 1228 1914 tempore
1254 1834 1330 1895 rin-

196 1913 334 1991 demiue‚
356 1934 422 1974 non
442 1914 650 1992 necessitate,
672 1914 730 1976 sed
754 1922 887 1997 propter
911 1913 1137 1994 cupiditatem,
1167 1926 1330 1998 comparat

196 2005 435 2060 annonammut
449 1997 573 2073 vinum,
591 1997 642 2058 vel
657 1996 748 2058 verbi
769 1996 869 2079 gratia
890 1995 928 2057 de
944 1997 1068 2058 duobus
1082 1997 1225 2058 denariis
1243 2020 1331 2058 com·

196 2087 288 2161 parat
311 2079 455 2139 modium
470 2100 582 2155 unum,
606 2089 639 2140 et
664 2089 769 2142 servat
790 2099 893 2162 usque
915 2077 993 2140 dum
1017 2081 1206 2142 venundare
1229 2082 1331 2162 possit

197 2169 309 2222 contra
330 2160 479 2223 denarios
504 2171 643 2241 quatuor
663 2172 805 2239 autsex,
821 2183 878 2224 seu
901 2162 1049 2244 amplius,
1070 2161 1133 2222 hoc
1154 2171 1248 2244 turpe
1274 2163 1329 2226 lu-

196 2263 290 2305 crum
312 2243 460 2311 dicimus.
507 2244 541 2304 si
568 2265 648 2306 vero
674 2245 736 2306 hoo
758 2254 890 2326 propter
912 2245 1134 2307 necessitatem
1154 2254 1329 2325 comparat,

128 2365 131 2371 ·
197 2336 236 2388 ut
252 2327 314 2390 sibi
330 2325 447 2390 habeat
469 2336 502 2389 et
516 2326 588 2388 aliis
602 2326 734 2406 tribuat,
758 2327 923 2410 negotium
939 2327 1086 2390 dicimus.
1140 2330 1244 2412 Sapra
1257 2327 1331 2392 Liba

197 2414 227 2473 1.
248 2430 277 2477 c.
302 2409 370 2476 125.

375 2514 425 2575 Dc
449 2514 619 2576 stabilitate
637 2513 867 2600 Episcopomm
885 2515 934 2579 vel
954 2514 1155 2576 clericorum.

280 2619 461 2684 CCLXVl·
502 2621 548 2681 Ne
565 2621 604 2681 de
626 2641 692 2681 uno
716 2620 788 2682 loco
809 2621 848 2682 ad
873 2621 1010 2683 alterum
1033 2629 1173 2682 transeat
1193 2622 1333 2705 Episco-

197 2727 257 2792 pus
274 2705 344 2768 sine
362 2704 494 2765 decreto
506 2703 751 2786 Episcoporum,
767 2704 820 2766 vel
837 2704 983 2766 Clericus
997 2704 1066 2766 sine
1086 2703 1226 2765 iussione
1239 2707 1334 2789 Epis·

199 2788 273 2874 copi
293 2787 354 2853 sui.
397 2785 480 2852 laid.
503 2787 615 2852 c.131.
705 2805 708 2818 ¹

436 2893 485 2954 De
510 2891 661 2953 Ecclesiis
681 2891 735 2952 acl
754 2891 907 2953 altaribus
923 2891 1084 2972 ambiguis.

201 3021 204 3032 ’
282 2999 492 3068 CCLXVII..
518 3003 562 3062 Ut
580 3000 749 3066 Ecclesiae
766 2997 821 3063 vel
848 2999 958 3060 altaria
979 3022 1061 3083 quae
1086 2998 1234 3083 ambigua
1255 3009 1333 3064 sunt

199 3085 239 3148 de
262 3084 518 3161 consecratione,
540 3092 782 3150 consecrentur.
825 3083 908 3149 Ibid.
930 3104 955 3145 c.
984 3084 1072 3161 145„

646 3193 702 3251 De·
718 3191 877 3252 ebrietate.

281 3298 494 3365 CCLXVlll.
538 3302 581 3360 Ut
602 3299 640 3359 ab
664 3297 817 3359 ebrietate
836 3296 941 3377 primo
961 3296 1105 3357 omnium
1118 3297 1270 3359 Seniores
1284 3320 1334 3360 se·

200 3383 350 3466 metipsos
370 3392 514 3460 caveant,
537 3393 569 3445 et
589 3404 700 3444 eorum
724 3381 905 3441 iunioribus
930 3382 1114 3462 exemplum
1132 3381 1256 3440 bonum
1276 3403 1334 3443 so-

199 3465 344 3528 brietatis
366 3467 543 3532 ostendant.
587 3465 671 3526 Ibid.
693 3486 719 3530 c.
747 3465 811 3524 161.

199 3575 249 3636 De
269 3570 483 3634 admonitione
504 3571 549 3650 ad
570 3571 703 3632 Comites
718 3592 780 3654 pro
796 3571 929 3630 utilitate
943 3585 1067 3632 sanctae
1082 3573 1146 3630 Dei
1159 3569 1332 3654 Ecclesiae,

207 3700 208 3706 ’
283 3673 462 3742 CCLxlX.
505 3674 606 3738 Vobis
628 3675 805 3738 Comitibus
826 3676 973 3752 dicimus,
995 3698 1116 3757 vosque
1141 3697 1330 3736 commone-

200 3784 283 3839 mus,
305 3761 389 3844 quia-
403 3759 443 3820 ad
458 3769 599 3822 vestrum
620 3758 836 3820 ministerium
859 3759 993 3818 maxime
1016 3759 1156 3839 pertinet
1181 3770 1215 3818 ut
1235 3780 1330 3819 reve·

200 3844 338 3907 rentiam
359 3853 392 3906 et
406 3842 563 3903 bonorem
585 3851 710 3902 sanctae
732 3841 792 3901 Dei
808 3841 971 3901 Ecclesiae
995 3841 1184 3912 exhibeatis,
1209 3851 1335 3900 etcum

200 3923 368 4010 Episcopis
382 3925 500 3994 ,restris
509 3924 713 3986 concorditer
730 3923 852 4000 vivatis,
864 3933 897 3984 et
909 3924 954 3983 eis
971 3924 1166 3983 adiutorium
1186 3924 1225 3982 ad
1239 3945 1334 3982 suum

201 4010 418 4080 ministerium
435 4008 655 4090 peragendum
677 4006 865 4088 praebeatis,
888 4015 921 4066 et
947 4017 982 4066 ut
1004 4029 1059 4067 vos
1081 4007 1140 4088 ipsi
1164 4005 1196 4064 in
1218 4007 1333 4067 minis-

202 4093 292 4154 teriis
309 4092 423 4155 vestris
442 4113 554 4172 pacem
574 4100 610 4170 et¹
628 4089 781 4151 iustitiam
796 4087 930 4165 faciatis,
954 4099 985 4150 et
1000 4097 1082 4169 quae
1105 4098 1211 4150 nostra
1225 4100 1334 4151 aucto-

203 4175 277 4237 ritas
300 4175 430 4257 publice
456 4173 525 4236 lieri
558 4173 721 4250 decernit,
744 4182 780 4232 ut
798 4173 832 4233 in
856 4171 969 4234 vestris
986 4171 1172 4234 ministeriis
1190 4171 1332 4234 studiose

203 4259 397 4340 perficiatur.
440 4257 544 4342 Supra
564 4259 633 4323 Lib.
654 4258 700 4323 II.
722 4277 754 4340 c,
768 4255 799 4320 6:
