<?xml version="1.0" encoding="UTF-8"?>
<!DOCTYPE html PUBLIC "-//W3C//DTD XHTML 1.0 Transitional//EN"
    "http://www.w3.org/TR/xhtml1/DTD/xhtml1-transitional.dtd">
<html xmlns="http://www.w3.org/1999/xhtml" xml:lang="en" lang="en">
 <head>
  <title>
</title>
<meta http-equiv="Content-Type" content="text/html;charset=utf-8" />
  <meta name='ocr-system' content='tesseract 3.04.00' />
  <meta name='ocr-capabilities' content='ocr_page ocr_carea ocr_par ocr_line ocrx_word'/>
</head>
<body>
  <div class='ocr_page' id='page_1' title='image "./corpusiurisgerm04visigoog_0081.png"; bbox 0 0 2910 4986; ppageno 0'>
   <div class='ocr_carea' id='block_1_1' title="bbox 182 329 893 416">
    <p class='ocr_par' dir='ltr' id='par_1_1' title="bbox 182 329 893 438">
     <span class='ocr_line' id='line_1_1' title="bbox 182 329 893 416; baseline 0.007 -9"><span class='ocrx_word' id='word_1_1' title='bbox 182 329 257 409; x_wconf 72' lang='lat'><strong>478</strong></span> <span class='ocrx_word' id='word_1_2' title='bbox 603 353 893 416; x_wconf 72' lang='lat' dir='ltr'><strong>coniciamus</strong></span> 
     </span>
    </p>
   </div>
   <div class='ocr_carea' id='block_1_2' title="bbox 542 493 933 562">
    <p class='ocr_par' dir='ltr' id='par_1_2' title="bbox 542 493 933 562">
     <span class='ocr_line' id='line_1_2' title="bbox 542 493 933 562; baseline 0.026 -10"><span class='ocrx_word' id='word_1_3' title='bbox 542 503 547 519; x_wconf 83' lang='lat'><strong>⁴</strong></span> <span class='ocrx_word' id='word_1_4' title='bbox 568 493 625 554; x_wconf 87' lang='lat' dir='ltr'><strong>De</strong></span> <span class='ocrx_word' id='word_1_5' title='bbox 647 505 734 556; x_wconf 80' lang='lat' dir='ltr'><strong>terra</strong></span> <span class='ocrx_word' id='word_1_6' title='bbox 754 497 933 562; x_wconf 71' lang='lat' dir='ltr'><strong>tributaria«</strong></span> 
     </span>
    </p>
   </div>
   <div class='ocr_carea' id='block_1_3' title="bbox 180 605 1314 1107">
    <p class='ocr_par' dir='ltr' id='par_1_3' title="bbox 180 605 1314 1107">
     <span class='ocr_line' id='line_1_3' title="bbox 222 605 1313 693; baseline 0.003 -20"><span class='ocrx_word' id='word_1_7' title='bbox 222 605 402 674; x_wconf 83' lang='lat' dir='ltr'>XXXVII.</span> <span class='ocrx_word' id='word_1_8' title='bbox 444 606 642 692; x_wconf 74' lang='lat' dir='ltr'><strong>Quicunque</strong></span> <span class='ocrx_word' id='word_1_9' title='bbox 668 619 786 672; x_wconf 87' lang='lat' dir='ltr'><strong>terram</strong></span> <span class='ocrx_word' id='word_1_10' title='bbox 804 613 1025 693; x_wconf 88' lang='lat' dir='ltr'><strong>tributariam,</strong></span> <span class='ocrx_word' id='word_1_11' title='bbox 1047 613 1135 678; x_wconf 86' lang='lat' dir='ltr'><strong>unde</strong></span> <span class='ocrx_word' id='word_1_12' title='bbox 1155 615 1313 677; x_wconf 88' lang='lat' dir='ltr'><strong>tributum</strong></span> 
     </span>
     <span class='ocr_line' id='line_1_4' title="bbox 182 693 1314 776; baseline 0 -20"><span class='ocrx_word' id='word_1_13' title='bbox 182 693 223 756; x_wconf 92' lang='lat' dir='ltr'><strong>ad</strong></span> <span class='ocrx_word' id='word_1_14' title='bbox 244 700 369 776; x_wconf 88' lang='lat' dir='ltr'><strong>partem</strong></span> <span class='ocrx_word' id='word_1_15' title='bbox 386 699 527 752; x_wconf 87' lang='lat' dir='ltr'><strong>nostram</strong></span> <span class='ocrx_word' id='word_1_16' title='bbox 550 693 639 754; x_wconf 78' lang='lat' dir='ltr'><strong>exire</strong></span> <span class='ocrx_word' id='word_1_17' title='bbox 663 693 804 768; x_wconf 81' lang='lat' dir='ltr'>solebat,</span> <span class='ocrx_word' id='word_1_18' title='bbox 827 697 881 758; x_wconf 82' lang='lat' dir='ltr'><strong>vel</strong></span> <span class='ocrx_word' id='word_1_19' title='bbox 901 697 941 758; x_wconf 89' lang='lat' dir='ltr'><strong>ad</strong></span> <span class='ocrx_word' id='word_1_20' title='bbox 963 699 1143 760; x_wconf 90' lang='lat' dir='ltr'><strong>Ecclesiam</strong></span> <span class='ocrx_word' id='word_1_21' title='bbox 1164 698 1217 761; x_wconf 82' lang='lat' dir='ltr'><strong>vcl</strong></span> <span class='ocrx_word' id='word_1_22' title='bbox 1240 698 1314 758; x_wconf 90' lang='lat' dir='ltr'><strong>cui-</strong></span> 
     </span>
     <span class='ocr_line' id='line_1_5' title="bbox 182 773 1314 862; baseline 0.003 -26"><span class='ocrx_word' id='word_1_23' title='bbox 182 777 261 837; x_wconf 83' lang='lat' dir='ltr'>libet</span> <span class='ocrx_word' id='word_1_24' title='bbox 283 774 376 835; x_wconf 88' lang='lat' dir='ltr'><strong>alteri</strong></span> <span class='ocrx_word' id='word_1_25' title='bbox 399 773 578 852; x_wconf 78' lang='lat' dir='ltr'><strong>tradiderit,</strong></span> <span class='ocrx_word' id='word_1_26' title='bbox 601 775 627 836; x_wconf 87' lang='lat' dir='ltr'><strong>is</strong></span> <span class='ocrx_word' id='word_1_27' title='bbox 651 775 707 857; x_wconf 89' lang='lat' dir='ltr'><strong>qui</strong></span> <span class='ocrx_word' id='word_1_28' title='bbox 731 798 798 836; x_wconf 87' lang='lat' dir='ltr'><strong>eam</strong></span> <span class='ocrx_word' id='word_1_29' title='bbox 819 779 1013 862; x_wconf 80' lang='lat' dir='ltr'><strong>susceperit,</strong></span> <span class='ocrx_word' id='word_1_30' title='bbox 1043 781 1200 861; x_wconf 75' lang='lat' dir='ltr'><strong>tributum</strong></span> <span class='ocrx_word' id='word_1_31' title='bbox 1224 779 1314 862; x_wconf 90' lang='lat' dir='ltr'><strong>qnod</strong></span> 
     </span>
     <span class='ocr_line' id='line_1_6' title="bbox 182 855 1314 944; baseline 0 -25"><span class='ocrx_word' id='word_1_32' title='bbox 182 859 259 919; x_wconf 88' lang='lat' dir='ltr'><strong>inde</strong></span> <span class='ocrx_word' id='word_1_33' title='bbox 282 855 467 918; x_wconf 81' lang='lat' dir='ltr'><strong>solvebatur</strong></span> <span class='ocrx_word' id='word_1_34' title='bbox 482 857 569 916; x_wconf 91' lang='lat' dir='ltr'><strong>omni</strong></span> <span class='ocrx_word' id='word_1_35' title='bbox 588 859 740 919; x_wconf 91' lang='lat' dir='ltr'><strong>modoad</strong></span> <span class='ocrx_word' id='word_1_36' title='bbox 762 869 885 940; x_wconf 88' lang='lat' dir='ltr'><strong>partem</strong></span> <span class='ocrx_word' id='word_1_37' title='bbox 906 870 1045 924; x_wconf 89' lang='lat' dir='ltr'><strong>nostram</strong></span> <span class='ocrx_word' id='word_1_38' title='bbox 1063 865 1242 944; x_wconf 84' lang='lat' dir='ltr'><strong>persolvat;</strong></span> <span class='ocrx_word' id='word_1_39' title='bbox 1265 861 1314 920; x_wconf 91' lang='lat' dir='ltr'><strong>ni·</strong></span> 
     </span>
     <span class='ocr_line' id='line_1_7' title="bbox 180 937 1313 1026; baseline 0.001 -24"><span class='ocrx_word' id='word_1_40' title='bbox 180 941 209 1002; x_wconf 90' lang='lat' dir='ltr'><strong>si</strong></span> <span class='ocrx_word' id='word_1_41' title='bbox 230 941 313 1000; x_wconf 90' lang='lat' dir='ltr'><strong>forte</strong></span> <span class='ocrx_word' id='word_1_42' title='bbox 332 940 429 999; x_wconf 88' lang='lat' dir='ltr'><strong>talem</strong></span> <span class='ocrx_word' id='word_1_43' title='bbox 446 937 626 1000; x_wconf 85' lang='lat' dir='ltr'><strong>firmitatem</strong></span> <span class='ocrx_word' id='word_1_44' title='bbox 643 941 683 1001; x_wconf 90' lang='lat' dir='ltr'><strong>de</strong></span> <span class='ocrx_word' id='word_1_45' title='bbox 708 951 798 1022; x_wconf 88' lang='lat' dir='ltr'><strong>parte</strong></span> <span class='ocrx_word' id='word_1_46' title='bbox 821 942 980 1003; x_wconf 89' lang='lat' dir='ltr'><strong>dominica</strong></span> <span class='ocrx_word' id='word_1_47' title='bbox 1001 943 1118 1006; x_wconf 87' lang='lat' dir='ltr'><strong>habeat</strong></span> <span class='ocrx_word' id='word_1_48' title='bbox 1136 965 1195 1024; x_wconf 91' lang='lat' dir='ltr'><strong>per</strong></span> <span class='ocrx_word' id='word_1_49' title='bbox 1216 964 1313 1026; x_wconf 87' lang='lat' dir='ltr'><strong>quam</strong></span> 
     </span>
     <span class='ocr_line' id='line_1_8' title="bbox 181 1021 1290 1107; baseline 0.005 -24"><span class='ocrx_word' id='word_1_50' title='bbox 181 1023 286 1107; x_wconf 88' lang='lat' dir='ltr'><strong>ipsum</strong></span> <span class='ocrx_word' id='word_1_51' title='bbox 303 1021 462 1082; x_wconf 87' lang='lat' dir='ltr'><strong>tributum</strong></span> <span class='ocrx_word' id='word_1_52' title='bbox 483 1021 545 1082; x_wconf 87' lang='lat' dir='ltr'><strong>sibi</strong></span> <span class='ocrx_word' id='word_1_53' title='bbox 563 1023 775 1104; x_wconf 90' lang='lat' dir='ltr'><strong>perdonatum</strong></span> <span class='ocrx_word' id='word_1_54' title='bbox 795 1025 1095 1107; x_wconf 77' lang='lat' dir='ltr'><strong>possitostcndere.</strong></span> <span class='ocrx_word' id='word_1_55' title='bbox 1117 1025 1203 1089; x_wconf 77' lang='lat' dir='ltr'><strong>[tid.</strong></span> <span class='ocrx_word' id='word_1_56' title='bbox 1218 1047 1244 1086; x_wconf 86' lang='lat' dir='ltr'><strong>c.</strong></span> <span class='ocrx_word' id='word_1_57' title='bbox 1260 1047 1290 1088; x_wconf 83' lang='lat' dir='ltr'><strong>a.</strong></span> 
     </span>
    </p>
   </div>
   <div class='ocr_carea' id='block_1_4' title="bbox 536 1126 989 1212">
    <p class='ocr_par' dir='ltr' id='par_1_4' title="bbox 536 1126 989 1212">
     <span class='ocr_line' id='line_1_9' title="bbox 536 1126 989 1212; baseline 0.002 -22"><span class='ocrx_word' id='word_1_58' title='bbox 536 1131 589 1190; x_wconf 82' lang='lat' dir='ltr'><strong>De</strong></span> <span class='ocrx_word' id='word_1_59' title='bbox 603 1126 765 1212; x_wconf 65' lang='lat' dir='ltr'><strong>benficiis</strong></span> <span class='ocrx_word' id='word_1_60' title='bbox 775 1187 778 1196; x_wconf 70' lang='grc'>,</span> <span class='ocrx_word' id='word_1_61' title='bbox 788 1129 965 1194; x_wconf 84' lang='lat' dir='ltr'><strong>destruetis.</strong></span> <span class='ocrx_word' id='word_1_62' title='bbox 985 1180 989 1184; x_wconf 91' lang='lat'>.</span> 
     </span>
    </p>
   </div>
   <div class='ocr_carea' id='block_1_5' title="bbox 180 1231 1313 1565">
    <p class='ocr_par' dir='ltr' id='par_1_5' title="bbox 180 1231 1313 1565">
     <span class='ocr_line' id='line_1_10' title="bbox 222 1231 1313 1322; baseline 0.005 -27"><span class='ocrx_word' id='word_1_63' title='bbox 222 1232 413 1298; x_wconf 81' lang='lat' dir='ltr'>XXXVIII.</span> <span class='ocrx_word' id='word_1_64' title='bbox 455 1231 651 1314; x_wconf 84' lang='lat' dir='ltr'><strong>Quicunque</strong></span> <span class='ocrx_word' id='word_1_65' title='bbox 671 1255 764 1317; x_wconf 84' lang='lat' dir='ltr'><strong>suum</strong></span> <span class='ocrx_word' id='word_1_66' title='bbox 783 1235 978 1302; x_wconf 86' lang='lat' dir='ltr'><strong>beneficium</strong></span> <span class='ocrx_word' id='word_1_67' title='bbox 999 1237 1167 1300; x_wconf 82' lang='lat' dir='ltr'><strong>occasione</strong></span> <span class='ocrx_word' id='word_1_68' title='bbox 1188 1239 1313 1322; x_wconf 90' lang='lat' dir='ltr'><strong>proprii</strong></span> 
     </span>
     <span class='ocr_line' id='line_1_11' title="bbox 180 1315 1312 1401; baseline 0.004 -21"><span class='ocrx_word' id='word_1_69' title='bbox 180 1319 345 1380; x_wconf 89' lang='lat' dir='ltr'><strong>desertum</strong></span> <span class='ocrx_word' id='word_1_70' title='bbox 367 1315 525 1391; x_wconf 88' lang='lat' dir='ltr'><strong>habuerit,</strong></span> <span class='ocrx_word' id='word_1_71' title='bbox 548 1325 581 1377; x_wconf 88' lang='lat' dir='ltr'><strong>et</strong></span> <span class='ocrx_word' id='word_1_72' title='bbox 598 1315 683 1376; x_wconf 88' lang='lat' dir='ltr'><strong>intra</strong></span> <span class='ocrx_word' id='word_1_73' title='bbox 699 1338 820 1378; x_wconf 89' lang='lat' dir='ltr'><strong>annum</strong></span> <span class='ocrx_word' id='word_1_74' title='bbox 844 1329 1013 1401; x_wconf 85' lang='lat' dir='ltr'><strong>postquam</strong></span> <span class='ocrx_word' id='word_1_75' title='bbox 1032 1321 1063 1382; x_wconf 95' lang='lat' dir='ltr'><strong>ei</strong></span> <span class='ocrx_word' id='word_1_76' title='bbox 1089 1321 1245 1383; x_wconf 80' lang='lat' dir='ltr'><strong>dComite</strong></span> <span class='ocrx_word' id='word_1_77' title='bbox 1258 1323 1312 1384; x_wconf 84' lang='lat' dir='ltr'><strong>vel</strong></span> 
     </span>
     <span class='ocr_line' id='line_1_12' title="bbox 180 1397 1312 1478; baseline 0.001 -16"><span class='ocrx_word' id='word_1_78' title='bbox 180 1401 278 1462; x_wconf 89' lang='lat' dir='ltr'><strong>Misso</strong></span> <span class='ocrx_word' id='word_1_79' title='bbox 302 1407 412 1459; x_wconf 90' lang='lat' dir='ltr'><strong>nostro</strong></span> <span class='ocrx_word' id='word_1_80' title='bbox 429 1407 542 1458; x_wconf 90' lang='lat' dir='ltr'><strong>notum</strong></span> <span class='ocrx_word' id='word_1_81' title='bbox 560 1397 680 1458; x_wconf 88' lang='lat' dir='ltr'><strong>factum</strong></span> <span class='ocrx_word' id='word_1_82' title='bbox 702 1399 811 1478; x_wconf 89' lang='lat' dir='ltr'><strong>fuerit,</strong></span> <span class='ocrx_word' id='word_1_83' title='bbox 837 1401 921 1461; x_wconf 83' lang='lat' dir='ltr'><strong>illud</strong></span> <span class='ocrx_word' id='word_1_84' title='bbox 943 1402 1147 1463; x_wconf 86' lang='lat' dir='ltr'><strong>emendatum</strong></span> <span class='ocrx_word' id='word_1_85' title='bbox 1165 1424 1230 1464; x_wconf 93' lang='lat' dir='ltr'><strong>non</strong></span> <span class='ocrx_word' id='word_1_86' title='bbox 1252 1402 1312 1463; x_wconf 87' lang='lat' dir='ltr'><strong>ha-</strong></span> 
     </span>
     <span class='ocr_line' id='line_1_13' title="bbox 180 1479 1018 1565; baseline 0.002 -21"><span class='ocrx_word' id='word_1_87' title='bbox 180 1481 302 1560; x_wconf 85' lang='lat' dir='ltr'><strong>buerit,</strong></span> <span class='ocrx_word' id='word_1_88' title='bbox 325 1481 430 1565; x_wconf 89' lang='lat' dir='ltr'><strong>ipsum</strong></span> <span class='ocrx_word' id='word_1_89' title='bbox 447 1479 643 1541; x_wconf 88' lang='lat' dir='ltr'><strong>beneficium</strong></span> <span class='ocrx_word' id='word_1_90' title='bbox 664 1481 794 1543; x_wconf 87' lang='lat' dir='ltr'><strong>amittat.</strong></span> <span class='ocrx_word' id='word_1_91' title='bbox 835 1483 920 1549; x_wconf 71' lang='lat' dir='ltr'><strong>ibid.</strong></span> <span class='ocrx_word' id='word_1_92' title='bbox 942 1505 968 1549; x_wconf 84' lang='lat' dir='ltr'><strong>c.</strong></span> <span class='ocrx_word' id='word_1_93' title='bbox 989 1485 1018 1546; x_wconf 79' lang='lat'><strong>5.</strong></span> 
     </span>
    </p>
   </div>
   <div class='ocr_carea' id='block_1_6' title="bbox 587 1587 897 1648">
    <p class='ocr_par' dir='ltr' id='par_1_6' title="bbox 587 1587 897 1648">
     <span class='ocr_line' id='line_1_14' title="bbox 587 1587 897 1648; baseline 0 0"><span class='ocrx_word' id='word_1_94' title='bbox 587 1588 642 1648; x_wconf 90' lang='lat' dir='ltr'><strong>De</strong></span> <span class='ocrx_word' id='word_1_95' title='bbox 664 1599 750 1648; x_wconf 81' lang='lat' dir='ltr'><strong>terra</strong></span> <span class='ocrx_word' id='word_1_96' title='bbox 771 1587 897 1648; x_wconf 58' lang='lat' dir='ltr'><strong>censali»</strong></span> 
     </span>
    </p>
   </div>
   <div class='ocr_carea' id='block_1_7' title="bbox 176 1689 1312 2762">
    <p class='ocr_par' dir='ltr' id='par_1_7' title="bbox 176 1689 1312 2762">
     <span class='ocr_line' id='line_1_15' title="bbox 260 1689 1312 1781; baseline 0.009 -27"><span class='ocrx_word' id='word_1_97' title='bbox 260 1689 414 1755; x_wconf 86' lang='lat' dir='ltr'>XXXIX.</span> <span class='ocrx_word' id='word_1_98' title='bbox 464 1690 499 1751; x_wconf 89' lang='lat' dir='ltr'><strong>Si</strong></span> <span class='ocrx_word' id='word_1_99' title='bbox 546 1690 619 1774; x_wconf 89' lang='lat' dir='ltr'><strong>quis</strong></span> <span class='ocrx_word' id='word_1_100' title='bbox 660 1701 777 1756; x_wconf 86' lang='lat' dir='ltr'><strong>terram</strong></span> <span class='ocrx_word' id='word_1_101' title='bbox 808 1694 969 1756; x_wconf 80' lang='lat' dir='ltr'><strong>censalem</strong></span> <span class='ocrx_word' id='word_1_102' title='bbox 1007 1695 1175 1777; x_wconf 87' lang='lat' dir='ltr'><strong>habuerit,</strong></span> <span class='ocrx_word' id='word_1_103' title='bbox 1213 1723 1312 1781; x_wconf 88' lang='lat' dir='ltr'><strong>quam</strong></span> 
     </span>
     <span class='ocr_line' id='line_1_16' title="bbox 181 1771 1312 1854; baseline 0.007 -16"><span class='ocrx_word' id='word_1_104' title='bbox 181 1771 399 1838; x_wconf 74' lang='lat' dir='ltr'><strong>antecessores</strong></span> <span class='ocrx_word' id='word_1_105' title='bbox 435 1773 486 1834; x_wconf 92' lang='lat' dir='ltr'><strong>sui</strong></span> <span class='ocrx_word' id='word_1_106' title='bbox 514 1775 564 1838; x_wconf 88' lang='lat' dir='ltr'><strong>vel</strong></span> <span class='ocrx_word' id='word_1_107' title='bbox 600 1773 640 1834; x_wconf 93' lang='lat' dir='ltr'><strong>ad</strong></span> <span class='ocrx_word' id='word_1_108' title='bbox 670 1774 808 1854; x_wconf 89' lang='lat' dir='ltr'><strong>aliquam</strong></span> <span class='ocrx_word' id='word_1_109' title='bbox 834 1771 1014 1840; x_wconf 70' lang='lat' dir='ltr'><strong>Ecclesiam</strong></span> <span class='ocrx_word' id='word_1_110' title='bbox 1046 1779 1099 1840; x_wconf 87' lang='lat' dir='ltr'><strong>vel</strong></span> <span class='ocrx_word' id='word_1_111' title='bbox 1131 1782 1171 1843; x_wconf 91' lang='lat' dir='ltr'><strong>ad</strong></span> <span class='ocrx_word' id='word_1_112' title='bbox 1200 1784 1312 1846; x_wconf 88' lang='lat' dir='ltr'><strong>villam</strong></span> 
     </span>
     <span class='ocr_line' id='line_1_17' title="bbox 180 1856 1311 1945; baseline 0.005 -25"><span class='ocrx_word' id='word_1_113' title='bbox 180 1868 321 1920; x_wconf 89' lang='lat' dir='ltr'><strong>nostram</strong></span> <span class='ocrx_word' id='word_1_114' title='bbox 361 1856 546 1933; x_wconf 87' lang='lat' dir='ltr'><strong>dederunt,</strong></span> <span class='ocrx_word' id='word_1_115' title='bbox 583 1856 767 1916; x_wconf 88' lang='lat' dir='ltr'><strong>nullatenus</strong></span> <span class='ocrx_word' id='word_1_116' title='bbox 800 1879 869 1917; x_wconf 90' lang='lat' dir='ltr'><strong>eam</strong></span> <span class='ocrx_word' id='word_1_117' title='bbox 897 1861 1076 1921; x_wconf 87' lang='lat' dir='ltr'><strong>secundum</strong></span> <span class='ocrx_word' id='word_1_118' title='bbox 1114 1863 1219 1945; x_wconf 79' lang='lat' dir='ltr'><strong>legem</strong></span> <span class='ocrx_word' id='word_1_119' title='bbox 1260 1876 1311 1926; x_wconf 90' lang='lat' dir='ltr'><strong>te·</strong></span> 
     </span>
     <span class='ocr_line' id='line_1_18' title="bbox 179 1937 1308 2025; baseline 0.006 -25"><span class='ocrx_word' id='word_1_120' title='bbox 179 1962 258 2003; x_wconf 88' lang='lat' dir='ltr'><strong>nere</strong></span> <span class='ocrx_word' id='word_1_121' title='bbox 287 1947 409 2022; x_wconf 89' lang='lat' dir='ltr'><strong>potest,</strong></span> <span class='ocrx_word' id='word_1_122' title='bbox 446 1937 508 2000; x_wconf 89' lang='lat' dir='ltr'><strong>nisi</strong></span> <span class='ocrx_word' id='word_1_123' title='bbox 551 1937 607 1996; x_wconf 92' lang='lat' dir='ltr'><strong>ille</strong></span> <span class='ocrx_word' id='word_1_124' title='bbox 644 1937 784 1998; x_wconf 78' lang='lat' dir='ltr'><strong>voluerit</strong></span> <span class='ocrx_word' id='word_1_125' title='bbox 815 1939 854 2000; x_wconf 92' lang='lat' dir='ltr'><strong>ad</strong></span> <span class='ocrx_word' id='word_1_126' title='bbox 894 1941 987 2002; x_wconf 89' lang='lat' dir='ltr'><strong>cuins</strong></span> <span class='ocrx_word' id='word_1_127' title='bbox 1034 1951 1222 2025; x_wconf 89' lang='lat' dir='ltr'><strong>potestatem</strong></span> <span class='ocrx_word' id='word_1_128' title='bbox 1255 1949 1308 2008; x_wconf 83' lang='lat' dir='ltr'><strong>vel</strong></span> 
     </span>
     <span class='ocr_line' id='line_1_19' title="bbox 178 2019 1308 2102; baseline 0.004 -18"><span class='ocrx_word' id='word_1_129' title='bbox 178 2024 236 2084; x_wconf 90' lang='lat' dir='ltr'><strong>illa</strong></span> <span class='ocrx_word' id='word_1_130' title='bbox 265 2020 411 2082; x_wconf 90' lang='lat' dir='ltr'><strong>Ecclesia</strong></span> <span class='ocrx_word' id='word_1_131' title='bbox 438 2021 491 2080; x_wconf 87' lang='lat' dir='ltr'><strong>vel</strong></span> <span class='ocrx_word' id='word_1_132' title='bbox 522 2019 579 2079; x_wconf 89' lang='lat' dir='ltr'><strong>illa</strong></span> <span class='ocrx_word' id='word_1_133' title='bbox 607 2019 682 2080; x_wconf 86' lang='lat' dir='ltr'><strong>villa</strong></span> <span class='ocrx_word' id='word_1_134' title='bbox 713 2020 886 2102; x_wconf 49' lang='lat' dir='ltr'><strong>pertincte</strong></span> <span class='ocrx_word' id='word_1_135' title='bbox 910 2023 972 2084; x_wconf 90' lang='lat' dir='ltr'><strong>nisi</strong></span> <span class='ocrx_word' id='word_1_136' title='bbox 1014 2025 1098 2086; x_wconf 87' lang='lat' dir='ltr'><strong>forte</strong></span> <span class='ocrx_word' id='word_1_137' title='bbox 1138 2027 1223 2090; x_wconf 85' lang='lat' dir='ltr'><strong>filius</strong></span> <span class='ocrx_word' id='word_1_138' title='bbox 1253 2039 1308 2089; x_wconf 90' lang='lat' dir='ltr'><strong>aut</strong></span> 
     </span>
     <span class='ocr_line' id='line_1_20' title="bbox 179 2101 1311 2186; baseline 0.005 -20"><span class='ocrx_word' id='word_1_139' title='bbox 179 2125 281 2186; x_wconf 90' lang='lat' dir='ltr'><strong>nepos</strong></span> <span class='ocrx_word' id='word_1_140' title='bbox 310 2102 380 2164; x_wconf 80' lang='lat' dir='ltr'><strong>&#39;eius</strong></span> <span class='ocrx_word' id='word_1_141' title='bbox 408 2101 449 2162; x_wconf 92' lang='lat' dir='ltr'><strong>sit</strong></span> <span class='ocrx_word' id='word_1_142' title='bbox 488 2101 545 2183; x_wconf 87' lang='lat' dir='ltr'><strong>qui</strong></span> <span class='ocrx_word' id='word_1_143' title='bbox 578 2123 646 2162; x_wconf 91' lang='lat' dir='ltr'><strong>eam</strong></span> <span class='ocrx_word' id='word_1_144' title='bbox 666 2101 815 2179; x_wconf 75' lang='lat' dir='ltr'><strong>tradidit,</strong></span> <span class='ocrx_word' id='word_1_145' title='bbox 861 2112 893 2163; x_wconf 85' lang='lat' dir='ltr'><strong>et</strong></span> <span class='ocrx_word' id='word_1_146' title='bbox 931 2105 962 2166; x_wconf 91' lang='lat' dir='ltr'><strong>ei</strong></span> <span class='ocrx_word' id='word_1_147' title='bbox 1002 2107 1112 2167; x_wconf 89' lang='lat' dir='ltr'><strong>eadem</strong></span> <span class='ocrx_word' id='word_1_148' title='bbox 1149 2119 1233 2170; x_wconf 87' lang='lat' dir='ltr'><strong>terra</strong></span> <span class='ocrx_word' id='word_1_149' title='bbox 1269 2112 1311 2172; x_wconf 93' lang='lat' dir='ltr'><strong>ad</strong></span> 
     </span>
     <span class='ocr_line' id='line_1_21' title="bbox 178 2183 1309 2265; baseline 0.003 -16"><span class='ocrx_word' id='word_1_150' title='bbox 178 2185 356 2249; x_wconf 89' lang='lat' dir='ltr'><strong>tenendum</strong></span> <span class='ocrx_word' id='word_1_151' title='bbox 377 2184 527 2265; x_wconf 88' lang='lat' dir='ltr'><strong>placitata</strong></span> <span class='ocrx_word' id='word_1_152' title='bbox 545 2184 594 2248; x_wconf 90' lang='lat' dir='ltr'><strong>sit.</strong></span> <span class='ocrx_word' id='word_1_153' title='bbox 637 2183 701 2244; x_wconf 90' lang='lat' dir='ltr'><strong>Sed</strong></span> <span class='ocrx_word' id='word_1_154' title='bbox 719 2185 753 2243; x_wconf 90' lang='lat' dir='ltr'><strong>in</strong></span> <span class='ocrx_word' id='word_1_155' title='bbox 778 2183 837 2245; x_wconf 92' lang='lat' dir='ltr'><strong>hac</strong></span> <span class='ocrx_word' id='word_1_156' title='bbox 860 2207 894 2245; x_wconf 89' lang='lat' dir='ltr'><strong>re</strong></span> <span class='ocrx_word' id='word_1_157' title='bbox 914 2187 1183 2250; x_wconf 88' lang='lat' dir='ltr'><strong>considerandum</strong></span> <span class='ocrx_word' id='word_1_158' title='bbox 1201 2203 1247 2252; x_wconf 89' lang='lat' dir='ltr'><strong>est</strong></span> <span class='ocrx_word' id='word_1_159' title='bbox 1267 2216 1309 2252; x_wconf 89' lang='lat' dir='ltr'><strong>u-</strong></span> 
     </span>
     <span class='ocr_line' id='line_1_22' title="bbox 177 2265 1309 2350; baseline 0.004 -21"><span class='ocrx_word' id='word_1_160' title='bbox 177 2279 264 2329; x_wconf 87' lang='lat' dir='ltr'><strong>trum</strong></span> <span class='ocrx_word' id='word_1_161' title='bbox 288 2268 344 2327; x_wconf 93' lang='lat' dir='ltr'><strong>ille</strong></span> <span class='ocrx_word' id='word_1_162' title='bbox 362 2266 417 2348; x_wconf 92' lang='lat' dir='ltr'><strong>qui</strong></span> <span class='ocrx_word' id='word_1_163' title='bbox 439 2267 522 2328; x_wconf 89' lang='lat' dir='ltr'><strong>hanc</strong></span> <span class='ocrx_word' id='word_1_164' title='bbox 537 2274 639 2343; x_wconf 88' lang='lat' dir='ltr'><strong>tenet,</strong></span> <span class='ocrx_word' id='word_1_165' title='bbox 661 2265 751 2327; x_wconf 87' lang='lat' dir='ltr'><strong>dives</strong></span> <span class='ocrx_word' id='word_1_166' title='bbox 774 2288 813 2344; x_wconf 80' lang='lat' dir='ltr'><strong>an</strong></span> <span class='ocrx_word' id='word_1_167' title='bbox 832 2289 954 2350; x_wconf 84' lang='lat' dir='ltr'><strong>pauper</strong></span> <span class='ocrx_word' id='word_1_168' title='bbox 974 2271 1024 2348; x_wconf 89' lang='lat' dir='ltr'><strong>sit,</strong></span> <span class='ocrx_word' id='word_1_169' title='bbox 1047 2279 1078 2330; x_wconf 89' lang='lat' dir='ltr'><strong>et</strong></span> <span class='ocrx_word' id='word_1_170' title='bbox 1095 2281 1203 2333; x_wconf 90' lang='lat' dir='ltr'><strong>utrum</strong></span> <span class='ocrx_word' id='word_1_171' title='bbox 1219 2275 1309 2335; x_wconf 90' lang='lat' dir='ltr'><strong>aliud</strong></span> 
     </span>
     <span class='ocr_line' id='line_1_23' title="bbox 177 2347 1306 2434; baseline 0.003 -22"><span class='ocrx_word' id='word_1_172' title='bbox 177 2347 374 2412; x_wconf 83' lang='lat' dir='ltr'><strong>beneficium</strong></span> <span class='ocrx_word' id='word_1_173' title='bbox 389 2348 515 2424; x_wconf 89' lang='lat' dir='ltr'><strong>haheat,</strong></span> <span class='ocrx_word' id='word_1_174' title='bbox 537 2348 590 2409; x_wconf 81' lang='lat' dir='ltr'><strong>vel</strong></span> <span class='ocrx_word' id='word_1_175' title='bbox 607 2348 703 2408; x_wconf 89' lang='lat' dir='ltr'><strong>etiam</strong></span> <span class='ocrx_word' id='word_1_176' title='bbox 723 2349 898 2430; x_wconf 85' lang='lat' dir='ltr'><strong>proprium.</strong></span> <span class='ocrx_word' id='word_1_177' title='bbox 940 2352 982 2412; x_wconf 93' lang='lat' dir='ltr'><strong>Et</strong></span> <span class='ocrx_word' id='word_1_178' title='bbox 1003 2350 1060 2434; x_wconf 91' lang='lat' dir='ltr'><strong>qni</strong></span> <span class='ocrx_word' id='word_1_179' title='bbox 1083 2352 1199 2414; x_wconf 90' lang='lat' dir='ltr'><strong>horum</strong></span> <span class='ocrx_word' id='word_1_180' title='bbox 1225 2377 1306 2416; x_wconf 87' lang='lat' dir='ltr'><strong>neu·</strong></span> 
     </span>
     <span class='ocr_line' id='line_1_24' title="bbox 177 2427 1308 2514; baseline 0.005 -21"><span class='ocrx_word' id='word_1_181' title='bbox 177 2445 265 2494; x_wconf 88' lang='lat' dir='ltr'><strong>trum</strong></span> <span class='ocrx_word' id='word_1_182' title='bbox 283 2431 390 2508; x_wconf 86' lang='lat' dir='ltr'><strong>habet,</strong></span> <span class='ocrx_word' id='word_1_183' title='bbox 413 2452 489 2512; x_wconf 79' lang='lat' dir='ltr'><strong>erga</strong></span> <span class='ocrx_word' id='word_1_184' title='bbox 504 2429 592 2490; x_wconf 90' lang='lat' dir='ltr'><strong>hunc</strong></span> <span class='ocrx_word' id='word_1_185' title='bbox 612 2429 862 2492; x_wconf 88' lang='lat' dir='ltr'><strong>misericorditer</strong></span> <span class='ocrx_word' id='word_1_186' title='bbox 882 2427 1042 2514; x_wconf 83' lang='lat' dir='ltr'><strong>agendum</strong></span> <span class='ocrx_word' id='word_1_187' title='bbox 1059 2443 1116 2511; x_wconf 89' lang='lat' dir='ltr'><strong>est,</strong></span> <span class='ocrx_word' id='word_1_188' title='bbox 1141 2458 1181 2497; x_wconf 90' lang='lat' dir='ltr'><strong>ne</strong></span> <span class='ocrx_word' id='word_1_189' title='bbox 1201 2459 1240 2498; x_wconf 86' lang='lat' dir='ltr'><strong>ex</strong></span> <span class='ocrx_word' id='word_1_190' title='bbox 1262 2448 1308 2499; x_wconf 88' lang='lat' dir='ltr'><strong>to·</strong></span> 
     </span>
     <span class='ocr_line' id='line_1_25' title="bbox 176 2511 1306 2597; baseline 0.001 -19"><span class='ocrx_word' id='word_1_191' title='bbox 176 2527 215 2578; x_wconf 90' lang='lat' dir='ltr'><strong>to</strong></span> <span class='ocrx_word' id='word_1_192' title='bbox 228 2515 415 2597; x_wconf 90' lang='lat' dir='ltr'><strong>dispoliatus</strong></span> <span class='ocrx_word' id='word_1_193' title='bbox 435 2513 469 2572; x_wconf 90' lang='lat' dir='ltr'><strong>in</strong></span> <span class='ocrx_word' id='word_1_194' title='bbox 491 2521 663 2594; x_wconf 84' lang='lat' dir='ltr'><strong>egestatem</strong></span> <span class='ocrx_word' id='word_1_195' title='bbox 682 2511 822 2584; x_wconf 87' lang='lat' dir='ltr'><strong>incidat;</strong></span> <span class='ocrx_word' id='word_1_196' title='bbox 852 2523 888 2573; x_wconf 88' lang='lat' dir='ltr'><strong>ut</strong></span> <span class='ocrx_word' id='word_1_197' title='bbox 903 2524 957 2574; x_wconf 87' lang='lat' dir='ltr'><strong>aut</strong></span> <span class='ocrx_word' id='word_1_198' title='bbox 977 2516 1075 2576; x_wconf 87' lang='lat' dir='ltr'><strong>talem</strong></span> <span class='ocrx_word' id='word_1_199' title='bbox 1099 2539 1232 2578; x_wconf 89' lang='lat' dir='ltr'><strong>censum</strong></span> <span class='ocrx_word' id='word_1_200' title='bbox 1254 2521 1306 2579; x_wconf 86' lang='lat' dir='ltr'><strong>in-</strong></span> 
     </span>
     <span class='ocr_line' id='line_1_26' title="bbox 177 2594 1307 2680; baseline 0 -20"><span class='ocrx_word' id='word_1_201' title='bbox 177 2598 219 2660; x_wconf 89' lang='lat' dir='ltr'><strong>de</strong></span> <span class='ocrx_word' id='word_1_202' title='bbox 241 2597 404 2680; x_wconf 85' lang='lat' dir='ltr'><strong>persolvat</strong></span> <span class='ocrx_word' id='word_1_203' title='bbox 429 2596 534 2678; x_wconf 91' lang='lat' dir='ltr'><strong>qualis</strong></span> <span class='ocrx_word' id='word_1_204' title='bbox 559 2594 589 2655; x_wconf 92' lang='lat' dir='ltr'><strong>ei</strong></span> <span class='ocrx_word' id='word_1_205' title='bbox 615 2594 714 2656; x_wconf 81' lang='lat' dir='ltr'><strong>suerit</strong></span> <span class='ocrx_word' id='word_1_206' title='bbox 738 2594 945 2672; x_wconf 86' lang='lat' dir='ltr'><strong>constitutus,</strong></span> <span class='ocrx_word' id='word_1_207' title='bbox 972 2597 1025 2658; x_wconf 81' lang='lat' dir='ltr'><strong>vel</strong></span> <span class='ocrx_word' id='word_1_208' title='bbox 1045 2597 1227 2679; x_wconf 88' lang='lat' dir='ltr'><strong>portionem</strong></span> <span class='ocrx_word' id='word_1_209' title='bbox 1249 2601 1307 2662; x_wconf 85' lang='lat' dir='ltr'><strong>ali·</strong></span> 
     </span>
     <span class='ocr_line' id='line_1_27' title="bbox 176 2676 1305 2762; baseline 0.004 -23"><span class='ocrx_word' id='word_1_210' title='bbox 176 2702 275 2762; x_wconf 86' lang='lat' dir='ltr'><strong>quam</strong></span> <span class='ocrx_word' id='word_1_211' title='bbox 296 2679 372 2740; x_wconf 89' lang='lat' dir='ltr'><strong>inde</strong></span> <span class='ocrx_word' id='word_1_212' title='bbox 391 2679 425 2740; x_wconf 89' lang='lat' dir='ltr'><strong>in</strong></span> <span class='ocrx_word' id='word_1_213' title='bbox 444 2676 638 2740; x_wconf 79' lang='lat' dir='ltr'><strong>beneficium</strong></span> <span class='ocrx_word' id='word_1_214' title='bbox 662 2676 797 2762; x_wconf 89' lang='lat' dir='ltr'><strong>accipiat</strong></span> <span class='ocrx_word' id='word_1_215' title='bbox 812 2678 898 2740; x_wconf 89' lang='lat' dir='ltr'><strong>unde</strong></span> <span class='ocrx_word' id='word_1_216' title='bbox 927 2700 960 2742; x_wconf 85' lang='lat' dir='ltr'><strong>se</strong></span> <span class='ocrx_word' id='word_1_217' title='bbox 985 2689 1163 2742; x_wconf 83' lang='lat' dir='ltr'><strong>sustentare</strong></span> <span class='ocrx_word' id='word_1_218' title='bbox 1190 2683 1305 2746; x_wconf 79' lang='lat' dir='ltr'><strong>valeat.</strong></span> 
     </span>
    </p>
   </div>
   <div class='ocr_carea' id='block_1_8' title="bbox 168 2762 1021 2930">
    <p class='ocr_par' dir='ltr' id='par_1_8' title="bbox 168 2762 1021 2930">
     <span class='ocr_line' id='line_1_28' title="bbox 176 2762 349 2840; baseline -0.006 -16"><span class='ocrx_word' id='word_1_219' title='bbox 176 2762 262 2824; x_wconf 82' lang='lat' dir='ltr'><strong>Ibid.</strong></span> <span class='ocrx_word' id='word_1_220' title='bbox 277 2783 304 2824; x_wconf 84' lang='lat' dir='ltr'><strong>c.</strong></span> <span class='ocrx_word' id='word_1_221' title='bbox 318 2763 349 2840; x_wconf 77' lang='grc'><strong>4.</strong></span> 
     </span>
     <span class='ocr_line' id='line_1_29' title="bbox 168 2867 1021 2930; baseline 0.004 -5"><span class='ocrx_word' id='word_1_222' title='bbox 168 2893 171 2902; x_wconf 70' lang='lat'><strong>,</strong></span> <span class='ocrx_word' id='word_1_223' title='bbox 548 2867 597 2927; x_wconf 88' lang='lat' dir='ltr'><strong>De</strong></span> <span class='ocrx_word' id='word_1_224' title='bbox 620 2869 711 2928; x_wconf 84' lang='lat' dir='ltr'><strong>nonis</strong></span> <span class='ocrx_word' id='word_1_225' title='bbox 739 2879 770 2928; x_wconf 85' lang='lat' dir='ltr'><strong>et</strong></span> <span class='ocrx_word' id='word_1_226' title='bbox 790 2868 930 2930; x_wconf 82' lang='lat' dir='ltr'><strong>decimis.</strong></span> <span class='ocrx_word' id='word_1_227' title='bbox 1019 2882 1021 2888; x_wconf 75' lang='grc'>’</span> 
     </span>
    </p>
   </div>
   <div class='ocr_carea' id='block_1_9' title="bbox 176 2973 1321 3301">
    <p class='ocr_par' dir='ltr' id='par_1_9' title="bbox 176 2973 1321 3301">
     <span class='ocr_line' id='line_1_30' title="bbox 217 2973 1321 3054; baseline 0 -18"><span class='ocrx_word' id='word_1_228' title='bbox 217 2974 284 3036; x_wconf 87' lang='lat' dir='ltr'>XL.</span> <span class='ocrx_word' id='word_1_229' title='bbox 329 2973 574 3036; x_wconf 76' lang='lat' dir='ltr'><strong>consideratum</strong></span> <span class='ocrx_word' id='word_1_230' title='bbox 589 2982 636 3042; x_wconf 87' lang='lat' dir='ltr'><strong>est</strong></span> <span class='ocrx_word' id='word_1_231' title='bbox 651 2982 688 3033; x_wconf 91' lang='lat' dir='ltr'><strong>ut</strong></span> <span class='ocrx_word' id='word_1_232' title='bbox 710 2973 749 3034; x_wconf 89' lang='lat' dir='ltr'><strong>de</strong></span> <span class='ocrx_word' id='word_1_233' title='bbox 770 2973 916 3054; x_wconf 81' lang='lat' dir='ltr'><strong>frugibus</strong></span> <span class='ocrx_word' id='word_1_234' title='bbox 935 2982 1038 3036; x_wconf 88' lang='lat' dir='ltr'><strong>terrae</strong></span> <span class='ocrx_word' id='word_1_235' title='bbox 1062 2983 1094 3037; x_wconf 90' lang='lat' dir='ltr'><strong>et</strong></span> <span class='ocrx_word' id='word_1_236' title='bbox 1118 2975 1321 3039; x_wconf 86' lang='lat' dir='ltr'><strong>animalium.</strong></span> 
     </span>
     <span class='ocr_line' id='line_1_31' title="bbox 179 3055 1302 3138; baseline 0.003 -20"><span class='ocrx_word' id='word_1_237' title='bbox 179 3055 356 3118; x_wconf 89' lang='lat' dir='ltr'><strong>nutrimine</strong></span> <span class='ocrx_word' id='word_1_238' title='bbox 382 3077 480 3136; x_wconf 91' lang='lat' dir='ltr'><strong>super</strong></span> <span class='ocrx_word' id='word_1_239' title='bbox 496 3064 621 3116; x_wconf 87' lang='lat' dir='ltr'><strong>caetera</strong></span> <span class='ocrx_word' id='word_1_240' title='bbox 644 3076 748 3116; x_wconf 89' lang='lat' dir='ltr'><strong>nonae</strong></span> <span class='ocrx_word' id='word_1_241' title='bbox 769 3065 801 3117; x_wconf 94' lang='lat' dir='ltr'><strong>et</strong></span> <span class='ocrx_word' id='word_1_242' title='bbox 817 3055 958 3117; x_wconf 88' lang='lat' dir='ltr'><strong>decimae</strong></span> <span class='ocrx_word' id='word_1_243' title='bbox 979 3058 1212 3138; x_wconf 80' lang='lat' dir='ltr'><strong>persolvantur.</strong></span> <span class='ocrx_word' id='word_1_244' title='bbox 1252 3057 1302 3121; x_wconf 87' lang='lat' dir='ltr'><strong>De</strong></span> 
     </span>
     <span class='ocr_line' id='line_1_32' title="bbox 176 3137 1302 3223; baseline 0.001 -23"><span class='ocrx_word' id='word_1_245' title='bbox 176 3159 274 3220; x_wconf 90' lang='lat' dir='ltr'><strong>opere</strong></span> <span class='ocrx_word' id='word_1_246' title='bbox 294 3159 370 3198; x_wconf 86' lang='lat' dir='ltr'><strong>vero</strong></span> <span class='ocrx_word' id='word_1_247' title='bbox 384 3138 438 3200; x_wconf 82' lang='lat' dir='ltr'><strong>vel</strong></span> <span class='ocrx_word' id='word_1_248' title='bbox 454 3138 685 3199; x_wconf 87' lang='lat' dir='ltr'><strong>restauratione</strong></span> <span class='ocrx_word' id='word_1_249' title='bbox 700 3137 927 3215; x_wconf 87' lang='lat' dir='ltr'><strong>Ecclesiarum,</strong></span> <span class='ocrx_word' id='word_1_250' title='bbox 950 3141 1063 3201; x_wconf 87' lang='lat' dir='ltr'><strong>Comes</strong></span> <span class='ocrx_word' id='word_1_251' title='bbox 1082 3148 1114 3200; x_wconf 86' lang='lat' dir='ltr'><strong>et</strong></span> <span class='ocrx_word' id='word_1_252' title='bbox 1126 3141 1302 3223; x_wconf 81' lang='lat' dir='ltr'><strong>Episcopus</strong></span> 
     </span>
     <span class='ocr_line' id='line_1_33' title="bbox 176 3219 1303 3301; baseline 0.001 -19"><span class='ocrx_word' id='word_1_253' title='bbox 176 3222 244 3282; x_wconf 83' lang='lat' dir='ltr'><strong>sive</strong></span> <span class='ocrx_word' id='word_1_254' title='bbox 263 3220 378 3297; x_wconf 84' lang='lat' dir='ltr'><strong>Abbas,</strong></span> <span class='ocrx_word' id='word_1_255' title='bbox 401 3240 465 3280; x_wconf 88' lang='lat' dir='ltr'><strong>una</strong></span> <span class='ocrx_word' id='word_1_256' title='bbox 486 3241 559 3280; x_wconf 90' lang='lat' dir='ltr'><strong>cum</strong></span> <span class='ocrx_word' id='word_1_257' title='bbox 577 3220 673 3280; x_wconf 89' lang='lat' dir='ltr'><strong>Misso</strong></span> <span class='ocrx_word' id='word_1_258' title='bbox 694 3229 812 3297; x_wconf 85' lang='lat' dir='ltr'><strong>nostro,</strong></span> <span class='ocrx_word' id='word_1_259' title='bbox 835 3241 932 3301; x_wconf 90' lang='lat' dir='ltr'><strong>quem</strong></span> <span class='ocrx_word' id='word_1_260' title='bbox 945 3219 1005 3301; x_wconf 90' lang='lat' dir='ltr'><strong>ipsi</strong></span> <span class='ocrx_word' id='word_1_261' title='bbox 1024 3220 1083 3298; x_wconf 81' lang='lat' dir='ltr'><strong>sibi</strong></span> <span class='ocrx_word' id='word_1_262' title='bbox 1103 3221 1142 3282; x_wconf 93' lang='lat' dir='ltr'><strong>ad</strong></span> <span class='ocrx_word' id='word_1_263' title='bbox 1160 3223 1222 3284; x_wconf 92' lang='lat' dir='ltr'><strong>hoc</strong></span> <span class='ocrx_word' id='word_1_264' title='bbox 1238 3222 1303 3283; x_wconf 89' lang='lat' dir='ltr'><strong>ele-</strong></span> 
     </span>
    </p>
   </div>
   <div class='ocr_carea' id='block_1_10' title="bbox 82 3297 1303 3384">
    <p class='ocr_par' dir='ltr' id='par_1_10' title="bbox 82 3297 1303 3384">
     <span class='ocr_line' id='line_1_34' title="bbox 82 3297 1303 3384; baseline 0.002 -21"><span class='ocrx_word' id='word_1_265' title='bbox 82 3333 84 3337; x_wconf 96' lang='lat'>·</span> <span class='ocrx_word' id='word_1_266' title='bbox 177 3301 295 3384; x_wconf 74' lang='lat' dir='ltr'><strong>gerim,</strong></span> <span class='ocrx_word' id='word_1_267' title='bbox 313 3297 602 3363; x_wconf 81' lang='lat' dir='ltr'><strong>consideratiiinem</strong></span> <span class='ocrx_word' id='word_1_268' title='bbox 617 3301 736 3361; x_wconf 86' lang='lat' dir='ltr'><strong>faciant</strong></span> <span class='ocrx_word' id='word_1_269' title='bbox 754 3312 790 3362; x_wconf 90' lang='lat' dir='ltr'><strong>ut</strong></span> <span class='ocrx_word' id='word_1_270' title='bbox 805 3302 1025 3384; x_wconf 89' lang='lat' dir='ltr'><strong>unusquisque</strong></span> <span class='ocrx_word' id='word_1_271' title='bbox 1046 3324 1158 3368; x_wconf 80' lang='lat' dir='ltr'><strong>eorum</strong></span> <span class='ocrx_word' id='word_1_272' title='bbox 1177 3314 1303 3366; x_wconf 85' lang='lat' dir='ltr'><strong>tantum</strong></span> 
     </span>
    </p>
   </div>
   <div class='ocr_carea' id='block_1_11' title="bbox 137 3383 1305 4290">
    <p class='ocr_par' dir='ltr' id='par_1_11' title="bbox 137 3383 1305 4290">
     <span class='ocr_line' id='line_1_35' title="bbox 176 3383 1301 3468; baseline 0.003 -23"><span class='ocrx_word' id='word_1_273' title='bbox 176 3385 253 3445; x_wconf 90' lang='lat' dir='ltr'><strong>inde</strong></span> <span class='ocrx_word' id='word_1_274' title='bbox 278 3384 412 3465; x_wconf 91' lang='lat' dir='ltr'><strong>accipiat</strong></span> <span class='ocrx_word' id='word_1_275' title='bbox 435 3384 474 3444; x_wconf 88' lang='lat' dir='ltr'><strong>ad</strong></span> <span class='ocrx_word' id='word_1_276' title='bbox 495 3383 693 3464; x_wconf 87' lang='lat' dir='ltr'><strong>operandum</strong></span> <span class='ocrx_word' id='word_1_277' title='bbox 714 3393 747 3445; x_wconf 90' lang='lat' dir='ltr'><strong>et</strong></span> <span class='ocrx_word' id='word_1_278' title='bbox 768 3384 1021 3458; x_wconf 86' lang='lat' dir='ltr'><strong>restaurandum,</strong></span> <span class='ocrx_word' id='word_1_279' title='bbox 1051 3395 1209 3467; x_wconf 84' lang='lat' dir='ltr'><strong>quantum</strong></span> <span class='ocrx_word' id='word_1_280' title='bbox 1234 3387 1301 3468; x_wconf 86' lang='lat' dir='ltr'><strong>ipse</strong></span> 
     </span>
     <span class='ocr_line' id='line_1_36' title="bbox 177 3464 1302 3548; baseline 0 -20"><span class='ocrx_word' id='word_1_281' title='bbox 177 3468 217 3530; x_wconf 87' lang='lat' dir='ltr'><strong>de</strong></span> <span class='ocrx_word' id='word_1_282' title='bbox 238 3466 332 3527; x_wconf 90' lang='lat' dir='ltr'><strong>rebus</strong></span> <span class='ocrx_word' id='word_1_283' title='bbox 350 3465 568 3526; x_wconf 87' lang='lat' dir='ltr'><strong>Ecclesiarnm</strong></span> <span class='ocrx_word' id='word_1_284' title='bbox 589 3464 706 3526; x_wconf 87' lang='lat' dir='ltr'><strong>habere</strong></span> <span class='ocrx_word' id='word_1_285' title='bbox 725 3466 938 3548; x_wconf 81' lang='lat' dir='ltr'><strong>cognoscitur.</strong></span> <span class='ocrx_word' id='word_1_286' title='bbox 980 3466 1136 3526; x_wconf 87' lang='lat' dir='ltr'><strong>Similiter</strong></span> <span class='ocrx_word' id='word_1_287' title='bbox 1160 3479 1192 3528; x_wconf 93' lang='lat' dir='ltr'><strong>et</strong></span> <span class='ocrx_word' id='word_1_288' title='bbox 1216 3468 1302 3530; x_wconf 80' lang='lat' dir='ltr'><strong>vassi</strong></span> 
     </span>
     <span class='ocr_line' id='line_1_37' title="bbox 176 3547 1305 3631; baseline 0.001 -21"><span class='ocrx_word' id='word_1_289' title='bbox 176 3548 276 3610; x_wconf 88' lang='lat' dir='ltr'><strong>nostri</strong></span> <span class='ocrx_word' id='word_1_290' title='bbox 301 3559 354 3608; x_wconf 89' lang='lat' dir='ltr'><strong>aut</strong></span> <span class='ocrx_word' id='word_1_291' title='bbox 374 3547 408 3606; x_wconf 90' lang='lat' dir='ltr'><strong>in</strong></span> <span class='ocrx_word' id='word_1_292' title='bbox 427 3568 595 3608; x_wconf 88' lang='lat' dir='ltr'><strong>commune</strong></span> <span class='ocrx_word' id='word_1_293' title='bbox 611 3556 737 3607; x_wconf 90' lang='lat' dir='ltr'><strong>tantum</strong></span> <span class='ocrx_word' id='word_1_294' title='bbox 763 3549 870 3628; x_wconf 90' lang='lat' dir='ltr'><strong>operis</strong></span> <span class='ocrx_word' id='word_1_295' title='bbox 888 3548 1057 3631; x_wconf 88' lang='lat' dir='ltr'><strong>accipiant,</strong></span> <span class='ocrx_word' id='word_1_296' title='bbox 1080 3560 1237 3630; x_wconf 87' lang='lat' dir='ltr'><strong>quantum</strong></span> <span class='ocrx_word' id='word_1_297' title='bbox 1253 3571 1305 3612; x_wconf 89' lang='lat' dir='ltr'><strong>re-</strong></span> 
     </span>
     <span class='ocr_line' id='line_1_38' title="bbox 174 3627 1303 3712; baseline -0.001 -19"><span class='ocrx_word' id='word_1_298' title='bbox 174 3653 248 3694; x_wconf 87' lang='lat' dir='ltr'><strong>rum</strong></span> <span class='ocrx_word' id='word_1_299' title='bbox 271 3628 557 3693; x_wconf 89' lang='lat' dir='ltr'><strong>ecclesiasticarum</strong></span> <span class='ocrx_word' id='word_1_300' title='bbox 585 3627 723 3707; x_wconf 87' lang='lat' dir='ltr'><strong>hahent,</strong></span> <span class='ocrx_word' id='word_1_301' title='bbox 745 3631 798 3692; x_wconf 85' lang='lat' dir='ltr'><strong>vel</strong></span> <span class='ocrx_word' id='word_1_302' title='bbox 825 3632 1045 3712; x_wconf 89' lang='lat' dir='ltr'><strong>unusquisque</strong></span> <span class='ocrx_word' id='word_1_303' title='bbox 1070 3651 1129 3712; x_wconf 89' lang='lat' dir='ltr'><strong>per</strong></span> <span class='ocrx_word' id='word_1_304' title='bbox 1149 3654 1182 3693; x_wconf 89' lang='lat' dir='ltr'><strong>se</strong></span> <span class='ocrx_word' id='word_1_305' title='bbox 1211 3631 1303 3693; x_wconf 84' lang='lat' dir='ltr'><strong>iuxta</strong></span> 
     </span>
     <span class='ocr_line' id='line_1_39' title="bbox 137 3711 1303 3798; baseline 0 -23"><span class='ocrx_word' id='word_1_306' title='bbox 137 3713 141 3716; x_wconf 68' lang='grc'><strong>’</strong></span> <span class='ocrx_word' id='word_1_307' title='bbox 175 3714 386 3798; x_wconf 86' lang='lat' dir='ltr'><strong>quantitatem</strong></span> <span class='ocrx_word' id='word_1_308' title='bbox 405 3734 500 3794; x_wconf 91' lang='lat' dir='ltr'><strong>quam</strong></span> <span class='ocrx_word' id='word_1_309' title='bbox 522 3711 589 3792; x_wconf 87' lang='lat' dir='ltr'><strong>ipse</strong></span> <span class='ocrx_word' id='word_1_310' title='bbox 610 3720 708 3772; x_wconf 89' lang='lat' dir='ltr'><strong>tenet.</strong></span> <span class='ocrx_word' id='word_1_311' title='bbox 751 3712 815 3775; x_wconf 85' lang='lat' dir='ltr'><strong>Aut</strong></span> <span class='ocrx_word' id='word_1_312' title='bbox 833 3713 859 3772; x_wconf 91' lang='lat' dir='ltr'><strong>si</strong></span> <span class='ocrx_word' id='word_1_313' title='bbox 880 3712 966 3774; x_wconf 85' lang='lat' dir='ltr'><strong>inter</strong></span> <span class='ocrx_word' id='word_1_314' title='bbox 987 3733 1040 3773; x_wconf 90' lang='lat' dir='ltr'><strong>eos</strong></span> <span class='ocrx_word' id='word_1_315' title='bbox 1057 3715 1248 3775; x_wconf 88' lang='lat' dir='ltr'><strong>convenerit</strong></span> <span class='ocrx_word' id='word_1_316' title='bbox 1266 3725 1303 3775; x_wconf 87' lang='lat' dir='ltr'><strong>ut</strong></span> 
     </span>
     <span class='ocr_line' id='line_1_40' title="bbox 174 3793 1304 3880; baseline 0.003 -24"><span class='ocrx_word' id='word_1_317' title='bbox 174 3817 234 3879; x_wconf 87' lang='lat' dir='ltr'><strong>pro</strong></span> <span class='ocrx_word' id='word_1_318' title='bbox 251 3817 347 3880; x_wconf 91' lang='lat' dir='ltr'><strong>opere</strong></span> <span class='ocrx_word' id='word_1_319' title='bbox 360 3795 508 3856; x_wconf 88' lang='lat' dir='ltr'><strong>faciendo</strong></span> <span class='ocrx_word' id='word_1_320' title='bbox 519 3802 687 3874; x_wconf 79' lang='lat' dir='ltr'><strong>argentum</strong></span> <span class='ocrx_word' id='word_1_321' title='bbox 705 3793 837 3872; x_wconf 89' lang='lat' dir='ltr'><strong>donent,</strong></span> <span class='ocrx_word' id='word_1_322' title='bbox 853 3793 941 3855; x_wconf 84' lang='lat' dir='ltr'><strong>iuxta</strong></span> <span class='ocrx_word' id='word_1_323' title='bbox 955 3793 1207 3872; x_wconf 85' lang='lat' dir='ltr'><strong>aestimationem</strong></span> <span class='ocrx_word' id='word_1_324' title='bbox 1227 3819 1304 3880; x_wconf 83' lang='lat' dir='ltr'><strong>ope-</strong></span> 
     </span>
     <span class='ocr_line' id='line_1_41' title="bbox 173 3870 1302 3961; baseline 0 -22"><span class='ocrx_word' id='word_1_325' title='bbox 173 3879 218 3940; x_wconf 88' lang='lat' dir='ltr'><strong>ris</strong></span> <span class='ocrx_word' id='word_1_326' title='bbox 236 3879 269 3938; x_wconf 94' lang='lat' dir='ltr'><strong>in</strong></span> <span class='ocrx_word' id='word_1_327' title='bbox 289 3887 420 3961; x_wconf 84' lang='lat' dir='ltr'><strong>argento</strong></span> <span class='ocrx_word' id='word_1_328' title='bbox 432 3876 635 3959; x_wconf 89' lang='lat' dir='ltr'><strong>persolvant;</strong></span> <span class='ocrx_word' id='word_1_329' title='bbox 658 3898 732 3936; x_wconf 91' lang='lat' dir='ltr'><strong>cum</strong></span> <span class='ocrx_word' id='word_1_330' title='bbox 754 3898 819 3958; x_wconf 92' lang='lat' dir='ltr'><strong>quo</strong></span> <span class='ocrx_word' id='word_1_331' title='bbox 836 3877 940 3959; x_wconf 91' lang='lat' dir='ltr'><strong>pretio</strong></span> <span class='ocrx_word' id='word_1_332' title='bbox 950 3870 1070 3937; x_wconf 82' lang='lat' dir='ltr'><strong>Rector</strong></span> <span class='ocrx_word' id='word_1_333' title='bbox 1082 3877 1245 3940; x_wconf 87' lang='lat' dir='ltr'><strong>Ecclesiae</strong></span> <span class='ocrx_word' id='word_1_334' title='bbox 1261 3879 1302 3939; x_wconf 87' lang='lat' dir='ltr'><strong>ad</strong></span> 
     </span>
     <span class='ocr_line' id='line_1_42' title="bbox 173 3957 1300 4046; baseline -0.001 -26"><span class='ocrx_word' id='word_1_335' title='bbox 173 3960 369 4046; x_wconf 89' lang='lat' dir='ltr'><strong>praedictam</strong></span> <span class='ocrx_word' id='word_1_336' title='bbox 390 3957 654 4022; x_wconf 87' lang='lat' dir='ltr'><strong>restaurationem</strong></span> <span class='ocrx_word' id='word_1_337' title='bbox 681 3959 842 4042; x_wconf 90' lang='lat' dir='ltr'><strong>operarios</strong></span> <span class='ocrx_word' id='word_1_338' title='bbox 870 3960 1054 4020; x_wconf 88' lang='lat' dir='ltr'><strong>conducere</strong></span> <span class='ocrx_word' id='word_1_339' title='bbox 1083 3967 1114 4020; x_wconf 89' lang='lat' dir='ltr'><strong>et</strong></span> <span class='ocrx_word' id='word_1_340' title='bbox 1136 3961 1300 4022; x_wconf 86' lang='lat' dir='ltr'><strong>materiam</strong></span> 
     </span>
     <span class='ocr_line' id='line_1_43' title="bbox 173 4033 1299 4126; baseline -0.005 -20"><span class='ocrx_word' id='word_1_341' title='bbox 173 4065 279 4106; x_wconf 90' lang='lat' dir='ltr'><strong>emere</strong></span> <span class='ocrx_word' id='word_1_342' title='bbox 297 4042 406 4126; x_wconf 89' lang='lat' dir='ltr'><strong>possit.</strong></span> <span class='ocrx_word' id='word_1_343' title='bbox 447 4043 488 4102; x_wconf 91' lang='lat' dir='ltr'><strong>Et</strong></span> <span class='ocrx_word' id='word_1_344' title='bbox 509 4041 565 4123; x_wconf 89' lang='lat' dir='ltr'><strong>qui</strong></span> <span class='ocrx_word' id='word_1_345' title='bbox 589 4063 689 4103; x_wconf 88' lang='lat' dir='ltr'><strong>nonas</strong></span> <span class='ocrx_word' id='word_1_346' title='bbox 706 4049 739 4103; x_wconf 91' lang='lat' dir='ltr'><strong>et</strong></span> <span class='ocrx_word' id='word_1_347' title='bbox 759 4040 896 4104; x_wconf 90' lang='lat' dir='ltr'><strong>decimas</strong></span> <span class='ocrx_word' id='word_1_348' title='bbox 923 4041 998 4102; x_wconf 89' lang='lat' dir='ltr'><strong>dare</strong></span> <span class='ocrx_word' id='word_1_349' title='bbox 1020 4033 1210 4122; x_wconf 81' lang='lat' dir='ltr'><strong>neglexerit,</strong></span> <span class='ocrx_word' id='word_1_350' title='bbox 1233 4042 1299 4124; x_wconf 81' lang='lat' dir='ltr'><strong>pri-</strong></span> 
     </span>
     <span class='ocr_line' id='line_1_44' title="bbox 172 4122 1301 4214; baseline -0.004 -26"><span class='ocrx_word' id='word_1_351' title='bbox 172 4147 260 4188; x_wconf 90' lang='lat' dir='ltr'><strong>mum</strong></span> <span class='ocrx_word' id='word_1_352' title='bbox 276 4125 410 4208; x_wconf 88' lang='lat' dir='ltr'><strong>quidem</strong></span> <span class='ocrx_word' id='word_1_353' title='bbox 423 4123 494 4202; x_wconf 88' lang='lat' dir='ltr'><strong>illas</strong></span> <span class='ocrx_word' id='word_1_354' title='bbox 514 4143 588 4184; x_wconf 87' lang='lat' dir='ltr'><strong>cnm</strong></span> <span class='ocrx_word' id='word_1_355' title='bbox 604 4125 675 4214; x_wconf 80' lang='lat' dir='ltr'><strong>lege</strong></span> <span class='ocrx_word' id='word_1_356' title='bbox 700 4145 757 4186; x_wconf 89' lang='lat' dir='ltr'><strong>sna</strong></span> <span class='ocrx_word' id='word_1_357' title='bbox 777 4123 933 4200; x_wconf 89' lang='lat' dir='ltr'><strong>restituat,</strong></span> <span class='ocrx_word' id='word_1_358' title='bbox 956 4131 988 4184; x_wconf 90' lang='lat' dir='ltr'><strong>et</strong></span> <span class='ocrx_word' id='word_1_359' title='bbox 1006 4122 1140 4202; x_wconf 86' lang='lat' dir='ltr'><strong>insuper</strong></span> <span class='ocrx_word' id='word_1_360' title='bbox 1156 4125 1301 4184; x_wconf 82' lang='lat' dir='ltr'><strong>bannum</strong></span> 
     </span>
     <span class='ocr_line' id='line_1_45' title="bbox 173 4202 1300 4290; baseline -0.004 -19"><span class='ocrx_word' id='word_1_361' title='bbox 173 4218 316 4272; x_wconf 88' lang='lat' dir='ltr'><strong>nostrum</strong></span> <span class='ocrx_word' id='word_1_362' title='bbox 331 4204 444 4284; x_wconf 81' lang='lat' dir='ltr'><strong>solvat,</strong></span> <span class='ocrx_word' id='word_1_363' title='bbox 466 4215 502 4267; x_wconf 92' lang='lat' dir='ltr'><strong>ut</strong></span> <span class='ocrx_word' id='word_1_364' title='bbox 533 4205 577 4267; x_wconf 86' lang='lat' dir='ltr'><strong>ita</strong></span> <span class='ocrx_word' id='word_1_365' title='bbox 598 4205 767 4290; x_wconf 80' lang='lat' dir='ltr'><strong>castigatus</strong></span> <span class='ocrx_word' id='word_1_366' title='bbox 790 4217 901 4268; x_wconf 83' lang='lat' dir='ltr'><strong>caveat</strong></span> <span class='ocrx_word' id='word_1_367' title='bbox 928 4227 971 4269; x_wconf 86' lang='lat' dir='ltr'><strong>ne</strong></span> <span class='ocrx_word' id='word_1_368' title='bbox 1002 4202 1129 4288; x_wconf 79' lang='lat' dir='ltr'><strong>saepias</strong></span> <span class='ocrx_word' id='word_1_369' title='bbox 1149 4205 1300 4269; x_wconf 84' lang='lat' dir='ltr'><strong>iterando</strong></span> 
     </span>
    </p>
   </div>
   <div class='ocr_carea' id='block_1_12' title="bbox 170 4287 738 4373">
    <p class='ocr_par' dir='ltr' id='par_1_12' title="bbox 170 4287 738 4373">
     <span class='ocr_line' id='line_1_46' title="bbox 170 4287 738 4373; baseline 0.004 -19"><span class='ocrx_word' id='word_1_370' title='bbox 170 4290 365 4356; x_wconf 71' lang='lat' dir='ltr'><strong>beneficium</strong></span> <span class='ocrx_word' id='word_1_371' title='bbox 385 4289 517 4357; x_wconf 84' lang='lat' dir='ltr'><strong>amittat.</strong></span> <span class='ocrx_word' id='word_1_372' title='bbox 557 4287 643 4353; x_wconf 69' lang='lat' dir='ltr'><strong>lota.</strong></span> <span class='ocrx_word' id='word_1_373' title='bbox 664 4307 690 4352; x_wconf 82' lang='lat' dir='ltr'><strong>c.</strong></span> <span class='ocrx_word' id='word_1_374' title='bbox 709 4287 738 4373; x_wconf 72' lang='grc'><strong>5,</strong></span> 
     </span>
    </p>
   </div>
   <div class='ocr_carea' id='block_1_13' title="bbox 0 0 1458 4986">
    <p class='ocr_par' dir='ltr' id='par_1_13' title="bbox 0 0 1458 4986">
     <span class='ocr_line' id='line_1_47' title="bbox 0 0 1458 4986; baseline 0 3"><span class='ocrx_word' id='word_1_375' title='bbox 0 0 1458 4986; x_wconf 95' lang='lat' dir='ltr'><strong> </strong></span> 
     </span>
    </p>
   </div>
  </div>
 </body>
</html>
