2948 4990
512 455 514 462 ι
571 379 685 438 uam
719 373 873 442 saurus.
1191 357 1273 440 *⁶29
1350 399 1357 408 ·=

350 519 398 580 De
430 520 479 580 aa
508 521 563 604 qui
581 521 785 584 heribannum
805 523 929 588 soluere
946 521 1070 587 debent.

228 620 377 690 CCXXI.
420 628 463 688 Ut
488 626 537 687 illi
552 627 607 710 qui
633 626 850 690 heribannum
862 631 987 692 solvere
1004 629 1136 705 debent,
1148 626 1261 690 ooniec

135 717 213 770 'tu-m
227 706 346 768 faciant
363 705 676 788 heribannatoribus,
699 721 731 772 et
747 711 977 774 nullumaliud
1001 709 1192 792 obsequium
1208 711 1275 782 Co·

142 791 274 852 mitibus
295 790 348 852 vel
370 791 508 852 Vicariis
526 793 655 853 faciant.
699 793 805 879 Supra
826 795 896 856 Lib.
921 793 960 860 V.
981 815 1008 856 c.
1039 793 1110 858 283.
1258 807 1259 812 ’

151 977 154 982 1
309 896 358 956 De
370 894 523 976 fugitiuis
542 909 573 957 et
592 900 782 982 peregrinis,
811 912 845 959 ut
867 898 1128 980 distringantur.'

134 987 152 1028 ”’
227 1000 397 1066 CCXXII.
438 1004 487 1064 De
509 1003 654 1086 fugitivis
684 1027 721 1066 ac
747 1005 943 1088 peregrinis,
966 1012 1002 1065 ut
1022 1002 1273 1086 distringantur,

143 1095 183 1146 ut
209 1085 289 1148 seire
317 1085 474 1168 possimus
495 1087 551 1168 qui
568 1085 633 1148 sint
650 1097 705 1149 aut
719 1088 807 1150 unde
826 1087 986 1150 uenerint.
1025 1087 1108 1171 App.
1134 1086 1180 1148 H.
1201 1107 1227 1153 c.
1242 1090 1273 1164 4.

270 1194 319 1252 De
331 1192 471 1252 ‘armillis
495 1205 525 1252 et
541 1193 663 1253 bruniis
677 1193 921 1274 negotiatoribus
939 1212 1003 1254 non
1024 1190 1160 1266 dandis„

228 1297 412 1367 CCXXlIl,
454 1299 495 1362 Ut
508 1299 651 1364 armillae
675 1309 707 1366 et
720 1299 857 1364 bruniae
875 1320 941 1360 nou
961 1298 1080 1360 deutur
1099 1298 1273 1382 negotiato-

143 1381 244 1448 ribus.
286 1380 371 1444 Jbid.
395 1402 421 1444 c.
443 1380 471 1444 5.

452 1485 495 1548 Ut
525 1509 684 1550 mensurae
707 1485 852 1571 aequales
866 1483 966 1571 fiant.

141 1661 146 1670 ‚
227 1589 411 1662 ccxxiv.
451 1597 500 1656 Dc
518 1593 687 1674 mensuris,
702 1603 741 1655 ut
754 1594 931 1655 secundum
946 1593 1119 1657 iussionem
1135 1604 1275 1660 nostram

144 1678 296 1760 aequales
319 1677 406 1738 fiant.
448 1677 533 1740 Jltd.
553 1700 579 1744 c.
598 1678 628 1738 6.
687 1687 691 1707 ¹

149 1783 194 1845 Ut
210 1782 382 1844 Christiani
397 1783 436 1844 ab
452 1785 554 1844 otioso
576 1803 721 1846 sermone
733 1802 765 1842 se
781 1795 924 1862 caueant,
937 1781 1016 1845 velli
1033 1787 1163 1848 caeteris
1183 1788 1273 1847 uitiis

229 1887 394 1951 CCXXV.
416 1890 560 1952 ¹Placuit
575 1899 611 1950 ut
629 1889 740 1954 fideles
765 1888 804 1950 de
827 1889 928 1950 otioso
951 1910 1110 1968 sermone,
1132 1913 1273 1974 proquo

146 1971 182 2033 in
206 1971 258 2032 die
286 1972 397 2032 iudicii
422 1970 753 2033 secundanomini
777 1971 969 2032 sententiam
993 1972 1143 2034 rationes
1163 1995 1274 2036 omnes

144 2053 307 2115 reddituri
332 2077 452 2132 sumus,
469 2065 501 2116 et
519 2056 558 2116 de
582 2053 774 2116 scurrilitate
796 2062 827 2116 et
849 2053 1052 2134 stultiloquio
1069 2063 1102 2114 et
1120 2056 1270 2118 maledic-

143 2135 299 2213 tionibus,
316 2137 480 2217 quoniam,
497 2138 587 2198 iuxta
601 2136 802 2218 Apostolum,
818 2134 1045 2196 maledicentes
1059 2158 1194 2218 regnum
1211 2138 1275 2198 Dei

145 2240 213 2279 non
236 2219 463 2300 possidebunt,
486 2231 518 2282 et
544 2221 583 2281 de
606 2218 776 2279 mendacio
796 2217 912 2294 noxio,
943 2217 1009 2278 sive
1031 2219 1070 2278 de
1089 2221 1274 2300 periculoso

145 2300 337 2382 assiduoque
366 2301 560 2380 iuramento,
587 2312 619 2363 et
640 2299 803 2361 obscoenis
822 2299 1033 2382 turpibusque
1055 2301 1206 2380 canticis,
1235 2305 1274 2363 ab

144 2383 196 2444 his
218 2384 364 2444 omnibus
379 2384 487 2444 cuncti
511 2384 683 2446 Christiani
705 2403 737 2444 se
761 2382 888 2441 fortiter
915 2401 1029 2442 cavere
1047 2381 1204 2455 debeant3
1233 2407 1274 2444 ue

143 2464 196 2526 his
217 2466 382 2527 studentes
402 2489 461 2550 per
486 2466 722 2552 neglegentiam
748 2465 984 2526 detrimentum
999 2484 1128 2524 suarum
1147 2464 1273 2548 patian-

148 2557 207 2607 tur
227 2549 414 2615 animarum,
1258 2577 1261 2582 ¹

172 2652 214 2716 Ut
234 2675 328 2738 super
344 2657 528 2716 vestituram
550 2656 681 2740 Pippini
702 2653 792 2734 Regis
811 2654 990 2714 testimonia
1004 2674 1066 2714 uon
1082 2655 1253 2718 mittuntur.

228 2759 411 2822 CCXXVl.
453 2763 495 2822 Ut
516 2783 580 2822 non
594 2762 760 2820 mittantur
774 2759 954 2822 testimonia
974 2781 1071 2842 super
1085 2759 1275 2822 'vestituram

144 2843 265 2906 Domui
282 2843 412 2927 Pippini
435 2845 539 2926 Regis.
581 2844 665 2906 Ibid.
687 2865 714 2908 c.
735 2863 761 2924 7.

263 2947 314 3010 ¹Ut
336 2971 390 3016 nec
415 2947 550 3010 Colonus
580 2973 637 3013 uec
647 2943 820 3030 fiscalinus
842 2947 1152 3042 traditiopesfaciut„

230 3053 430 3118 CCXXVll.
472 3059 514 3118 Ut
536 3078 595 3116 nec
618 3055 752 3116 colonus
776 3073 837 3114 nec
857 3053 1020 3116 fiscalinus
1039 3056 1138 3139 possit
1154 3053 1274 3127 alicubi
1360 3093 1361 3098 κ

143 3138 335 3201 traditiones
362 3139 477 3205 facere.
519 3138 625 3226 Supra
642 3135 790 3202 Latum.
811 3157 837 3198 c.
860 3136 910 3199 56.

144 3245 195 3316 lte
209 3259 389 3330 praesumat
406 3245 520 3329 uliquis
540 3246 694 3305 bominem
715 3245 785 3304 sine
800 3263 893 3304 causo
913 3241 958 3304 ud
971 3241 1121 3304 iudicium
1141 3247 1273 3309 mittere.

230 3347 450 3412 CCXXVIll.
492 3352 533 3410 Ut
553 3346 662 3413 nullus
679 3355 859 3430 praesumat
881 3346 1046 3408 hominem
1061 3351 1101 3410 ad
1117 3350 1274 3416 iudicium

147 3432 275 3493 mittere
296 3433 366 3493 s⁷ne
390 3454 495 3510 causa,
518 3432 581 3493 nisi
603 3431 779 3492 iudicatum
802 3431 865 3496 fiat.
906 3431 990 3492 Idid.
1011 3453 1038 3493 c.
1060 3435 1109 3515 57.

188 3545 227 3607 Si
240 3545 322 3625 liber
343 3549 471 3609 homino
490 3549 524 3607 in
543 3547 732 3606 monasterio
751 3545 888 3626 regulari
902 3567 1021 3606 comam
1041 3547 1230 3632 deposuerit.

230 3651 416 3724 CCXXIX.
459 3654 491 3713 Si
514 3653 596 3714 liber
613 3651 707 3711 homo
725 3651 758 3711 in
778 3652 1130 3735 monasterioregulari
1153 3679 1274 3730 comam
1349 3691 1353 3697 -

148 3736 345 3818 deposuerit,
369 3745 472 3797 et'res
493 3758 563 3796 suas
585 3734 704 3794 ibidem
724 3735 928 3816 delegaverit,
947 3737 1189 3816 promissionem
1206 3741 1274 3800 stic-

142 3830 213 3886 .tam
233 3820 412 3894 secundum
429 3819 574 3900 regulam
593 3817 727 3880 firmiter
747 3825 864 3885 teneat.
906 3818 1012 3902 Supra
1026 3820 1096 3880 Lib.
1116 3819 1143 3879 I.
1153 3843 1184 3890 lc.
1206 3825 1293 3901 157..

148 3951 200 4014 De
220 3950 387 4028 coniugio,
411 3946 531 4030 quadis
553 3948 622 4006 Deo
638 3948 679 4005 sit
691 3947 914 4020 constitutum.
942 3960 972 4008 et
993 3948 1080 4028 quod
1100 3972 1161 4010 non
1180 3933 1274 4010 causo

164 4083 165 4089 ,
251 4032 415 4103 luxuriae,
439 4029 502 4088 aad
510 4051 603 4090 causa
617 4028 876 4112 potiusfiliorum
899 4031 1106 4114 appetendum
1121 4034 1170 4098 sit,

230 4135 397 4198 CCXXX.
436 4134 564 4198 Placuit
576 4141 613 4193 ut
634 4135 744 4196 fideles
759 4135 861 4196 sciant
880 4137 1067 4220 coniugium
1087 4139 1103 4198 a
1120 4140 1189 4198 Deo
1206 4160 1273 4200 esse
1353 4167 1356 4182 ι

148 4221 369 4294 constitutum,
393 4229 425 4280 et
444 4219 531 4301 quod
549 4239 612 4276 non
634 4218 676 4280 sit
701 4240 794 4279 causa
821 4218 989 4299 luxuriae,
1019 4221 1076 4282 sed
1094 4243 1187 4281 causa
1212 4243 1272 4302 po-

148 4303 213 4366 tius
234 4303 375 4372 liliorum
395 4301 619 4388 adpetendum.
660 4301 703 4364 -Et
718 4301 936 4386 utrirgin'itas
952 4325 1053 4387 usque
1078 4304 1118 4366 ad
1146 4302 1274 4388 nuptias
