2910 4984
482 347 642 426 anemo
678 348 825 407 rearis.
1013 337 1015 342 '
1171 317 1250 393 611«

111 490 176 550 bns
205 484 349 548 eiusdem
372 483 537 547 Ecclesiae
566 489 745 552 secundum
777 485 964 551 canonicam
988 479 1245 554 institutionem,

114 573 206 630 iuxta
226 570 314 652 quod
329 567 551 650 indiguerint,
574 588 715 654 erogare.

552 675 600 737 De
615 679 813 744 Diaconissu.

200 781 391 866 LXXVIII.v
417 781 451 844 si
466 782 652 845 Diaconissa
675 785 840 866 nupserit,
872 783 979 866 gladio
1001 782 1115 843 ultoris
1129 790 1250 842 sterna-

114 876 192 942 tur,
215 874 247 924 et
262 865 396 925 facultas
414 866 483 925 eius
499 867 661 928 Ecclesiae
684 869 739 926 ubi
766 867 916 944 servivit,
940 865 1116 926 addicatur.
1166 863 1249 924 Cor-

115 956 266 1030 ruptor'es
290 969 400 1007 earum
414 947 562 1010 similiter
579 950 774 1033 puniantur:
796 952 882 1012 bona
897 969 975 1012 vero
990 969 1102 1010 eorum
1116 945 1185 1007 fisci
1203 945 1249 1009 vi·

118 1031 210 1094 ribus
226 1029 447 1092 vindicentur.
1131 1059 1134 1066 ¹
1248 1047 1252 1062 ¹

159 1127 161 1132 ’
183 1127 249 1198 ‘De
263 1138 455 1214 Presbytero
476 1160 538 1198 non
556 1137 737 1200 ordinando
755 1150 825 1198 ante
842 1139 1014 1218 legitimum
1034 1148 1165 1219 tempus.

199 1242 341 1307 LXXIX.
383 1242 610 1325 Presbyterum
638 1243 781 1304 ordinari
811 1265 875 1302 non
912 1243 1029 1304 debere
1054 1252 1127 1302 ante
1146 1242 1239 1326 legiti

117 1346 207 1383 mum
221 1333 369 1405 tempus,
391 1323 453 1385 boc
468 1335 531 1402 est,
554 1326 752 1410 trigesimum
768 1326 878 1387 aetatis
893 1341 1024 1386 annum.
1068 1325 1132 1386 Sed
1146 1325 1249 1408 priusss

117 1427 216 1487 quam
237 1405 279 1465 ad·
307 1408 581 1468 consecrationem
608 1411 843 1492 presbyteratus
872 1408 1023 1486 accedat,
1054 1417 1181 1468 maneat
1212 1407 1248 1468 in

120 1488 302 1570 episcopio,
325 1489 472 1550 discendi
495 1491 595 1572 gratia
618 1493 756 1554 officium
773 1513 866 1552 suum
884 1491 1024 1567 tamdiu,
1047 1490 1151 1550 donee
1172 1511 1248 1573 pos-

118 1572 184 1630 sint
201 1580 233 1630 et
253 1593 356 1632 mores
374 1583 407 1634 et
427 1582 514 1633 actus
535 1575 604 1634 eius
620 1575 842 1637 animadverti.
882 1574 926 1635 Et
948 1582 1045 1651 tunc,
1077 1572 1104 1634 si
1132 1571 1249 1658 dignus

118 1653 233 1730 fuerit,
256 1655 294 1712 ad
314 1655 527 1716 sacerdotium
543 1668 779 1739 promoveatur.

120 1759 170 1818 De
184 1759 369 1844 Episcopis,
399 1763 537 1844 qualiter
548 1767 718 1848 parochias
736 1785 807 1823 suos
822 1762 992 1843 diligenter
1003 1737 1252 1852 perscrutentur]

202 1867 328 1927 LXXX.
370 1870 412 1928 Ut
437 1870 660 1951 unusquisque
688 1869 921 1952 Episcoperum
944 1866 1131 1950 parochiam
1160 1889 1251 1929 suam

121 1946 296 2028 diligenter
317 1952 513 2032 perscrutari
531 1952 666 2024 nitatur;
690 1974 751 2014 nec
767 1953 883 2033 aliquis
898 1952 1070 2034 Presbyter
1099 1950 1137 2010 ab
1167 1950 1250 2011 alte-

121 2029 189 2090 rius
210 2029 360 2112 parocbia
375 2033 408 2093 in
431 2057 520 2096 suam
542 2036 767 2118 commigrans,
803 2033 944 2096 officium
966 2033 1130 2096 celebrare
1153 2053 1250 2116 prae·-

122 2125 224 2174 sumat
242 2117 310 2175 sine
333 2115 450 2190 litteris
470 2119 747 2198 commendatitiis,
768 2117 850 2180 sicut
872 2117 951 2179 olim
975 2116 1084 2178 multis
1105 2115 1139 2178 in
1169 2113 1248 2178 locis

122 2207 228 2258 actum
252 2219 318 2259 esse
332 2209 497 2282 repertum
518 2209 574 2265 est.

410 2306 459 2365 De
487 2306 635 2387 religiose
660 2309 789 2368 muliere
814 2306 970 2391 decepta.¹
1056 2316 1058 2322 ’

203 2411 346 2478 LXXXI,
387 2410 422 2472 Si
445 2412 516 2494 quis
531 2413 674 2494 rapuerit
692 2414 744 2474 vel
762 2413 987 2475 sollicitaverit
1002 2411 1056 2475 vel
1070 2399 1253 2495 corruperit
1293 2467 1295 2472 .

120 2493 302 2576 religiosam
320 2494 490 2574 seminam,
511 2495 597 2556 bona
612 2496 778 2556 amborum
798 2495 946 2557 Ecclesia
962 2495 1109 2557 vindicet
1132 2495 1165 2554 in
1185 2515 1249 2575 qua

116 2577 192 2638 'talla
213 2576 332 2636 mulier
348 2577 523 2639 habitavit:
545 2578 606 2661 ipsi
618 2589 723 2639 tamen
741 2579 888 2662 periculo
899 2576 1027 2661 capitali
1041 2577 1251 2640 subiciantur.

121 2660 217 2737 Quod
235 2659 260 2719 si
276 2659 355 2720 haec
372 2662 492 2722 m'ulier
513 2684 578 2722 non
596 2663 775 2740 consensit,
798 2684 873 2723 cum
893 2661 959 2721 suis
977 2661 1073 2722 rebus
1089 2666 1251 2722 monaste-

120 2743 162 2801 rii
188 2741 330 2803 cautioni
353 2744 507 2804 tradatur.
549 2745 583 2804 si
611 2766 688 2806 vero
710 2744 828 2806 liberos
854 2743 968 2821 habet,
1003 2764 1076 2825 pars
1106 2741 1251 2825 legitima

121 2824 218 2885 eisre
256 2835 375 2891 rvctur,
416 2827 513 2904 Quod
537 2827 564 2889 si
587 2827 670 2886 intra
686 2849 805 2888 annum
821 2826 1075 2911 postcognitum
1090 2826 1153 2886 tale
1179 2845 1251 2886 sce-

120 2907 170 2966 lus
184 2909 201 2965 al
227 2930 244 2966 r
266 2907 386 2987 ligiosis
406 2909 510 2971 Laicis
525 2915 589 2968 n'on
614 2909 819 2990 vindicetur,
843 2912 956 2970 Comes
972 2910 1170 2992 privatarum
1188 2907 1250 2966 boc

122 2998 231 3048 nostro
256 2988 332 3049 fisco
361 2991 495 3052 addicat.
538 2993 571 3051 Si
601 3014 678 3052 vero
708 2994 840 3055 Praeses
862 2992 1049 3073 provinciae
1075 2991 1252 3054 vindictam

122 3069 178 3128 tali
201 3070 328 3130 crimini
352 3073 517 3156 imponere
534 3075 733 3156 neglexerit,
755 3075 888 3158 cingulo
907 3085 1031 3151 careat,
1054 3083 1086 3135 et
1103 3073 1250 3156 quinque

123 3151 220 3212 libras
241 3155 312 3213 auri
327 3155 395 3216 fisci
413 3156 534 3217 viribus
557 3157 632 3217 dare
652 3158 874 3241 compellatur.
918 3157 957 3220 V.
972 3158 1043 3222 385.
1112 3183 1115 3188 ’

186 3259 228 3320 Ut
248 3260 387 3323 decimae
403 3283 525 3344 semper
542 3263 683 3323 consulto
705 3262 936 3347 Episcoporum
962 3261 1192 3345 dispensentur.

202 3366 365 3433 LXXXII.
405 3370 448 3428 Ut
463 3368 605 3430 decimae
630 3392 711 3450 quae
728 3370 864 3452 singulis
892 3369 1054 3430 dabuntur
1077 3365 1251 3445 Ecclesiis,

122 3469 180 3532 per
200 3450 347 3511 consulta
366 3452 629 3534 Episcoporumsl
647 3454 846 3536 Pre'sbyteris
865 3452 906 3514 ad
924 3474 1017 3514 usum
1034 3451 1199 3514 Ecclesiae
1221 3459 1254 3512 et

120 3553 297 3616 pauperum
311 3556 434 3601 ‚summe
449 3536 619 3618 diligentia
638 3536 875 3620 dispensentur.

121 3641 166 3700 Ne
195 3642 326 3724 quilibet
342 3643 514 3719 Presbyter
542 3642 581 3701 de
607 3643 698 3704 titulo
721 3644 843 3704 minore
867 3640 913 3702 ad
929 3641 1080 3712 maiorem
1103 3649 1251 3731 transeat.
1338 3663 1340 3668 ·

201 3749 377 3814 LXXXIII.
419 3751 468 3810 De
490 3748 586 3809 titulo
618 3749 735 3809 minori
757 3749 798 3810 ad
821 3749 975 3808 maiorem
1000 3746 1140 3830 migrare
1164 3745 1250 3806 nulli

121 3829 312 3913 Presbytero
330 3831 457 3892 licitum
474 3832 534 3909 sit,
556 3832 612 3892 sed
631 3831 664 3889 in
686 3854 724 3892 eo
746 3840 931 3915 permaneat
949 3831 990 3892 ad
1006 3851 1103 3912 quem
1120 3829 1253 3891 ordina-

122 3920 171 3970 tus
196 3922 252 3973 est.
295 3915 392 3992 Quod
409 3915 435 3975 si
454 3914 606 3975 inventus
621 3915 721 3975 fuerit
740 3925 851 3976 contra
868 3921 984 3974 statuta
1006 3913 1040 3972 id
1063 3913 1181 3990 facere,
1197 3933 1252 3973 ea·

125 3993 195 4052 dem
210 3995 346 4056 feriatur
369 3997 530 4058 sententia
549 4006 659 4079 quaet
676 3997 854 4084 Episcopus
870 3997 928 4079 qui
944 3995 984 4058 de
999 3994 1118 4057 minori
1133 3995 1174 4057 ad
1189 4013 1253 4056 ma*

122 4075 222 4137 iorem
238 4081 516 4163 transmigraverit
538 4081 657 4141 sedem.

462 4187 511 4245 De
531 4185 725 4271 blasphemia
746 4187 780 4246 in
793 4188 905 4248 Deum.
972 4255 973 4258 Ἴ

197 4268 371 4333 LXXXIV.
415 4268 448 4332 Si
471 4268 545 4352 quis
565 4268 711 4353 quolibet
732 4271 828 4331 modo
845 4269 1077 4356 blasphemiam
1097 4269 1130 4348 in
1146 4271 1252 4335 Deum
