2910 4986
481 329 614 391 aman
650 329 864 394 sncuuous.
1167 310 1240 384 441

131 470 366 535 admonitionem
392 472 543 554 fecimus,
559 483 608 537 ,et
628 484 753 557 tempus
801 472 907 536 nando
935 491 999 532 nna
1015 475 1191 534 ¹teneretur
1210 477 1246 532 ct

130 557 195 616 aliae
215 575 325 615 omnes
345 567 503 619 cessarent
520 557 744 618 constituimus
756 602 765 636 ,
777 495 849 616 ison
869 554 1017 617 omnibns
1038 564 1149 614 notum
1176 574 1245 614 esso

128 638 276 713 volumus,
291 638 445 716 quoniam
458 649 493 701 ut
506 641 624 720 absque
640 637 708 699 ulla
723 638 930 700 excusatione
946 636 1011 698 cito
1025 637 1125 717 possit
1138 656 1245 696 emen·

126 720 204 796 dari,
225 719 363 800 spatium
381 742 482 802 usque
507 723 547 783 ad
570 723 698 783 Missam
726 721 827 784 sancti
852 719 982 781 Martini
1003 719 1077 779 dare
1100 716 1246 780 decrevi·

125 824 205 877 mus,
226 811 261 860 ut
277 803 501 883 unusquisque
523 805 686 864 Comitum
705 804 738 862 in
759 803 824 864 suis
841 799 1027 864 ministeriis
1043 801 1083 862 de
1101 801 1165 862 hoe
1182 800 1245 859 ius'·

124 884 235 944 sionem
260 893 402 945 nostram
420 894 499 949 tunc
521 887 619 965 possit
643 885 761 946 hahere
784 885 1010 966 adimpletam,
1032 884 1184 964 quatinus
1205 881 1245 940 ab

123 965 172 1024 illa
187 966 234 1025 die
252 987 316 1024 non
341 966 421 1042 alia,
445 969 502 1028 sed
521 969 576 1028 illa
592 969 677 1043 sola,
699 977 877 1050 pestutum
893 987 1030 1048 regnum
1048 975 1192 1027 nostrum
1206 963 1245 1024 ab

124 1049 257 1108 omnihus
276 1047 434 1110 habeatnr
455 1049 543 1110 iuxta
557 1050 645 1109 illam
664 1049 948 1125 constitutionem,
965 1048 1047 1109 sicut
1069 1049 1101 1107 in
1118 1047 1245 1129 capitu-

123 1130 158 1189 lis
174 1151 250 1210 qnae
268 1130 307 1190 de
322 1131 383 1192 hae
398 1154 433 1192 re
450 1132 515 1192 illis
532 1132 709 1207 Comitibus
727 1132 873 1192 dedimus
896 1131 929 1189 in
947 1152 1086 1212 qnorum
1102 1130 1245 1191 ministe-

122 1211 171 1271 riis
196 1220 323 1272 moneta
343 1214 544 1295 percutitur,
573 1215 783 1275 constitutum
809 1223 871 1274 est:
893 1213 970 1293 quia
993 1222 1071 1274 tunc
1096 1213 1244 1274 volumus

121 1294 221 1356 Missos
248 1305 373 1356 nostros
396 1297 493 1358 huius
513 1296 559 1356 rei
586 1297 684 1378 gratiai
707 1296 846 1377 dirigere
870 1316 929 1376 per
947 1295 1091 1376 singulos
1111 1295 1245 1355 comita·

120 1385 181 1452 tus,
202 1376 256 1458 qui
277 1377 454 1459 diligenter
469 1378 635 1459 inquirant
657 1379 798 1460 qualiter
815 1377 953 1438 Comites
970 1377 1002 1435 in
1021 1377 1085 1437 hoc
1104 1386 1245 1437 nostram

121 1458 283 1518 iussionem
297 1459 474 1542 adimplere
489 1461 693 1521 certaverint.
718 1462 759 1520 Et
772 1460 960 1542 quicunque
980 1461 1153 1541 neglegens
1168 1457 1245 1518 inde

122 1540 260 1602 inventus
275 1542 394 1624 fuerit„
416 1543 563 1603 volumus
579 1552 614 1602 ut
630 1552 703 1603 ante
725 1552 863 1603 nostram
886 1542 1096 1622 praesentiam
1110 1550 1246 1622 quanto-

119 1622 180 1682 cius
199 1624 311 1684 renire
346 1624 513 1701 iubeatur,
548 1635 584 1685 ut
608 1627 768 1686 rationem
795 1625 908 1685 reddat
935 1633 1044 1683 utrum
1071 1623 1137 1684 hoc
1156 1620 1245 1704 quod

121 1704 255 1766 iussimus
281 1708 392 1766 faeere
425 1706 566 1768 noluerit
587 1717 641 1767 aut
672 1729 736 1766 non
765 1706 926 1789 potuerit;
956 1715 1011 1765 aut
1031 1705 1058 1766 si
1079 1706 1187 1787 aliq-ud
1208 1724 1244 1764 re

122 1788 340 1868 praepediente
365 1789 396 1848 id
418 1790 524 1850 facere
546 1811 610 1850 non
633 1790 757 1872 potuit,
780 1810 839 1849 cur
861 1788 952 1849 nobis
973 1789 1070 1869 ipsam
1096 1786 1244 1870 impossi-

121 1867 262 1928 bilitatem
290 1872 333 1930 ad
352 1879 477 1952 tempus
500 1894 564 1932 non
592 1872 810 1942 annuntiavit3
842 1871 917 1951 quia
942 1871 968 1930 si
992 1872 1064 1952 'ipse
1094 1880 1150 1930 aut
1177 1889 1243 1929 non

121 1951 236 2027 voluit,
262 1963 413 2012 santanae
430 1954 646 2036 negligentiae
662 1956 754 2014 causat
777 1975 841 2012 non
868 1953 988 2034 potuit,
1008 1955 1178 2013 nostrilem
1195 1953 1246 2011 in·

120 2033 220 2092 uenire
242 2036 396 2095 volumus
409 2035 465 2116 qui
483 2037 544 2097 hoc
563 2037 652 2116 quod
668 2037 813 2096 iubemus
834 2056 958 2096 servare
980 2036 1060 2097 uelit
1080 2044 1111 2095 et
1132 2035 1255 2118 possit.¹

119 2117 156 2173 Ut
169 2125 271 2176 autem
290 2116 391 2177 iussio
409 2118 564 2190 nostruin
587 2118 696 2180 haere
714 2118 808 2180 citius
827 2118 1016 2199 impleatur,
1035 2119 1185 2179 volumus
1206 2126 1243 2177 nt

119 2197 297 2279 quicunque
325 2199 363 2259 ah
385 2199 440 2258 illa
462 2200 514 2261 die
535 2199 635 2260 alium
658 2201 826 2261 denarium
848 2200 1033 2280 negotiandi
1053 2222 1146 2260 causa
1166 2223 1244 2282 pro·

119 2279 238 2359 tulerit,
261 2282 280 2340 d
299 2281 423 2342 Comite
439 2291 471 2343 et
487 2282 642 2344 Ministris
660 2283 728 2344 eius
745 2283 910 2343 anferatur
926 2281 964 2342 ala
980 2303 1029 2344 eo.
1058 2283 1143 2344 Ibi-d.
1157 2303 1184 2344 e.
1196 2283 1243 2346 18.

496 2424 545 2482 De
565 2424 689 2483 iniustis
710 2423 850 2488 teloneis.

191 2531 280 2590 xlx.
323 2528 480 2589 Similiter
510 2528 640 2611 quoqne
665 2528 703 2590 d'e
728 2528 854 2589 iniustis
881 2527 1038 2602 teloneis,
1065 2525 1243 2607 dequibus

117 2611 251 2688 qualiter
279 2610 317 2668 ab
348 2612 495 2671 omnibus
521 2611 756 2673 observandum
775 2620 881 2688 esset,
904 2622 937 2672 et
957 2609 1106 2692 capitulis
1128 2610 1246 2670 consti·

117 2692 249 2768 tuimus,
276 2703 307 2752 et
328 2693 536 2760 creberrimas
556 2693 790 2754 admonitiones
804 2693 954 2768 fecimus,
977 2691 1133 2774 praedicti
1155 2692 1245 2752 Missi

117 2775 209 2833 nostri
228 2775 379 2836 volumus
402 2787 438 2835 ut
457 2776 702 2858 inquisitionem
717 2775 836 2836 faciant
853 2775 1001 2856 siquibus
1020 2783 1126 2835 nostra
1146 2774 1245 2835 iussio

115 2855 145 2912 in
163 2856 222 2917 hoc
241 2857 432 2936 adimpleta,
455 2859 472 2918 d
495 2858 611 2940 quibus
631 2855 762 2940 qnoq'ud
790 2858 830 2918 sit
854 2858 1022 2940 neglecta5
1043 2865 1074 2916 et
1095 2877 1169 2916 cum
1187 2855 1245 2938 qui

116 2937 244 3030 implere
276 2940 421 3020 neglexit
448 2950 502 3000 aut
525 2941 666 3017 distulit,
697 2941 736 3001 ad
757 2941 1059 3002 nostramvolumns
1080 2949 1115 2999 ut
1137 2939 1246 3000 veniat
1352 2957 1355 2963 '

115 3041 212 3080 nussus
233 3023 466 3100 praesentiam,
495 3032 532 3081 ut
553 3024 617 3083 cito
642 3022 799 3082 rationem
824 3023 863 3083 de
888 3021 959 3100 his,
989 3022 1072 3084 sieut
1097 3022 1245 3103 superius

116 3101 269 3177 diximus,
290 3102 420 3173 1·edda·t;
443 3114 475 3164 et
488 3105 515 3165 si
531 3105 701 3186 culpabilis
722 3105 871 3166 inventus
889 3104 1008 3182 fuerit,
1032 3105 1159 3186 dignam
1176 3127 1245 3167 cor-

115 3183 289 3244 rectionem
310 3186 460 3266 accipiat,
482 3196 519 3246 ut
540 3187 673 3248 caeteris
686 3187 933 3269 neglegentibus
949 3188 1132 3272 exemplum·
1144 3196 1246 3249 terro·

117 3265 155 3326 ris
173 3266 333 3348 praebeat.
375 3267 458 3328 laid.
475 3291 501 3330 e.
523 3292 569 3352 19.

259 3406 307 3463 De
324 3408 471 3488 pontibus
494 3409 548 3469 ati
568 3410 739 3492 antiquitus
753 3407 1096 3494 ficeruntrenovondis.

192 3511 263 3570 XX.
306 3515 348 3572 Ut
364 3513 419 3572 uhi
430 3524 549 3594 pontes
565 3515 742 3595 antiquitus
756 3516 891 3576 fuerunt·
903 3561 915 3593 ,·
936 3515 1014 3577 etin
1034 3516 1083 3577 his
1097 3516 1176 3597 loeis
1189 3517 1245 3578 uhi

117 3598 254 3672 tempore
266 3595 420 3674 genitoris
442 3599 542 3656 nostri
572 3597 641 3677 ipso
658 3597 789 3658 iubente
807 3598 1006 3658 diversa-rum
1019 3601 1245 3660 necessitatum

116 3677 202 3734 causat
226 3676 301 3736 lacti
324 3686 416 3754 sunt,
439 3679 572 3738 omnino
591 3679 709 3761 absque
729 3680 796 3738 ulla
817 3680 972 3740 dilatione
993 3681 1033 3740 ah
1051 3681 1101 3740 his
1118 3682 1175 3763 qui
1190 3703 1244 3743 eos

118 3762 190 3816 tune
218 3757 391 3837 fecerunt,
413 3759 625 3820 restituantur
646 3771 677 3821 et
697 3771 918 3839 renoventur,
940 3762 984 3820 ita
1007 3774 1041 3823 ut
1057 3763 1097 3823 ad
1118 3764 1246 3824 Missam

116 3839 211 3899 sancti
230 3839 378 3902 Andreae
399 3842 568 3903 restaurati
583 3843 675 3916 fi·unt;
700 3843 762 3903 nisi
781 3845 863 3904 forte
882 3853 937 3904 aut
954 3844 1021 3924 ipsa
1033 3844 1138 3925 operis
1155 3868 1245 3926 mag-

119 3918 247 3996 nitudo,
271 3933 325 3982 aut
341 3945 495 4004 aquarum
522 3925 557 3984 in
579 3925 725 4006 quolibet
747 3927 819 3985 loco
840 3926 1031 4004 inundatio,
1053 3927 1115 3986 hoc
1131 3927 1245 4008 prohi-

115 3998 193 4082 laeat.
234 4004 339 4064 Aliter
360 4006 563 4066 veronullus
579 4007 723 4090 qualibet
741 4007 909 4068 occasione
925 4008 988 4068 hoe
1004 4009 1175 4091 neglegere
1190 4016 1246 4067 aut

119 4081 240 4144 differre
262 4097 442 4167 praesumat
456 4088 535 4169 quin
552 4090 592 4150 ad
608 4089 810 4172 praedictum
829 4099 953 4171 tempus
968 4090 1164 4173 completum
1180 4089 1245 4152 fiat.

117 4160 156 4222 Et
166 4165 253 4228 Missi
268 4168 388 4245 nostri,
411 4191 549 4252 quornm
560 4171 707 4253 superius
721 4169 918 4231 mentionem
931 4172 1081 4249 fecimus,
1096 4173 1244 4234 volumus

119 4253 154 4304 nt
170 4248 359 4312 renuntient
377 4251 411 4312 in
430 4251 548 4336 quibus
564 4253 644 4317 locis
666 4261 774 4315 nostra
791 4251 889 4315 iussio
903 4253 1053 4337 impleta,
1075 4254 1243 4339 inquibus
1309 4263 1312 4269 ’
