2948 4990
574 337 689 395 ursan
724 335 880 414 saurus.
1199 300 1269 372 667

157 511 166 520 ·
202 477 243 542 Ut
272 475 410 544 Clericus
430 481 561 566 proprio
586 482 703 540 honore
726 479 883 562 privetur,
910 471 942 532 ¹si
958 461 1160 554 cumfemina
1176 460 1235 522 deo

406 575 528 622 sacrata
542 563 595 625 atel
616 562 721 621 uelata
741 581 773 620 se
793 553 1032 619 commiscuerit.

239 638 451 708 CCCCXIU.
493 644 527 704 si
545 644 690 705 Clericus
710 663 782 703 cum
801 640 904 700 velata
921 635 1040 696 femina
1052 628 1106 694 vel
1121 648 1194 690 cum
1208 623 1278 685 Deo

154 730 278 784 sacrata
293 744 326 784 se
344 725 571 806 maculaverit,
592 725 722 809 proprio
741 723 864 784 honore
883 719 1035 803 privetur.

155 823 257 911 Quod
277 829 422 906 sacrilegi
441 842 471 890 et
492 831 682 901 violatores,
705 830 798 888 iuxta
820 822 1017 909 Apostolum,
1039 819 1103 878 sint
1129 814 1184 894 qui
1206 812 1278 872 oa'd-

379 911 446 972 lant
479 924 672 972 sacratarum
686 907 881 992 feminarum
894 924 1047 988 corpora.

242 989 450 1062 ccccxlv.
494 993 669 1068 Sciendum
692 1001 739 1053 est
762 989 909 1053 omnibus
931 984 1019 1070 quod
1044 985 1115 1044 Deo
1139 981 1277 1038 sacrata·
1356 989 1358 994 ·

150 1097 226 1138 rum
255 1075 619 1159 feminarum'eorpora,
646 1097 705 1158 per
731 1083 842 1136 votnm
869 1069 1016 1154 propriae
1041 1057 1220 1146 sponsionis
1245 1065 1278 1118 et

149 1157 250 1220 verba
274 1155 471 1235 Sacerdotis,
495 1161 566 1218 Deo
591 1167 774 1228 consecrata
807 1153 927 1236 templa
949 1171 1016 1212 esse
1039 1143 1277 1233 seripturarum

52 1259 57 1268 ’
150 1238 346 1302 testimoniis
368 1240 625 1320 comprobantur.
667 1241 709 1300 Et
726 1240 799 1300 ideo
817 1237 989 1300 violatores
1005 1249 1114 1292 earum
1130 1223 1278 1302 sacrilega

153 1343 193 1382 ac
216 1321 304 1384 iuxta
322 1319 511 1403 Apostolum
534 1322 594 1382 filii
606 1321 797 1406 perditionis
814 1340 881 1381 esse
904 1322 1092 1378 noscuntur.

155 1424 252 1510 Quod
258 1423 433 1505 fornicatio
457 1427 596 1488 omnibus
616 1428 753 1511 peccatis
772 1422 982 1510 periculosior
998 1437 1064 1478 esse
1083 1411 1276 1500 perhibetur.

239 1527 429 1592 CCCCXV.
471 1531 567 1608 Quod
581 1553 663 1616 pene
682 1530 828 1592 omnibus
846 1525 985 1612 pcccatis
1003 1520 1128 1606 gravior
1143 1517 1275 1578 etdete·

153 1613 223 1679 rior
240 1612 281 1672 sit
295 1611 484 1690 fornicati0,
507 1623 538 1676 et
554 1613 711 1674 veraciter
727 1614 789 1674 dici
805 1620 910 1694 potest
924 1610 1059 1689 laqueus
1085 1599 1214 1678 mortis,
1245 1605 1278 1660 et

178 1704 270 1754 utens
296 1693 437 1772 inferni,
459 1715 495 1758 nc
521 1717 638 1778 vorago
653 1696 862 1776 perditionis,
885 1688 1026 1771 eoquod
1053 1681 1190 1766 adulteri
1220 1679 1274 1739 vel

153 1717 313 1838 inxuriosi
327 1786 458 1858 propter
476 1778 579 1840 cordis
594 1779 736 1861 inopiam
754 1779 896 1859 perdunt
914 1773 1032 1834 animas
1056 1788 1135 1828 snas.
1177 1761 1267 1857 Nam,

154 1867 192 1920 ”t
206 1857 439 1940 suscriptum,
459 1860 601 1944 pretium
613 1861 708 1922 scorti
724 1860 779 1924 vix
794 1859 890 1919 unius
905 1865 954 1920 est
979 1849 1070 1936 ponis
1084 1874 1090 1919 3
1114 1854 1146 1907 el
1166 1865 1223 1939 {1¹1¹
1240 1861 1274 1903 80

68 2007 72 2016 .
154 1940 261 2020 iungit
279 1939 438 2002 meretrici
451 1988 465 2022 ,ᾖ
482 1959 582 2002 unum
597 1965 712 2026 corpus
733 1941 878 2006 efficitur.
927 1939 970 2002 Et
994 1933 1050 2017 qui
1072 1931 1274 2003 luxuriatur,

153 2031 298 2083 mortuus
315 2031 361 2084 est
375 2022 409 2084 in
424 2045 556 2106 corpore
576 2024 716 2087 vivente.

414 2131 528 2214 Quales
552 2129 684 2192 debeant
707 2133 877 2217 scripturae
899 2126 1009 2187 valere.

236 2233 430 2300 CCCCXVI.
472 2234 656 2321 Scripturuc
683 2258 765 2318 quae
789 2235 875 2296 diem
900 2242 932 2294 et
954 2249 1075 2290 annrrm
1103 2221 1276 2286 habuerint

155 2313 325 2377 evidenter
339 2337 533 2397 expressum,
543 2329 637 2400 atque
653 2319 831 2380 secundum
850 2317 929 2398 legis
948 2312 1093 2375 ordinem
1113 2303 1275 2382 conscrip-

154 2405 205 2456 tae
224 2415 290 2456 esse
308 2409 500 2477 noscuntur,
522 2421 579 2462 scu
595 2401 767 2464 conditoris
791 2399 843 2463 vel
871 2399 1000 2460 testium
1028 2388 1151 2452 suerint
1176 2385 1274 2477 signis

157 2488 213 2540 aut
227 2479 515 2561 subscriptionibus
533 2481 709 2562 roboratae,
731 2483 817 2546 omni
835 2481 1014 2544 habeantur
1036 2471 1162 2536 stabiles
1179 2468 1275 2527 firmr·

156 2567 231 2626 tate.
272 2561 378 2646 Supra
394 2584 419 2627 c.
444 2565 510 2641 148.

357 2665 399 2726 Ut
416 2669 461 2728 ita
475 2669 581 2730 valeat
602 2644 801 2732 commutatio
820 2672 899 2730 sicut
912 2679 942 2728 et
955 2665 1079 2741 emptio.

238 2772 448 2835 CCCCXVII.
490 2774 722 2852 Commutati0‚
737 2774 771 2836 ¹si
789 2796 852 2834 non
871 2772 969 2832 fuerit
984 2792 1043 2851 per
1062 2768 1125 2827 vim
1151 2773 1182 2824 et
1205 2785 1274 2824 mc·-

155 2863 225 2915 tum
244 2862 367 2998 extgpta
377 2901 386 2935 ‚
409 2857 505 2918 talem
520 2857 645 2939 qualem
668 2866 700 2920 et
719 2857 837 2942 emptio
852 2855 966 2915 habeat
982 2853 1171 2914 firmitatem.
1212 2846 1274 2906 Su-

149 2957 292 3019 praes
339 2986 346 3001 .

154 3042 208 3104 De
226 3043 536 3112 excommunicandis
549 3044 709 3184 Iudicp’lbus
726 3056 756 3139 et
772 3042 949 3124 potentibus
973 3042 1027 3124 qrci
1043 3061 1105 3100 non
1126 3059 1157 3098 se
1176 3056 1274 3098 emen·

663 3138 794 3188 averunt.

191 3285 198 3300 ·
234 3205 466 3271 ccccxvtlt.
508 3211 551 3270 Ut
570 3207 695 3268 Indices
717 3216 774 3266 ant
794 3208 947 3269 Potentes
968 3202 1025 3284 qui
1043 3223 1198 3285 pauperes
1215 3223 1274 3282 op-

148 3298 311 3372 prrmunt,
332 3291 359 3384 si
382 3290 567 3354 commoniti
586 3292 604 3352 ia
623 3289 780 3354 Pontifice
794 3311 851 3351 suo
869 3310 901 3350 se
922 3309 987 3348 non
1013 3284 1273 3361 emendaverint,

150 3383 482 3460 excommunicentur.

238 3475 281 3536 Ut
293 3476 521 3566 Episcoporum
539 3479 657 3541 iudicio
672 3480 790 3540 incesta
812 3478 1010 3539 matrimonia
1023 3463 1233 3558 emendentur.

202 3661 210 3675 ο
233 3583 430 3677 ccccxlx.
471 3585 689 3667 Praecipimns
706 3593 743 3646 nt
763 3583 852 3645 iuxta
864 3585 993 3646 decreta
1004 3581 1273 3650 Canonumadnl·

149 3669 231 3724 terra
250 3673 280 3724 et
302 3676 423 3726 moesta
439 3668 649 3744 matrimonia,
674 3689 755 3748 quae
778 3689 842 3728 non
860 3677 935 3728 sunt
947 3665 1104 3748 legitima,
1126 3661 1275 3746 prohibe·

152 3754 265 3821 antur,
288 3755 320 3806 et
336 3747 571 3832 Episcoporum
593 3750 714 3811 iudicio
734 3751 955 3816 emendentur,

197 3851 236 3910 In
248 3872 283 3912 eo
302 3853 372 3913 loco
390 3854 575 3914 manendum
591 3855 755 3937 unicuique
774 3857 945 3940 uibicunque
960 3848 1072 3915 votum
1082 3851 1228 3912 nouerit.¹

233 3957 414 4020 CCCCXX.
455 3960 498 4019 Ut
514 3959 739 4042 unusquisqne
760 3961 794 4020 in
819 3960 891 4021 loco
913 3959 968 4019 ubi
987 3958 1178 4020 constitutus
1199 3953 1273 4034 fnit,

152 4045 185 4098 et
198 4036 253 4096 ubi
278 4049 388 4100 votum
402 4041 502 4119 vonit,
523 4042 719 4122 thimonem,
742 4053 773 4104 et
793 4043 836 4102 ibi
855 4043 968 4103 reddat
994 4049 1069 4103 vota
1087 4060 1153 4099 sua.

152 4142 248 4232 Quod
267 4149 612 4234 marimumpeecatum
635 4150 677 4210 sit
697 4150 849 4234 spiritalis
880 4149 1069 4209 commatris
1088 4145 1274 4214 coniunctio.

164 4315 167 4322 .
230 4251 425 4318 CCCCXXI.
467 4254 641 4319 Sciendum
657 4263 706 4322 est
719 4256 867 4322 omnibus
884 4254 972 4341 qnod
983 4252 1167 4319 coniunctio
1178 4255 1273 4340 spiri·
