2910 4984
525 326 700 392 sonmo
718 327 881 394 ouante.
1156 329 1157 334 ‘
1185 314 1259 390 829

137 463 157 530 b
176 464 293 528 sanctis
306 463 456 529 Patribus
479 471 513 530 et
536 465 555 528 b
578 464 783 551 nobis'saepe
813 465 978 530 decretum
1003 478 1051 532 est
1080 481 1116 533 ut
1140 477 1260 540 nec-in

127 549 374 632 presbyteratus
392 547 504 630 gradu,
525 569 586 610 nec
603 550 637 609 in
658 550 843 612 diaconatus
857 572 918 612 nec
937 553 971 611 in
986 553 1193 636 subsequenti
1208 581 1262 619 or-

135 631 214 696 dine
228 630 430 692 Clericorum
450 632 490 692 ad
506 630 600 690 aliam
608 632 784 693 Ecclesiam
799 633 932 694 transire
948 635 1098 716 cuiquam
1121 638 1162 698 sit
1183 640 1262 702 libe·

136 735 222 790 rum,
245 723 280 772 ut
299 713 333 773 in
350 712 511 794 integrum
527 734 667 784 ¹revoces
694 715 916 786 admonemus;
951 727 987 775 ut
1017 723 1259 802 unusquisque,

136 793 203 856 non
220 794 393 854 ambitione
412 795 561 868 inlectus,
584 815 649 854 non
669 797 844 876 cupiditate
863 799 1023 875 seductus,
1046 823 1109 860 non
1127 825 1260 883 persua-

135 877 227 942 sione
251 877 420 944 hominum
445 877 719 959 dep1·avatus,ubi
742 879 906 938 ordinatus
931 891 977 940 est
997 895 1194 962 perseveret;
1218 889 1262 948 ita

135 967 173 1018 ut
189 959 216 1020 si
238 959 326 1040 quis,
348 981 404 1019 sua
422 980 591 1041 quaerens,
611 982 676 1020 non
692 982 775 1042 quae
791 962 862 1020 lesu
877 961 1006 1036 Christi,
1029 963 1067 1024 ad
1086 965 1212 1044 plebem
1230 979 1261 1029 et

134 1041 177 1102 ad
192 1041 370 1102 Ecclesiam
388 1063 475 1103 suam
496 1042 601 1104 redire
617 1042 814 1123 neglexerit,
837 1053 869 1102 et
885 1043 1069 1121 abihonoris
1088 1049 1259 1134 privilegio

133 1132 165 1183 et
182 1123 200 1184 a
217 1123 451 1185 communionis
480 1124 612 1186 vinculo
630 1123 785 1185 habeatur
802 1131 981 1187 extraneus.
1277 1123 1280 1130 ’

135 1250 178 1312 Ut
198 1253 301 1311 nuilus
322 1251 490 1330 derogetur
508 1239 563 1312 aut‘
592 1261 705 1312 temere
735 1265 897 1312 accusetur
928 1252 1124 1339 Episcopus,
1161 1265 1256 1324 recia
1341 1301 1343 1306 ·
1394 1239 1397 1246 ¹

129 1335 323 1394 Primatibus
343 1331 445 1414 facile
466 1355 572 1394 eorum
604 1336 794 1416 suscipiatur
822 1337 1000 1405 accusatio:
1032 1342 1106 1420 quia
1138 1344 1256 1405 iniuria

128 1415 357 1499 Episcoporum
376 1414 421 1474 ad
441 1415 595 1475 Christum
614 1418 768 1500 pertinet,
792 1418 878 1476 catius
899 1420 969 1476 vice
998 1418 1151 1498 legatione
1171 1426 1255 1507 sun-

228 1511 376 1578 guntur.·
396 1495 451 1557 Ex
473 1497 608 1558 decretis
627 1497 789 1558 Anastasii
808 1499 933 1581 Papae,
957 1504 1159 1584 capitalo‘vt.

211 1603 307 1665 Vlll.
348 1603 475 1666 Placuit
489 1613 525 1663 ut
548 1604 658 1664 nullus
672 1612 792 1663 temere
807 1614 934 1664 accuset
953 1605 1164 1690 Episcopum,
1194 1635 1254 1678 ne.

127 1683 193 1770 que
214 1686 446 1748 btPrimatibus
470 1686 586 1768 passim
611 1695 666 1744 aut
691 1685 913 1745 indifferenter
934 1709 1031 1768 super
1058 1693 1256 1772 quibuslibet

129 1769 382 1853 impetitionibus
395 1769 569 1845 audiatur,
586 1768 714 1828 dicente
734 1767 873 1827 Domino
887 1773 906 1826 ί
923 1771 996 1829 Νοη
1016 1775 1167 1858 suscipias
1198 1801 1252 1839 vo.

131 1874 197 1913 cem
217 1852 381 1912 mendacii.
423 1851 466 1910 Et
480 1850 546 1932 ipsa
568 1851 693 1912 Veritas
710 1850 772 1908 ait:
795 1849 890 1930 Quod
913 1853 974 1912 n'tt
1000 1874 1062 1912 non
1086 1859 1130 1914 vis
1145 1859 1249 1944 fieri,

129 1935 224 1994 alteri
251 1955 289 1992 ne
310 1932 425 2013 facias.
466 1929 508 1992 Et
536 1933 672 2012 reliqua.
702 1933 755 1992 Et
789 1931 866 1990 alibi
890 1934 1126 2015 scriptumest:
1157 1943 1255 2024 Quod

127 2015 258 2100 prodest
275 2016 324 2075 illi
341 2035 395 2074 suo
419 2035 525 2075 errore
542 2035 603 2074 non
613 2016 739 2097 pollui,
762 2015 817 2094 qai
832 2033 1013 2074 consensum
1029 2035 1170 2099 praestat
1198 2045 1249 2082 cr-

129 2099 213 2158 ranti
222 2099 237 2156 ?
256 2095 375 2157 Procul
391 2096 486 2156 dubt'o
502 2110 611 2180 contra
629 2096 777 2155 mandata
795 2093 925 2156 dimittit
942 2101 997 2178 qui
1024 2102 1116 2161 labet
1137 2123 1249 2186 pecca.

129 2193 193 2240 tum
212 2182 395 2262 proprium,
419 2180 519 2261 etqui
538 2181 678 2259 seqnitur
697 2178 840 2241 alienum.
882 2179 924 2238 Et
948 2180 1083 2261 reliqua.
1125 2188 1188 2248 Sed
1221 2188 1248 2248 si

128 2262 201 2342 quis
219 2262 251 2320 in
275 2262 469 2344 Episcopum
484 2281 608 2320 causam
625 2259 792 2335 habuerit,
814 2258 961 2339 primitus
990 2283 1063 2322 eum
1085 2268 1247 2330 caritative
1339 2311 1344 2326 .

128 2344 316 2417 conveniat,
338 2353 369 2403 et
392 2341 491 2404 ciant
512 2365 598 2402 suum
612 2343 755 2402 inculcet
771 2341 942 2419 iniuriam,
965 2355 1019 2408 aut
1038 2347 1107 2407 eius
1121 2371 1248 2432 correp.

126 2426 265 2501 tionem,
288 2425 413 2486 dicente
426 2424 582 2485 Domino:
604 2425 643 2483 Si
658 2423 837 2505 peccauerit
851 2426 885 2484 in
906 2439 934 2484 te
939 2425 1048 2506 srater
1061 2441 1140 2504 tuas,
1154 2433 1244 2503 vade,

126 2521 157 2568 et
172 2510 294 2587 corripe
315 2529 383 2566 enm
398 2509 480 2566 inter
498 2521 528 2566 te
548 2519 579 2566 ct
590 2508 691 2590 ipsum
708 2505 818 2565 solnm.
859 2505 897 2565 Si
910 2521 1012 2566 autem
1032 2521 1061 2568 te
1079 2532 1141 2570 non
1155 2513 1244 2572 audi·

126 2592 208 2661 erit,
232 2589 347 2650 adhibe
369 2589 470 2648 denuo
487 2589 566 2649 duos
591 2602 645 2647 aut
672 2600 734 2646 tres
761 2598 869 2647 tecum.
909 2591 951 2648 Et
973 2591 1109 2672 reliqua.
1150 2595 1244 2655 Prius

125 2693 200 2754 ergo
218 2693 313 2752 quam
336 2670 415 2730 haec
436 2671 526 2746 liant,
550 2692 643 2731 nemo
661 2679 841 2751 praesumat
859 2671 1053 2752 Episcopum
1077 2676 1245 2738 manifeste

124 2776 283 2830 accttsare,
297 2754 373 2836 quia
389 2775 483 2814 nemo
499 2764 608 2814 contra
625 2751 829 2832 evangelium
850 2755 901 2812 vel
921 2763 1032 2814 contra
1044 2756 1243 2837 Apostolum,

123 2847 179 2897 ant
192 2837 321 2896 decreta
333 2838 480 2912 Petrum,
501 2834 577 2895 facit
597 2835 713 2915 absque
732 2832 887 2913 periculo.
929 2838 1047 2898 Paulus
1062 2841 1243 2920 quoqueA-

122 2915 264 3000 postolns
280 2917 454 3000 praecipit,
477 2918 603 3002 dicens:
625 2915 787 2976 Seniorcm
804 2937 842 2974 ne
861 2917 1092 3000 increpaveris,
1116 2921 1175 2980 sed
1185 2924 1242 2983 olt-

121 3020 210 3058 secra
229 3013 406 3081 utputrem.
447 3001 488 3058 Et
506 2999 582 3058 alibi
604 2998 757 3078 scriptum
786 3007 849 3056 est:
882 2998 921 3057 Si
946 3002 1016 3080 quis
1028 3001 1146 3082 fidelis
1175 3018 1242 3084 est,

121 3080 231 3140 uideat
252 3102 289 3140 ne
301 3079 392 3155 salsa
415 3093 468 3139 aut
485 3102 599 3140 noctua
616 3081 781 3158 loquatur,
805 3092 858 3138 arat
873 3083 1014 3156 cuiquam
1031 3084 1164 3144 insidias
1177 3107 1241 3168 po·

122 3175 185 3227 nat.
207 3164 248 3221 Et
265 3162 358 3221 alibi:
381 3162 514 3243 Sapiens
534 3184 597 3222 non
613 3163 730 3240 estqui
748 3173 846 3219 nocet.
870 3163 910 3221 Et
924 3165 1079 3224 Dominus
1095 3166 1126 3224 in
1139 3169 1239 3248 Lege:

121 3243 310 3323 Nonfacias
327 3245 513 3305 calumniam
530 3244 679 3327 proximo
701 3255 763 3303 tuo.
785 3242 827 3300 Et
843 3242 943 3304 idem:
965 3248 1037 3306 Non
1055 3250 1116 3306 eris
1132 3251 1241 3309 crimi-

121 3341 216 3388 nator
230 3339 418 3385 autsusurro
436 3328 469 3386 in
480 3327 616 3409 populis.
635 3325 709 3384 Non
729 3325 825 3384 stabis
842 3340 952 3385 contra
965 3331 1143 3407 sanguinem
1160 3352 1241 3413 pro-

119 3412 203 3469 ximi
221 3411 275 3469 tui.
317 3409 413 3486 Leges
434 3430 517 3469 meas
540 3407 713 3468 custodite:
740 3406 807 3484 Ego
833 3407 996 3468 Dominus.
1040 3410 1072 3469 Si
1097 3411 1175 3472 haec
1200 3416 1240 3476 de

119 3491 265 3553 omnibus
285 3491 468 3552 hominibus
485 3491 568 3553 dicta
586 3500 676 3564 sunt,
700 3497 822 3567 quanto
836 3489 933 3571 magis
949 3513 1045 3572 super
1063 3493 1240 3576 Episcopos
1271 3557 1273 3562 ,

117 3584 194 3635 sunt
213 3574 440 3650 custodienda,
464 3575 501 3634 de
524 3572 641 3654 quibus
660 3571 806 3632 Salvator
823 3570 886 3630 ait:
918 3573 982 3654 Qui
1002 3595 1053 3634 vos
1075 3580 1240 3637 contrista·

115 3659 189 3729 uit,
212 3679 259 3717 me
274 3659 484 3720 contristavit.
508 3659 571 3738 Qui
584 3676 635 3714 vos
653 3655 764 3731 tangit,
786 3656 884 3730 tangit
900 3657 1054 3736 pupillam
1070 3660 1153 3716 oculi
1167 3662 1237 3720 mci.

114 3737 157 3798 Et
178 3750 310 3800 caetera.
334 3741 433 3800 Item:
459 3739 520 3820 Qui
528 3737 612 3816 sacit
627 3738 774 3795 iniuriam
791 3737 852 3805 eis,
875 3739 1003 3819 recipiet
1018 3738 1056 3796 id
1073 3739 1161 3818 quod
1175 3742 1239 3799 ini-

114 3823 283 3900 quegessit.
298 3823 379 3880 Etin
393 3821 528 3880 Daniele
539 3819 675 3900 legitur:
699 3815 940 3896 Confundantur
951 3841 1056 3879 onrnes
1065 3823 1120 3908 qni
1132 3834 1238 3881 osten-

114 3899 194 3961 dant
208 3905 304 3962 servis
324 3907 384 3962 tuis
399 3903 489 3961 mula.
525 3900 766 3980 Confundantur
779 3901 813 3956 in
830 3901 1072 3980 omnipotentia,
1084 3912 1085 3918 ’
1097 3914 1127 3960 et
1140 3905 1238 3964 roban·

116 4002 224 4042 coriam
242 3997 439 4055 conteratur,
464 3997 498 4042 ut
519 3986 618 4044 sciant
642 3984 715 4064 qttia
736 3995 768 4038 tu
783 4001 814 4039 es
841 3981 993 4040 Dominus
1019 3984 1102 4041 Deus
1126 3986 1211 4044 solus
1220 4031 1234 4058 ,

113 4076 143 4122 et
158 4065 312 4143 gloriosus
328 4087 420 4149 super
440 4068 546 4126 orbem
563 4071 727 4125 terrarum.
770 4064 811 4124 Et
829 4061 915 4121 iuxta
940 4063 1090 4143 antiquae
1106 4063 1237 4126 institu-

111 4145 208 4230 tionis
225 4147 367 4208 edictum
381 4148 453 4230 plns
471 4169 544 4230 erga
561 4146 767 4227 corrigendos
790 4165 882 4225 agere
900 4143 995 4205 debet
1009 4143 1237 4210 benevolentia

111 4247 207 4309 quam
224 4229 390 4302 severium
411 4231 484 4314 plus
499 4229 688 4306 cohortatio,
701 4249 796 4310 qnam
811 4228 999 4299 summatim
1022 4227 1094 4311 plus
1111 4231 1235 4311 caritas,
