<?xml version="1.0" encoding="UTF-8"?>
<!DOCTYPE html PUBLIC "-//W3C//DTD XHTML 1.0 Transitional//EN"
    "http://www.w3.org/TR/xhtml1/DTD/xhtml1-transitional.dtd">
<html xmlns="http://www.w3.org/1999/xhtml" xml:lang="en" lang="en">
 <head>
  <title>
</title>
<meta http-equiv="Content-Type" content="text/html;charset=utf-8" />
  <meta name='ocr-system' content='tesseract 3.04.00' />
  <meta name='ocr-capabilities' content='ocr_page ocr_carea ocr_par ocr_line ocrx_word'/>
</head>
<body>
  <div class='ocr_page' id='page_1' title='image "./corpusiurisgerm04visigoog_0175.png"; bbox 0 0 2926 4984; ppageno 0'>
   <div class='ocr_carea' id='block_1_1' title="bbox 192 299 909 388">
    <p class='ocr_par' dir='ltr' id='par_1_1' title="bbox 192 299 909 388">
     <span class='ocr_line' id='line_1_1' title="bbox 192 299 909 388; baseline 0.007 -13"><span class='ocrx_word' id='word_1_1' title='bbox 192 299 264 388; x_wconf 76' lang='lat'><em>572</em></span> <span class='ocrx_word' id='word_1_2' title='bbox 616 323 909 382; x_wconf 78' lang='lat' dir='ltr'><em>carlruasmun</em></span> 
     </span>
    </p>
   </div>
   <div class='ocr_carea' id='block_1_2' title="bbox 186 456 1324 880">
    <p class='ocr_par' dir='ltr' id='par_1_2' title="bbox 186 456 1321 684">
     <span class='ocr_line' id='line_1_2' title="bbox 186 456 1321 548; baseline 0.007 -30"><span class='ocrx_word' id='word_1_3' title='bbox 186 456 347 522; x_wconf 82' lang='lat' dir='ltr'><strong>honorem</strong></span> <span class='ocrx_word' id='word_1_4' title='bbox 363 481 428 523; x_wconf 92' lang='lat' dir='ltr'><em>nou</em></span> <span class='ocrx_word' id='word_1_5' title='bbox 453 463 596 546; x_wconf 78' lang='lat' dir='ltr'><strong>dederit,</strong></span> <span class='ocrx_word' id='word_1_6' title='bbox 620 475 789 548; x_wconf 89' lang='lat' dir='ltr'><em>componat</em></span> <span class='ocrx_word' id='word_1_7' title='bbox 805 467 845 528; x_wconf 91' lang='lat' dir='ltr'><em>ad</em></span> <span class='ocrx_word' id='word_1_8' title='bbox 862 467 962 548; x_wconf 87' lang='lat' dir='ltr'><em>ipsam</em></span> <span class='ocrx_word' id='word_1_9' title='bbox 979 465 1157 527; x_wconf 87' lang='lat' dir='ltr'><em>Ecclesiam</em></span> <span class='ocrx_word' id='word_1_10' title='bbox 1175 487 1235 548; x_wconf 87' lang='lat' dir='ltr'><em>pro</em></span> <span class='ocrx_word' id='word_1_11' title='bbox 1258 486 1321 527; x_wconf 87' lang='lat' dir='ltr'><em>ne-</em></span> 
     </span>
     <span class='ocr_line' id='line_1_3' title="bbox 186 540 1318 684; baseline 0.007 -84"><span class='ocrx_word' id='word_1_12' title='bbox 186 540 293 684; x_wconf 57' lang='grc' dir='ltr'>Ξίοοῑο</span> <span class='ocrx_word' id='word_1_13' title='bbox 308 565 366 604; x_wconf 91' lang='lat' dir='ltr'><em>sno</em></span> <span class='ocrx_word' id='word_1_14' title='bbox 383 545 502 608; x_wconf 87' lang='lat' dir='ltr'><em>solidos</em></span> <span class='ocrx_word' id='word_1_15' title='bbox 523 549 735 633; x_wconf 75' lang='lat' dir='ltr'><em>quingentos,</em></span> <span class='ocrx_word' id='word_1_16' title='bbox 758 560 790 610; x_wconf 91' lang='lat' dir='ltr'><em>et</em></span> <span class='ocrx_word' id='word_1_17' title='bbox 810 571 869 630; x_wconf 91' lang='lat' dir='ltr'><em>pro</em></span> <span class='ocrx_word' id='word_1_18' title='bbox 892 550 984 611; x_wconf 89' lang='lat' dir='ltr'><em>fredo</em></span> <span class='ocrx_word' id='word_1_19' title='bbox 1004 551 1044 609; x_wconf 91' lang='lat' dir='ltr'><em>ad</em></span> <span class='ocrx_word' id='word_1_20' title='bbox 1066 548 1177 608; x_wconf 83' lang='lat' dir='ltr'><em>fiscum</em></span> <span class='ocrx_word' id='word_1_21' title='bbox 1198 549 1318 608; x_wconf 88' lang='lat' dir='ltr'><em>solidos</em></span> 
     </span>
    </p>

    <p class='ocr_par' dir='ltr' id='par_1_3' title="bbox 186 629 1324 880">
     <span class='ocr_line' id='line_1_4' title="bbox 211 629 1324 714; baseline 0.006 -32"><span class='ocrx_word' id='word_1_22' title='bbox 211 635 355 691; x_wconf 88' lang='lat' dir='ltr'><em>neentos.</em></span> <span class='ocrx_word' id='word_1_23' title='bbox 399 629 468 709; x_wconf 89' lang='lat' dir='ltr'><em>Ipse</em></span> <span class='ocrx_word' id='word_1_24' title='bbox 489 652 566 690; x_wconf 91' lang='lat' dir='ltr'><em>vero</em></span> <span class='ocrx_word' id='word_1_25' title='bbox 587 632 716 714; x_wconf 87' lang='lat' dir='ltr'><em>publica</em></span> <span class='ocrx_word' id='word_1_26' title='bbox 737 632 936 713; x_wconf 86' lang='lat' dir='ltr'><em>poenitentia</em></span> <span class='ocrx_word' id='word_1_27' title='bbox 960 632 1048 692; x_wconf 81' lang='lat' dir='ltr'><em>iuxta</em></span> <span class='ocrx_word' id='word_1_28' title='bbox 1061 630 1217 690; x_wconf 89' lang='lat' dir='ltr'><em>iudicium</em></span> <span class='ocrx_word' id='word_1_29' title='bbox 1228 629 1324 712; x_wconf 87' lang='lat' dir='ltr'><em>Epis-</em></span> 
     </span>
     <span class='ocr_line' id='line_1_5' title="bbox 187 708 1320 791; baseline 0.004 -25"><span class='ocrx_word' id='word_1_30' title='bbox 187 708 261 788; x_wconf 84' lang='lat' dir='ltr'><strong>copi</strong></span> <span class='ocrx_word' id='word_1_31' title='bbox 282 709 454 788; x_wconf 88' lang='lat' dir='ltr'><em>mnltetur‚</em></span> <span class='ocrx_word' id='word_1_32' title='bbox 478 722 514 772; x_wconf 93' lang='lat' dir='ltr'><em>ut</em></span> <span class='ocrx_word' id='word_1_33' title='bbox 536 714 577 774; x_wconf 87' lang='lat' dir='ltr'><em>sit</em></span> <span class='ocrx_word' id='word_1_34' title='bbox 599 716 703 775; x_wconf 89' lang='lat' dir='ltr'><em>bonor</em></span> <span class='ocrx_word' id='word_1_35' title='bbox 722 715 783 775; x_wconf 91' lang='lat' dir='ltr'><em>Dei</em></span> <span class='ocrx_word' id='word_1_36' title='bbox 800 724 832 775; x_wconf 90' lang='lat' dir='ltr'><em>et</em></span> <span class='ocrx_word' id='word_1_37' title='bbox 850 713 1031 775; x_wconf 80' lang='lat' dir='ltr'><em>reverentia</em></span> <span class='ocrx_word' id='word_1_38' title='bbox 1055 714 1246 773; x_wconf 87' lang='lat' dir='ltr'><em>Sanctorum</em></span> <span class='ocrx_word' id='word_1_39' title='bbox 1254 757 1263 791; x_wconf 95' lang='lat'><em>,</em></span> <span class='ocrx_word' id='word_1_40' title='bbox 1286 720 1320 772; x_wconf 89' lang='lat' dir='ltr'><em>et</em></span> 
     </span>
     <span class='ocr_line' id='line_1_6' title="bbox 186 791 957 880; baseline 0.01 -32"><span class='ocrx_word' id='word_1_41' title='bbox 186 798 223 849; x_wconf 88' lang='lat' dir='ltr'><em>ut</em></span> <span class='ocrx_word' id='word_1_42' title='bbox 238 791 384 852; x_wconf 77' lang='lat' dir='ltr'><strong>Ecclesia</strong></span> <span class='ocrx_word' id='word_1_43' title='bbox 403 793 466 854; x_wconf 90' lang='lat' dir='ltr'><em>Dei</em></span> <span class='ocrx_word' id='word_1_44' title='bbox 482 816 609 880; x_wconf 87' lang='lat' dir='ltr'><strong>semper</strong></span> <span class='ocrx_word' id='word_1_45' title='bbox 622 797 744 857; x_wconf 84' lang='lat' dir='ltr'><em>invicta</em></span> <span class='ocrx_word' id='word_1_46' title='bbox 761 806 957 880; x_wconf 85' lang='lat' dir='ltr'><em>permaneat.</em></span> 
     </span>
    </p>
   </div>
   <div class='ocr_carea' id='block_1_3' title="bbox 193 915 1320 1093">
    <p class='ocr_par' dir='ltr' id='par_1_4' title="bbox 193 915 1320 1093">
     <span class='ocr_line' id='line_1_7' title="bbox 193 915 1320 1010; baseline 0.004 -28"><span class='ocrx_word' id='word_1_47' title='bbox 193 917 235 982; x_wconf 85' lang='lat' dir='ltr'><em>Ut</em></span> <span class='ocrx_word' id='word_1_48' title='bbox 253 915 364 983; x_wconf 70' lang='lat' dir='ltr'><em>cincta</em></span> <span class='ocrx_word' id='word_1_49' title='bbox 382 943 460 1006; x_wconf 88' lang='lat' dir='ltr'><em>quae</em></span> <span class='ocrx_word' id='word_1_50' title='bbox 481 926 567 984; x_wconf 85' lang='lat' dir='ltr'><em>circa</em></span> <span class='ocrx_word' id='word_1_51' title='bbox 586 923 745 986; x_wconf 74' lang='lat' dir='ltr'><em>Ecclesiae</em></span> <span class='ocrx_word' id='word_1_52' title='bbox 768 947 935 1010; x_wconf 85' lang='lat' dir='ltr'><em>earumque</em></span> <span class='ocrx_word' id='word_1_53' title='bbox 956 927 1125 988; x_wconf 86' lang='lat' dir='ltr'><em>Ministros</em></span> <span class='ocrx_word' id='word_1_54' title='bbox 1148 925 1320 1007; x_wconf 80' lang='lat' dir='ltr'><em>antiquitas</em></span> 
     </span>
     <span class='ocr_line' id='line_1_8' title="bbox 455 1010 1283 1093; baseline 0.005 -29"><span class='ocrx_word' id='word_1_55' title='bbox 455 1019 564 1067; x_wconf 88' lang='lat' dir='ltr'><em>sancta</em></span> <span class='ocrx_word' id='word_1_56' title='bbox 573 1010 697 1082; x_wconf 83' lang='lat' dir='ltr'><em>statuit,</em></span> <span class='ocrx_word' id='word_1_57' title='bbox 718 1010 868 1071; x_wconf 80' lang='lat' dir='ltr'><em>inviolata</em></span> <span class='ocrx_word' id='word_1_58' title='bbox 881 1011 1053 1093; x_wconf 71' lang='lat' dir='ltr'><em>persistant</em></span> <span class='ocrx_word' id='word_1_59' title='bbox 1280 1057 1283 1068; x_wconf 25' lang='grc' dir='ltr'><strong><em>Δ</em></strong></span> 
     </span>
    </p>
   </div>
   <div class='ocr_carea' id='block_1_4' title="bbox 187 1107 1325 1634">
    <p class='ocr_par' dir='ltr' id='par_1_5' title="bbox 187 1107 1325 1524">
     <span class='ocr_line' id='line_1_9' title="bbox 271 1107 1321 1197; baseline 0.003 -27"><span class='ocrx_word' id='word_1_60' title='bbox 271 1107 550 1173; x_wconf 86' lang='lat' dir='ltr'>CCCXXXVIH.</span> <span class='ocrx_word' id='word_1_61' title='bbox 594 1114 718 1176; x_wconf 85' lang='lat' dir='ltr'><em>Cuncta</em></span> <span class='ocrx_word' id='word_1_62' title='bbox 747 1136 830 1197; x_wconf 88' lang='lat' dir='ltr'><em>quae</em></span> <span class='ocrx_word' id='word_1_63' title='bbox 852 1116 935 1176; x_wconf 86' lang='lat' dir='ltr'><em>circa</em></span> <span class='ocrx_word' id='word_1_64' title='bbox 962 1125 1142 1176; x_wconf 83' lang='lat' dir='ltr'><em>sanctarum</em></span> <span class='ocrx_word' id='word_1_65' title='bbox 1167 1115 1238 1174; x_wconf 85' lang='lat' dir='ltr'><em>loca</em></span> <span class='ocrx_word' id='word_1_66' title='bbox 1254 1113 1321 1173; x_wconf 90' lang='lat' dir='ltr'><em>Ec-</em></span> 
     </span>
     <span class='ocr_line' id='line_1_10' title="bbox 187 1189 1321 1276; baseline 0.003 -25"><span class='ocrx_word' id='word_1_67' title='bbox 187 1189 359 1254; x_wconf 88' lang='lat' dir='ltr'><em>clesiarum</em></span> <span class='ocrx_word' id='word_1_68' title='bbox 379 1193 513 1275; x_wconf 90' lang='lat' dir='ltr'><em>eiusque</em></span> <span class='ocrx_word' id='word_1_69' title='bbox 533 1195 697 1258; x_wconf 87' lang='lat' dir='ltr'><em>Ministros</em></span> <span class='ocrx_word' id='word_1_70' title='bbox 717 1199 768 1258; x_wconf 90' lang='lat' dir='ltr'><em>vel</em></span> <span class='ocrx_word' id='word_1_71' title='bbox 785 1197 862 1258; x_wconf 93' lang='lat' dir='ltr'><em>olim</em></span> <span class='ocrx_word' id='word_1_72' title='bbox 881 1198 1041 1258; x_wconf 83' lang='lat' dir='ltr'><em>ordinavit</em></span> <span class='ocrx_word' id='word_1_73' title='bbox 1059 1197 1244 1276; x_wconf 78' lang='lat' dir='ltr'><em>antiquitas,</em></span> <span class='ocrx_word' id='word_1_74' title='bbox 1267 1196 1321 1255; x_wconf 87' lang='lat' dir='ltr'><em>vel</em></span> 
     </span>
     <span class='ocr_line' id='line_1_11' title="bbox 187 1277 1324 1362; baseline 0.005 -30"><span class='ocrx_word' id='word_1_75' title='bbox 187 1283 426 1339; x_wconf 85' lang='lat' dir='ltr'><em>antecessorum</em></span> <span class='ocrx_word' id='word_1_76' title='bbox 455 1288 637 1339; x_wconf 87' lang='lat' dir='ltr'><em>nostrorum</em></span> <span class='ocrx_word' id='word_1_77' title='bbox 667 1280 842 1340; x_wconf 86' lang='lat' dir='ltr'><em>auctoritas</em></span> <span class='ocrx_word' id='word_1_78' title='bbox 870 1279 1019 1362; x_wconf 83' lang='lat' dir='ltr'><em>religiosa</em></span> <span class='ocrx_word' id='word_1_79' title='bbox 1046 1279 1235 1354; x_wconf 86' lang='lat' dir='ltr'><em>constituit,</em></span> <span class='ocrx_word' id='word_1_80' title='bbox 1266 1277 1324 1338; x_wconf 86' lang='lat' dir='ltr'><em>vel</em></span> 
     </span>
     <span class='ocr_line' id='line_1_12' title="bbox 188 1357 1325 1439; baseline 0.003 -24"><span class='ocrx_word' id='word_1_81' title='bbox 188 1365 296 1416; x_wconf 85' lang='lat' dir='ltr'><em>nostra</em></span> <span class='ocrx_word' id='word_1_82' title='bbox 315 1357 476 1420; x_wconf 83' lang='lat' dir='ltr'><em>roboravit</em></span> <span class='ocrx_word' id='word_1_83' title='bbox 492 1361 658 1439; x_wconf 83' lang='lat' dir='ltr'><em>serenitas,</em></span> <span class='ocrx_word' id='word_1_84' title='bbox 675 1361 813 1424; x_wconf 84' lang='lat' dir='ltr'><em>inlibata</em></span> <span class='ocrx_word' id='word_1_85' title='bbox 835 1361 998 1424; x_wconf 89' lang='lat' dir='ltr'><em>custodire</em></span> <span class='ocrx_word' id='word_1_86' title='bbox 1019 1382 1105 1426; x_wconf 89' lang='lat' dir='ltr'><em>nunc</em></span> <span class='ocrx_word' id='word_1_87' title='bbox 1127 1370 1160 1421; x_wconf 86' lang='lat' dir='ltr'><em>et</em></span> <span class='ocrx_word' id='word_1_88' title='bbox 1181 1361 1214 1420; x_wconf 93' lang='lat' dir='ltr'><em>in</em></span> <span class='ocrx_word' id='word_1_89' title='bbox 1229 1360 1325 1419; x_wconf 83' lang='lat' dir='ltr'><em>futu-</em></span> 
     </span>
     <span class='ocr_line' id='line_1_13' title="bbox 188 1440 501 1524; baseline 0.019 -27"><span class='ocrx_word' id='word_1_90' title='bbox 188 1458 262 1500; x_wconf 89' lang='lat' dir='ltr'><em>rum</em></span> <span class='ocrx_word' id='word_1_91' title='bbox 275 1440 501 1524; x_wconf 88' lang='lat' dir='ltr'><em>praecipimus.</em></span> 
     </span>
    </p>

    <p class='ocr_par' dir='ltr' id='par_1_6' title="bbox 526 1549 982 1634">
     <span class='ocr_line' id='line_1_14' title="bbox 526 1549 982 1634; baseline 0.002 -26"><span class='ocrx_word' id='word_1_92' title='bbox 526 1549 583 1608; x_wconf 89' lang='lat' dir='ltr'><em>&#39;De</em></span> <span class='ocrx_word' id='word_1_93' title='bbox 600 1549 742 1633; x_wconf 84' lang='lat' dir='ltr'><em>praediis</em></span> <span class='ocrx_word' id='word_1_94' title='bbox 756 1552 824 1613; x_wconf 86' lang='lat' dir='ltr'><em>Deo</em></span> <span class='ocrx_word' id='word_1_95' title='bbox 840 1550 982 1634; x_wconf 63' lang='lat' dir='ltr'><em>dicatis¹¹</em></span> 
     </span>
    </p>
   </div>
   <div class='ocr_carea' id='block_1_5' title="bbox 187 1649 1327 2234">
    <p class='ocr_par' dir='ltr' id='par_1_7' title="bbox 187 1649 1327 2234">
     <span class='ocr_line' id='line_1_15' title="bbox 270 1649 1323 1739; baseline 0 -25"><span class='ocrx_word' id='word_1_96' title='bbox 270 1649 520 1720; x_wconf 84' lang='lat' dir='ltr'>CCCXXXIX.</span> <span class='ocrx_word' id='word_1_97' title='bbox 562 1655 689 1717; x_wconf 87' lang='lat' dir='ltr'><em>Placuit</em></span> <span class='ocrx_word' id='word_1_98' title='bbox 710 1679 750 1717; x_wconf 90' lang='lat' dir='ltr'><em>ne</em></span> <span class='ocrx_word' id='word_1_99' title='bbox 768 1658 897 1739; x_wconf 85' lang='lat' dir='ltr'><em>praedia</em></span> <span class='ocrx_word' id='word_1_100' title='bbox 917 1657 1106 1720; x_wconf 85' lang='lat' dir='ltr'><em>coelestium</em></span> <span class='ocrx_word' id='word_1_101' title='bbox 1121 1665 1323 1718; x_wconf 89' lang='lat' dir='ltr'><em>secretorum</em></span> 
     </span>
     <span class='ocr_line' id='line_1_16' title="bbox 189 1733 1325 1824; baseline 0.002 -29"><span class='ocrx_word' id='word_1_102' title='bbox 189 1733 294 1795; x_wconf 85' lang='lat' dir='ltr'><em>dicata</em></span> <span class='ocrx_word' id='word_1_103' title='bbox 313 1737 449 1818; x_wconf 88' lang='lat' dir='ltr'><em>Deoque</em></span> <span class='ocrx_word' id='word_1_104' title='bbox 472 1739 589 1799; x_wconf 87' lang='lat' dir='ltr'><em>tradita</em></span> <span class='ocrx_word' id='word_1_105' title='bbox 617 1738 848 1819; x_wconf 76' lang='lat' dir='ltr'><em>dquibnsdam</em></span> <span class='ocrx_word' id='word_1_106' title='bbox 869 1741 978 1824; x_wconf 89' lang='lat' dir='ltr'><em>aliqua</em></span> <span class='ocrx_word' id='word_1_107' title='bbox 1001 1742 1168 1802; x_wconf 87' lang='lat' dir='ltr'><em>occasione</em></span> <span class='ocrx_word' id='word_1_108' title='bbox 1195 1760 1325 1800; x_wconf 69' lang='lat' dir='ltr'><em>vexen-</em></span> 
     </span>
     <span class='ocr_line' id='line_1_17' title="bbox 187 1817 1326 1906; baseline 0.001 -29"><span class='ocrx_word' id='word_1_109' title='bbox 187 1825 243 1877; x_wconf 80' lang='lat' dir='ltr'><em>tur</em></span> <span class='ocrx_word' id='word_1_110' title='bbox 266 1826 321 1877; x_wconf 84' lang='lat' dir='ltr'><em>ant</em></span> <span class='ocrx_word' id='word_1_111' title='bbox 335 1817 538 1898; x_wconf 87' lang='lat' dir='ltr'><em>invadantur,</em></span> <span class='ocrx_word' id='word_1_112' title='bbox 562 1822 618 1882; x_wconf 88' lang='lat' dir='ltr'><em>sed</em></span> <span class='ocrx_word' id='word_1_113' title='bbox 634 1823 694 1882; x_wconf 92' lang='lat' dir='ltr'><em>sub</em></span> <span class='ocrx_word' id='word_1_114' title='bbox 715 1823 922 1885; x_wconf 88' lang='lat' dir='ltr'><em>immunitatis</em></span> <span class='ocrx_word' id='word_1_115' title='bbox 938 1824 1074 1885; x_wconf 88' lang='lat' dir='ltr'><em>tuitione</em></span> <span class='ocrx_word' id='word_1_116' title='bbox 1094 1831 1250 1906; x_wconf 85' lang='lat' dir='ltr'><em>perpetua</em></span> <span class='ocrx_word' id='word_1_117' title='bbox 1265 1821 1326 1878; x_wconf 72' lang='lat' dir='ltr'><em>fir-</em></span> 
     </span>
     <span class='ocr_line' id='line_1_18' title="bbox 188 1899 1321 1984; baseline 0.003 -26"><span class='ocrx_word' id='word_1_118' title='bbox 188 1899 299 1960; x_wconf 89' lang='lat' dir='ltr'><em>mitate</em></span> <span class='ocrx_word' id='word_1_119' title='bbox 320 1901 508 1981; x_wconf 86' lang='lat' dir='ltr'><em>perdurent.</em></span> <span class='ocrx_word' id='word_1_120' title='bbox 530 1905 688 1965; x_wconf 85' lang='lat' dir='ltr'><em>Similiter</em></span> <span class='ocrx_word' id='word_1_121' title='bbox 708 1915 739 1966; x_wconf 88' lang='lat' dir='ltr'><em>et</em></span> <span class='ocrx_word' id='word_1_122' title='bbox 760 1903 905 1966; x_wconf 90' lang='lat' dir='ltr'><em>homines</em></span> <span class='ocrx_word' id='word_1_123' title='bbox 927 1929 1047 1984; x_wconf 88' lang='lat' dir='ltr'><em>earum,</em></span> <span class='ocrx_word' id='word_1_124' title='bbox 1066 1916 1098 1968; x_wconf 90' lang='lat' dir='ltr'><em>et</em></span> <span class='ocrx_word' id='word_1_125' title='bbox 1116 1904 1220 1964; x_wconf 89' lang='lat' dir='ltr'><em>omnia</em></span> <span class='ocrx_word' id='word_1_126' title='bbox 1237 1923 1321 1984; x_wconf 88' lang='lat' dir='ltr'><em>qnae</em></span> 
     </span>
     <span class='ocr_line' id='line_1_19' title="bbox 189 1981 1323 2068; baseline 0 -26"><span class='ocrx_word' id='word_1_127' title='bbox 189 1981 237 2042; x_wconf 88' lang='lat' dir='ltr'><em>eis</em></span> <span class='ocrx_word' id='word_1_128' title='bbox 251 1981 394 2042; x_wconf 85' lang='lat' dir='ltr'><em>subiecta</em></span> <span class='ocrx_word' id='word_1_129' title='bbox 413 2005 479 2044; x_wconf 89' lang='lat' dir='ltr'><em>esse</em></span> <span class='ocrx_word' id='word_1_130' title='bbox 503 1997 689 2047; x_wconf 89' lang='lat' dir='ltr'><em>noscuntur.</em></span> <span class='ocrx_word' id='word_1_131' title='bbox 713 1987 746 2048; x_wconf 90' lang='lat' dir='ltr'><em>Si</em></span> <span class='ocrx_word' id='word_1_132' title='bbox 759 1988 832 2068; x_wconf 87' lang='lat' dir='ltr'><em>quis</em></span> <span class='ocrx_word' id='word_1_133' title='bbox 853 2000 964 2050; x_wconf 89' lang='lat' dir='ltr'><em>contra</em></span> <span class='ocrx_word' id='word_1_134' title='bbox 982 1989 1061 2049; x_wconf 85' lang='lat' dir='ltr'><em>baec</em></span> <span class='ocrx_word' id='word_1_135' title='bbox 1080 1986 1215 2060; x_wconf 88' lang='lat' dir='ltr'><em>venerit,</em></span> <span class='ocrx_word' id='word_1_136' title='bbox 1236 2007 1323 2043; x_wconf 88' lang='lat' dir='ltr'><em>com-</em></span> 
     </span>
     <span class='ocr_line' id='line_1_20' title="bbox 189 2065 1325 2152; baseline -0.001 -29"><span class='ocrx_word' id='word_1_137' title='bbox 189 2075 289 2147; x_wconf 89' lang='lat' dir='ltr'><em>pouat</em></span> <span class='ocrx_word' id='word_1_138' title='bbox 305 2065 388 2124; x_wconf 89' lang='lat' dir='ltr'><em>sieut</em></span> <span class='ocrx_word' id='word_1_139' title='bbox 404 2065 444 2125; x_wconf 92' lang='lat' dir='ltr'><em>de</em></span> <span class='ocrx_word' id='word_1_140' title='bbox 466 2069 640 2128; x_wconf 85' lang='lat' dir='ltr'><em>emunitate</em></span> <span class='ocrx_word' id='word_1_141' title='bbox 662 2069 897 2146; x_wconf 89' lang='lat' dir='ltr'><em>constituimus,</em></span> <span class='ocrx_word' id='word_1_142' title='bbox 921 2080 952 2131; x_wconf 91' lang='lat' dir='ltr'><em>et</em></span> <span class='ocrx_word' id='word_1_143' title='bbox 972 2069 1172 2152; x_wconf 86' lang='lat' dir='ltr'><em>poenitentia</em></span> <span class='ocrx_word' id='word_1_144' title='bbox 1190 2067 1325 2149; x_wconf 84' lang='lat' dir='ltr'><em>publica</em></span> 
     </span>
     <span class='ocr_line' id='line_1_21' title="bbox 190 2147 1327 2234; baseline 0.006 -29"><span class='ocrx_word' id='word_1_145' title='bbox 190 2169 209 2205; x_wconf 87' lang='lat' dir='ltr'><em>a</em></span> <span class='ocrx_word' id='word_1_146' title='bbox 226 2147 453 2210; x_wconf 85' lang='lat' dir='ltr'><em>Sacerdotibus</em></span> <span class='ocrx_word' id='word_1_147' title='bbox 475 2170 577 2234; x_wconf 89' lang='lat' dir='ltr'><em>usque</em></span> <span class='ocrx_word' id='word_1_148' title='bbox 596 2151 636 2212; x_wconf 90' lang='lat' dir='ltr'><em>ad</em></span> <span class='ocrx_word' id='word_1_149' title='bbox 654 2153 903 2214; x_wconf 83' lang='lat' dir='ltr'><em>satisfactionem</em></span> <span class='ocrx_word' id='word_1_150' title='bbox 920 2154 1084 2214; x_wconf 81' lang='lat' dir='ltr'><em>multetur.</em></span> <span class='ocrx_word' id='word_1_151' title='bbox 1129 2149 1263 2234; x_wconf 80' lang='lat' dir='ltr'><em>Capitol.</em></span> <span class='ocrx_word' id='word_1_152' title='bbox 1283 2149 1327 2212; x_wconf 89' lang='lat' dir='ltr'><em>II</em></span> 
     </span>
    </p>
   </div>
   <div class='ocr_carea' id='block_1_6' title="bbox 192 2229 1185 2424">
    <p class='ocr_par' dir='ltr' id='par_1_8' title="bbox 192 2229 1185 2424">
     <span class='ocr_line' id='line_1_22' title="bbox 192 2229 412 2308; baseline 0.018 -14"><span class='ocrx_word' id='word_1_153' title='bbox 192 2229 412 2308; x_wconf 55' lang='lat' dir='ltr'><em>affidcd</em></span> 
     </span>
     <span class='ocr_line' id='line_1_23' title="bbox 331 2329 1185 2424; baseline 0.008 -27"><span class='ocrx_word' id='word_1_154' title='bbox 331 2337 380 2397; x_wconf 87' lang='lat' dir='ltr'><em>De</em></span> <span class='ocrx_word' id='word_1_155' title='bbox 402 2339 515 2422; x_wconf 81' lang='lat' dir='ltr'><em>coqui</em></span> <span class='ocrx_word' id='word_1_156' title='bbox 537 2336 589 2398; x_wconf 88' lang='lat' dir='ltr'><em>die</em></span> <span class='ocrx_word' id='word_1_157' title='bbox 610 2336 771 2400; x_wconf 79' lang='lat' dir='ltr'><em>dominico</em></span> <span class='ocrx_word' id='word_1_158' title='bbox 790 2360 886 2424; x_wconf 85' lang='lat' dir='ltr'><em>opera</em></span> <span class='ocrx_word' id='word_1_159' title='bbox 909 2341 1040 2400; x_wconf 84' lang='lat' dir='ltr'><em>servitia</em></span> <span class='ocrx_word' id='word_1_160' title='bbox 1056 2329 1185 2420; x_wconf 79' lang='lat' dir='ltr'><em>feeerit.</em></span> 
     </span>
    </p>
   </div>
   <div class='ocr_carea' id='block_1_7' title="bbox 190 2441 1332 3190">
    <p class='ocr_par' dir='ltr' id='par_1_9' title="bbox 190 2441 1332 3190">
     <span class='ocr_line' id='line_1_24' title="bbox 275 2441 1327 2528; baseline -0.003 -24"><span class='ocrx_word' id='word_1_161' title='bbox 275 2441 434 2506; x_wconf 82' lang='lat' dir='ltr'><strong>CCCXL.</strong></span> <span class='ocrx_word' id='word_1_162' title='bbox 477 2444 599 2525; x_wconf 88' lang='lat' dir='ltr'><em>Siquis</em></span> <span class='ocrx_word' id='word_1_163' title='bbox 619 2445 671 2505; x_wconf 90' lang='lat' dir='ltr'><em>die</em></span> <span class='ocrx_word' id='word_1_164' title='bbox 692 2445 854 2507; x_wconf 91' lang='lat' dir='ltr'><em>dominico</em></span> <span class='ocrx_word' id='word_1_165' title='bbox 875 2468 972 2528; x_wconf 88' lang='lat' dir='ltr'><em>opera</em></span> <span class='ocrx_word' id='word_1_166' title='bbox 990 2447 1122 2508; x_wconf 90' lang='lat' dir='ltr'><em>servilia</em></span> <span class='ocrx_word' id='word_1_167' title='bbox 1136 2445 1261 2521; x_wconf 86' lang='lat' dir='ltr'><em>fecerit,</em></span> <span class='ocrx_word' id='word_1_168' title='bbox 1279 2443 1327 2503; x_wconf 72' lang='lat' dir='ltr'><em>li-</em></span> 
     </span>
     <span class='ocr_line' id='line_1_25' title="bbox 191 2523 1332 2605; baseline -0.004 -15"><span class='ocrx_word' id='word_1_169' title='bbox 191 2527 251 2590; x_wconf 88' lang='lat' dir='ltr'><em>ber</em></span> <span class='ocrx_word' id='word_1_170' title='bbox 266 2523 363 2588; x_wconf 86' lang='lat' dir='ltr'><em>bomo</em></span> <span class='ocrx_word' id='word_1_171' title='bbox 385 2527 411 2588; x_wconf 92' lang='lat' dir='ltr'><em>si</em></span> <span class='ocrx_word' id='word_1_172' title='bbox 425 2524 542 2588; x_wconf 89' lang='lat' dir='ltr'><em>hovem</em></span> <span class='ocrx_word' id='word_1_173' title='bbox 557 2528 721 2605; x_wconf 81' lang='lat' dir='ltr'><em>iunxerit,</em></span> <span class='ocrx_word' id='word_1_174' title='bbox 740 2536 773 2588; x_wconf 87' lang='lat' dir='ltr'><em>et</em></span> <span class='ocrx_word' id='word_1_175' title='bbox 793 2551 866 2589; x_wconf 90' lang='lat' dir='ltr'><em>cum</em></span> <span class='ocrx_word' id='word_1_176' title='bbox 887 2550 978 2588; x_wconf 90' lang='lat' dir='ltr'><em>carro</em></span> <span class='ocrx_word' id='word_1_177' title='bbox 1003 2529 1224 2603; x_wconf 86' lang='lat' dir='ltr'><em>ambulaverit,</em></span> <span class='ocrx_word' id='word_1_178' title='bbox 1247 2529 1332 2586; x_wconf 63' lang='lat' dir='ltr'><em>den-</em></span> 
     </span>
     <span class='ocr_line' id='line_1_26' title="bbox 192 2609 1325 2693; baseline -0.005 -22"><span class='ocrx_word' id='word_1_179' title='bbox 192 2620 279 2671; x_wconf 91' lang='lat' dir='ltr'><em>trum</em></span> <span class='ocrx_word' id='word_1_180' title='bbox 292 2611 409 2673; x_wconf 90' lang='lat' dir='ltr'><em>bovem</em></span> <span class='ocrx_word' id='word_1_181' title='bbox 426 2609 547 2693; x_wconf 87' lang='lat' dir='ltr'><em>perdat.</em></span> <span class='ocrx_word' id='word_1_182' title='bbox 588 2613 631 2672; x_wconf 90' lang='lat' dir='ltr'><em>Et</em></span> <span class='ocrx_word' id='word_1_183' title='bbox 649 2609 676 2670; x_wconf 89' lang='lat' dir='ltr'><em>si</em></span> <span class='ocrx_word' id='word_1_184' title='bbox 697 2611 759 2669; x_wconf 87' lang='lat' dir='ltr'><em>alia</em></span> <span class='ocrx_word' id='word_1_185' title='bbox 772 2632 854 2691; x_wconf 89' lang='lat' dir='ltr'><em>quae</em></span> <span class='ocrx_word' id='word_1_186' title='bbox 875 2611 1030 2672; x_wconf 89' lang='lat' dir='ltr'><em>canonica</em></span> <span class='ocrx_word' id='word_1_187' title='bbox 1046 2611 1235 2672; x_wconf 88' lang='lat' dir='ltr'><em>auctoritate</em></span> <span class='ocrx_word' id='word_1_188' title='bbox 1251 2629 1325 2690; x_wconf 88' lang='lat' dir='ltr'><em>pro-</em></span> 
     </span>
     <span class='ocr_line' id='line_1_27' title="bbox 190 2691 1325 2775; baseline -0.006 -21"><span class='ocrx_word' id='word_1_189' title='bbox 190 2692 294 2754; x_wconf 84' lang='lat' dir='ltr'><em>hibita</em></span> <span class='ocrx_word' id='word_1_190' title='bbox 312 2703 399 2770; x_wconf 87' lang='lat' dir='ltr'><em>sunt,</em></span> <span class='ocrx_word' id='word_1_191' title='bbox 422 2693 552 2754; x_wconf 90' lang='lat' dir='ltr'><em>servilia</em></span> <span class='ocrx_word' id='word_1_192' title='bbox 579 2701 675 2775; x_wconf 88' lang='lat' dir='ltr'><em>opera&#39;</em></span> <span class='ocrx_word' id='word_1_193' title='bbox 694 2694 820 2769; x_wconf 87' lang='lat' dir='ltr'><em>fecerit,</em></span> <span class='ocrx_word' id='word_1_194' title='bbox 842 2694 1068 2756; x_wconf 82' lang='lat' dir='ltr'><em>Sacerdotibus</em></span> <span class='ocrx_word' id='word_1_195' title='bbox 1095 2694 1150 2753; x_wconf 95' lang='lat' dir='ltr'><em>illa</em></span> <span class='ocrx_word' id='word_1_196' title='bbox 1173 2691 1325 2752; x_wconf 88' lang='lat' dir='ltr'><em>emendet</em></span> 
     </span>
     <span class='ocr_line' id='line_1_28' title="bbox 191 2771 1329 2858; baseline -0.008 -20"><span class='ocrx_word' id='word_1_197' title='bbox 191 2776 277 2838; x_wconf 86' lang='lat' dir='ltr'><em>sicut</em></span> <span class='ocrx_word' id='word_1_198' title='bbox 299 2777 339 2838; x_wconf 91' lang='lat' dir='ltr'><em>de</em></span> <span class='ocrx_word' id='word_1_199' title='bbox 360 2776 496 2857; x_wconf 90' lang='lat' dir='ltr'><em>reliquis</em></span> <span class='ocrx_word' id='word_1_200' title='bbox 517 2777 730 2858; x_wconf 80' lang='lat' dir='ltr'><em>neglegentiis</em></span> <span class='ocrx_word' id='word_1_201' title='bbox 751 2776 913 2836; x_wconf 85' lang='lat' dir='ltr'><em>iudicibus</em></span> <span class='ocrx_word' id='word_1_202' title='bbox 930 2777 1092 2836; x_wconf 90' lang='lat' dir='ltr'><em>emendari</em></span> <span class='ocrx_word' id='word_1_203' title='bbox 1118 2777 1209 2852; x_wconf 90' lang='lat' dir='ltr'><em>solet,</em></span> <span class='ocrx_word' id='word_1_204' title='bbox 1233 2783 1265 2834; x_wconf 90' lang='lat' dir='ltr'><em>et</em></span> <span class='ocrx_word' id='word_1_205' title='bbox 1285 2771 1329 2830; x_wconf 87' lang='lat' dir='ltr'><em>ab</em></span> 
     </span>
     <span class='ocr_line' id='line_1_29' title="bbox 193 2854 1325 2941; baseline -0.004 -23"><span class='ocrx_word' id='word_1_206' title='bbox 193 2857 270 2938; x_wconf 87' lang='lat' dir='ltr'><em>ipsis</em></span> <span class='ocrx_word' id='word_1_207' title='bbox 291 2858 518 2920; x_wconf 86' lang='lat' dir='ltr'><em>Sacerdotibus</em></span> <span class='ocrx_word' id='word_1_208' title='bbox 538 2859 771 2941; x_wconf 88' lang='lat' dir='ltr'><em>poenitentiam</em></span> <span class='ocrx_word' id='word_1_209' title='bbox 788 2859 880 2919; x_wconf 79' lang='lat' dir='ltr'><em>iuxta</em></span> <span class='ocrx_word' id='word_1_210' title='bbox 903 2858 1032 2919; x_wconf 90' lang='lat' dir='ltr'><em>modum</em></span> <span class='ocrx_word' id='word_1_211' title='bbox 1050 2860 1167 2939; x_wconf 83' lang='lat' dir='ltr'><em>culpae</em></span> <span class='ocrx_word' id='word_1_212' title='bbox 1178 2854 1325 2937; x_wconf 83' lang='lat' dir='ltr'><em>accipiat.</em></span> 
     </span>
     <span class='ocr_line' id='line_1_30' title="bbox 193 2936 1326 3024; baseline -0.008 -21"><span class='ocrx_word' id='word_1_213' title='bbox 193 2942 351 3003; x_wconf 87' lang='lat' dir='ltr'><em>Similiter</em></span> <span class='ocrx_word' id='word_1_214' title='bbox 366 2951 398 3003; x_wconf 89' lang='lat' dir='ltr'><em>et</em></span> <span class='ocrx_word' id='word_1_215' title='bbox 413 2941 452 3002; x_wconf 89' lang='lat' dir='ltr'><em>de</em></span> <span class='ocrx_word' id='word_1_216' title='bbox 464 2941 645 3023; x_wconf 84' lang='lat' dir='ltr'><em>praecipuis</em></span> <span class='ocrx_word' id='word_1_217' title='bbox 658 2941 885 3002; x_wconf 86' lang='lat' dir='ltr'><em>festivitatibus</em></span> <span class='ocrx_word' id='word_1_218' title='bbox 896 2942 1059 3002; x_wconf 86' lang='lat' dir='ltr'><em>observari</em></span> <span class='ocrx_word' id='word_1_219' title='bbox 1074 2940 1205 3024; x_wconf 87' lang='lat' dir='ltr'><em>placuit.</em></span> <span class='ocrx_word' id='word_1_220' title='bbox 1228 2936 1326 3014; x_wconf 89' lang='lat' dir='ltr'><em>Quod</em></span> 
     </span>
     <span class='ocr_line' id='line_1_31' title="bbox 192 3017 1328 3104; baseline -0.005 -20"><span class='ocrx_word' id='word_1_221' title='bbox 192 3023 220 3084; x_wconf 91' lang='lat' dir='ltr'><em>si</em></span> <span class='ocrx_word' id='word_1_222' title='bbox 241 3025 429 3086; x_wconf 85' lang='lat' dir='ltr'><em>Sacerdotes</em></span> <span class='ocrx_word' id='word_1_223' title='bbox 451 3044 504 3084; x_wconf 89' lang='lat' dir='ltr'><em>eos</em></span> <span class='ocrx_word' id='word_1_224' title='bbox 526 3023 736 3104; x_wconf 88' lang='lat' dir='ltr'><em>nequiverint</em></span> <span class='ocrx_word' id='word_1_225' title='bbox 756 3024 932 3104; x_wconf 74' lang='lat' dir='ltr'><em>corripere,</em></span> <span class='ocrx_word' id='word_1_226' title='bbox 955 3033 1034 3084; x_wconf 93' lang='lat' dir='ltr'><em>tunc</em></span> <span class='ocrx_word' id='word_1_227' title='bbox 1061 3021 1264 3084; x_wconf 77' lang='lat' dir='ltr'><em>diudicibus</em></span> <span class='ocrx_word' id='word_1_228' title='bbox 1285 3017 1328 3078; x_wconf 88' lang='lat' dir='ltr'><em>ad</em></span> 
     </span>
     <span class='ocr_line' id='line_1_32' title="bbox 192 3103 1283 3190; baseline -0.005 -24"><span class='ocrx_word' id='word_1_229' title='bbox 192 3107 382 3168; x_wconf 88' lang='lat' dir='ltr'><em>Sacerdotes</em></span> <span class='ocrx_word' id='word_1_230' title='bbox 398 3106 611 3185; x_wconf 85' lang='lat' dir='ltr'><em>adducantur,</em></span> <span class='ocrx_word' id='word_1_231' title='bbox 634 3105 746 3190; x_wconf 88' lang='lat' dir='ltr'><em>eisque</em></span> <span class='ocrx_word' id='word_1_232' title='bbox 767 3106 899 3167; x_wconf 89' lang='lat' dir='ltr'><em>obedire</em></span> <span class='ocrx_word' id='word_1_233' title='bbox 924 3106 957 3166; x_wconf 91' lang='lat' dir='ltr'><em>in</em></span> <span class='ocrx_word' id='word_1_234' title='bbox 984 3107 1133 3170; x_wconf 89' lang='lat' dir='ltr'><em>omnibus</em></span> <span class='ocrx_word' id='word_1_235' title='bbox 1153 3103 1283 3165; x_wconf 84' lang='lat' dir='ltr'><em>iaciant.</em></span> 
     </span>
    </p>
   </div>
   <div class='ocr_carea' id='block_1_8' title="bbox 298 3233 1213 3319">
    <p class='ocr_par' dir='ltr' id='par_1_10' title="bbox 298 3233 1213 3319">
     <span class='ocr_line' id='line_1_33' title="bbox 298 3233 1213 3319; baseline 0.001 -25"><span class='ocrx_word' id='word_1_236' title='bbox 298 3235 347 3294; x_wconf 88' lang='lat' dir='ltr'><em>De</em></span> <span class='ocrx_word' id='word_1_237' title='bbox 368 3255 406 3295; x_wconf 88' lang='lat' dir='ltr'><em>eo</em></span> <span class='ocrx_word' id='word_1_238' title='bbox 424 3236 480 3318; x_wconf 87' lang='lat' dir='ltr'><em>qui</em></span> <span class='ocrx_word' id='word_1_239' title='bbox 495 3233 584 3316; x_wconf 85' lang='lat' dir='ltr'><em>iufra</em></span> <span class='ocrx_word' id='word_1_240' title='bbox 606 3255 734 3314; x_wconf 76' lang='lat' dir='ltr'><em>regnum</em></span> <span class='ocrx_word' id='word_1_241' title='bbox 752 3255 813 3318; x_wconf 85' lang='lat' dir='ltr'><em>per</em></span> <span class='ocrx_word' id='word_1_242' title='bbox 835 3237 895 3295; x_wconf 81' lang='lat' dir='ltr'><em>vim</em></span> <span class='ocrx_word' id='word_1_243' title='bbox 917 3234 1043 3316; x_wconf 84' lang='lat' dir='ltr'><em>aliquid</em></span> <span class='ocrx_word' id='word_1_244' title='bbox 1062 3237 1213 3319; x_wconf 80' lang='lat' dir='ltr'><em>rapuerit.</em></span> 
     </span>
    </p>
   </div>
   <div class='ocr_carea' id='block_1_9' title="bbox 194 3335 1338 4336">
    <p class='ocr_par' dir='ltr' id='par_1_11' title="bbox 194 3335 1338 4336">
     <span class='ocr_line' id='line_1_34' title="bbox 276 3335 1333 3423; baseline -0.003 -21"><span class='ocrx_word' id='word_1_245' title='bbox 276 3339 454 3402; x_wconf 84' lang='lat' dir='ltr'><strong>CCCXLI.</strong></span> <span class='ocrx_word' id='word_1_246' title='bbox 496 3335 621 3422; x_wconf 90' lang='lat' dir='ltr'><em>Siquis</em></span> <span class='ocrx_word' id='word_1_247' title='bbox 642 3340 676 3398; x_wconf 96' lang='lat' dir='ltr'><em>in</em></span> <span class='ocrx_word' id='word_1_248' title='bbox 694 3341 840 3400; x_wconf 83' lang='lat' dir='ltr'><em>exercitu</em></span> <span class='ocrx_word' id='word_1_249' title='bbox 860 3340 944 3402; x_wconf 87' lang='lat' dir='ltr'><em>infra</em></span> <span class='ocrx_word' id='word_1_250' title='bbox 969 3361 1105 3423; x_wconf 82' lang='lat' dir='ltr'><em>regnum</em></span> <span class='ocrx_word' id='word_1_251' title='bbox 1126 3342 1197 3402; x_wconf 88' lang='lat' dir='ltr'><em>sine</em></span> <span class='ocrx_word' id='word_1_252' title='bbox 1215 3339 1333 3400; x_wconf 88' lang='lat' dir='ltr'><em>iussio-</em></span> 
     </span>
     <span class='ocr_line' id='line_1_35' title="bbox 194 3422 1330 3506; baseline -0.005 -20"><span class='ocrx_word' id='word_1_253' title='bbox 194 3446 236 3486; x_wconf 88' lang='lat' dir='ltr'><em>ne</em></span> <span class='ocrx_word' id='word_1_254' title='bbox 270 3423 429 3485; x_wconf 86' lang='lat' dir='ltr'><em>dominiea</em></span> <span class='ocrx_word' id='word_1_255' title='bbox 458 3444 517 3504; x_wconf 91' lang='lat' dir='ltr'><em>per</em></span> <span class='ocrx_word' id='word_1_256' title='bbox 558 3423 623 3487; x_wconf 92' lang='lat' dir='ltr'><em>vim</em></span> <span class='ocrx_word' id='word_1_257' title='bbox 652 3422 803 3494; x_wconf 83' lang='lat' dir='ltr'><em>hostilem</em></span> <span class='ocrx_word' id='word_1_258' title='bbox 827 3424 953 3505; x_wconf 86' lang='lat' dir='ltr'><em>aliquid</em></span> <span class='ocrx_word' id='word_1_259' title='bbox 987 3425 1134 3506; x_wconf 89' lang='lat' dir='ltr'><em>praedari</em></span> <span class='ocrx_word' id='word_1_260' title='bbox 1166 3423 1330 3500; x_wconf 82' lang='lat' dir='ltr'><em>voluerit,</em></span> 
     </span>
     <span class='ocr_line' id='line_1_36' title="bbox 194 3505 1329 3587; baseline -0.006 -19"><span class='ocrx_word' id='word_1_261' title='bbox 194 3517 249 3568; x_wconf 87' lang='lat' dir='ltr'><em>aut</em></span> <span class='ocrx_word' id='word_1_262' title='bbox 270 3508 403 3568; x_wconf 86' lang='lat' dir='ltr'><em>foenum</em></span> <span class='ocrx_word' id='word_1_263' title='bbox 422 3508 537 3566; x_wconf 88' lang='lat' dir='ltr'><em>tollere</em></span> <span class='ocrx_word' id='word_1_264' title='bbox 568 3512 623 3566; x_wconf 86' lang='lat' dir='ltr'><em>aut</em></span> <span class='ocrx_word' id='word_1_265' title='bbox 650 3527 795 3586; x_wconf 79' lang='lat' dir='ltr'><em>granum,</em></span> <span class='ocrx_word' id='word_1_266' title='bbox 818 3505 885 3568; x_wconf 92' lang='lat' dir='ltr'><em>sive</em></span> <span class='ocrx_word' id='word_1_267' title='bbox 912 3527 1029 3587; x_wconf 85' lang='lat' dir='ltr'><em>pecora</em></span> <span class='ocrx_word' id='word_1_268' title='bbox 1050 3507 1171 3566; x_wconf 84' lang='lat' dir='ltr'><em>maiora</em></span> <span class='ocrx_word' id='word_1_269' title='bbox 1193 3507 1247 3566; x_wconf 87' lang='lat' dir='ltr'><em>vel</em></span> <span class='ocrx_word' id='word_1_270' title='bbox 1271 3505 1329 3563; x_wconf 90' lang='lat' dir='ltr'><em>mi·</em></span> 
     </span>
     <span class='ocr_line' id='line_1_37' title="bbox 195 3587 1332 3670; baseline -0.006 -18"><span class='ocrx_word' id='word_1_271' title='bbox 195 3613 286 3667; x_wconf 89' lang='lat' dir='ltr'><em>nora,</em></span> <span class='ocrx_word' id='word_1_272' title='bbox 309 3590 484 3670; x_wconf 89' lang='lat' dir='ltr'><em>domosque</em></span> <span class='ocrx_word' id='word_1_273' title='bbox 507 3587 686 3667; x_wconf 77' lang='lat' dir='ltr'><em>infringere</em></span> <span class='ocrx_word' id='word_1_274' title='bbox 709 3588 762 3649; x_wconf 91' lang='lat' dir='ltr'><em>vel</em></span> <span class='ocrx_word' id='word_1_275' title='bbox 782 3588 975 3666; x_wconf 86' lang='lat' dir='ltr'><em>incendere,</em></span> <span class='ocrx_word' id='word_1_276' title='bbox 997 3587 1078 3649; x_wconf 89' lang='lat' dir='ltr'><em>baec</em></span> <span class='ocrx_word' id='word_1_277' title='bbox 1099 3611 1140 3649; x_wconf 89' lang='lat' dir='ltr'><em>ne</em></span> <span class='ocrx_word' id='word_1_278' title='bbox 1162 3589 1238 3647; x_wconf 87' lang='lat' dir='ltr'><em>fiant</em></span> <span class='ocrx_word' id='word_1_279' title='bbox 1264 3609 1332 3647; x_wconf 87' lang='lat' dir='ltr'><em>om·</em></span> 
     </span>
     <span class='ocr_line' id='line_1_38' title="bbox 195 3669 1334 3754; baseline -0.006 -19"><span class='ocrx_word' id='word_1_280' title='bbox 195 3676 275 3735; x_wconf 91' lang='lat' dir='ltr'><em>nino</em></span> <span class='ocrx_word' id='word_1_281' title='bbox 286 3671 500 3754; x_wconf 89' lang='lat' dir='ltr'><em>prohibemus.</em></span> <span class='ocrx_word' id='word_1_282' title='bbox 524 3671 621 3746; x_wconf 89' lang='lat' dir='ltr'><em>Quod</em></span> <span class='ocrx_word' id='word_1_283' title='bbox 634 3669 659 3729; x_wconf 93' lang='lat' dir='ltr'><em>si</em></span> <span class='ocrx_word' id='word_1_284' title='bbox 677 3669 716 3730; x_wconf 89' lang='lat' dir='ltr'><em>ab</em></span> <span class='ocrx_word' id='word_1_285' title='bbox 735 3670 846 3750; x_wconf 90' lang='lat' dir='ltr'><em>aliquo</em></span> <span class='ocrx_word' id='word_1_286' title='bbox 861 3671 1113 3752; x_wconf 86' lang='lat' dir='ltr'><em>praesumptioso</em></span> <span class='ocrx_word' id='word_1_287' title='bbox 1127 3672 1246 3732; x_wconf 85' lang='lat' dir='ltr'><em>factum</em></span> <span class='ocrx_word' id='word_1_288' title='bbox 1259 3672 1334 3730; x_wconf 84' lang='lat' dir='ltr'><em>fne-</em></span> 
     </span>
     <span class='ocr_line' id='line_1_39' title="bbox 194 3751 1331 3836; baseline -0.007 -19"><span class='ocrx_word' id='word_1_289' title='bbox 194 3757 248 3831; x_wconf 91' lang='lat' dir='ltr'><em>rit,</em></span> <span class='ocrx_word' id='word_1_290' title='bbox 270 3754 434 3836; x_wconf 78' lang='lat' dir='ltr'><em>sexaginta</em></span> <span class='ocrx_word' id='word_1_291' title='bbox 459 3752 582 3829; x_wconf 89' lang='lat' dir='ltr'><em>solidis,</em></span> <span class='ocrx_word' id='word_1_292' title='bbox 606 3751 632 3812; x_wconf 93' lang='lat' dir='ltr'><em>si</em></span> <span class='ocrx_word' id='word_1_293' title='bbox 651 3753 736 3814; x_wconf 88' lang='lat' dir='ltr'><em>liber</em></span> <span class='ocrx_word' id='word_1_294' title='bbox 761 3763 818 3829; x_wconf 90' lang='lat' dir='ltr'><em>est,</em></span> <span class='ocrx_word' id='word_1_295' title='bbox 841 3754 882 3814; x_wconf 91' lang='lat' dir='ltr'><em>sit</em></span> <span class='ocrx_word' id='word_1_296' title='bbox 904 3753 1086 3836; x_wconf 89' lang='lat' dir='ltr'><em>culpabilis,</em></span> <span class='ocrx_word' id='word_1_297' title='bbox 1109 3763 1141 3813; x_wconf 90' lang='lat' dir='ltr'><em>et</em></span> <span class='ocrx_word' id='word_1_298' title='bbox 1162 3754 1269 3814; x_wconf 86' lang='lat' dir='ltr'><em>ornnia</em></span> <span class='ocrx_word' id='word_1_299' title='bbox 1289 3751 1331 3812; x_wconf 92' lang='lat' dir='ltr'><em>si-</em></span> 
     </span>
     <span class='ocr_line' id='line_1_40' title="bbox 194 3835 1331 3919; baseline -0.007 -20"><span class='ocrx_word' id='word_1_300' title='bbox 194 3839 285 3899; x_wconf 85' lang='lat' dir='ltr'><em>milia</em></span> <span class='ocrx_word' id='word_1_301' title='bbox 302 3838 459 3914; x_wconf 86' lang='lat' dir='ltr'><em>restituat,</em></span> <span class='ocrx_word' id='word_1_302' title='bbox 483 3844 626 3895; x_wconf 87' lang='lat' dir='ltr'><em>autenm</em></span> <span class='ocrx_word' id='word_1_303' title='bbox 647 3835 819 3896; x_wconf 88' lang='lat' dir='ltr'><em>duodecim</em></span> <span class='ocrx_word' id='word_1_304' title='bbox 832 3835 966 3896; x_wconf 88' lang='lat' dir='ltr'><em>testibus</em></span> <span class='ocrx_word' id='word_1_305' title='bbox 984 3857 1016 3896; x_wconf 89' lang='lat' dir='ltr'><em>se</em></span> <span class='ocrx_word' id='word_1_306' title='bbox 1034 3845 1159 3919; x_wconf 74' lang='lat' dir='ltr'><em>purget.</em></span> <span class='ocrx_word' id='word_1_307' title='bbox 1201 3835 1235 3895; x_wconf 90' lang='lat' dir='ltr'><em>Si</em></span> <span class='ocrx_word' id='word_1_308' title='bbox 1250 3855 1331 3896; x_wconf 90' lang='lat' dir='ltr'><em>vero</em></span> 
     </span>
     <span class='ocr_line' id='line_1_41' title="bbox 195 3917 1332 3999; baseline -0.009 -15"><span class='ocrx_word' id='word_1_309' title='bbox 195 3943 307 3984; x_wconf 90' lang='lat' dir='ltr'><em>servus</em></span> <span class='ocrx_word' id='word_1_310' title='bbox 326 3919 387 3981; x_wconf 91' lang='lat' dir='ltr'><em>hoc</em></span> <span class='ocrx_word' id='word_1_311' title='bbox 405 3918 531 3999; x_wconf 82' lang='lat' dir='ltr'><em>fecerit,</em></span> <span class='ocrx_word' id='word_1_312' title='bbox 554 3917 682 3998; x_wconf 90' lang='lat' dir='ltr'><em>capitali</em></span> <span class='ocrx_word' id='word_1_313' title='bbox 700 3917 828 3978; x_wconf 89' lang='lat' dir='ltr'><em>crimini</em></span> <span class='ocrx_word' id='word_1_314' title='bbox 846 3919 1018 3996; x_wconf 87' lang='lat' dir='ltr'><em>subiaceat,</em></span> <span class='ocrx_word' id='word_1_315' title='bbox 1042 3928 1073 3979; x_wconf 89' lang='lat' dir='ltr'><em>et</em></span> <span class='ocrx_word' id='word_1_316' title='bbox 1094 3917 1242 3978; x_wconf 89' lang='lat' dir='ltr'><em>dominus</em></span> <span class='ocrx_word' id='word_1_317' title='bbox 1259 3939 1332 3976; x_wconf 91' lang='lat' dir='ltr'><em>om-</em></span> 
     </span>
     <span class='ocr_line' id='line_1_42' title="bbox 197 4000 1334 4081; baseline -0.006 -17"><span class='ocrx_word' id='word_1_318' title='bbox 197 4005 251 4064; x_wconf 87' lang='lat' dir='ltr'><em>nia</em></span> <span class='ocrx_word' id='word_1_319' title='bbox 272 4003 387 4065; x_wconf 89' lang='lat' dir='ltr'><em>similia</em></span> <span class='ocrx_word' id='word_1_320' title='bbox 408 4000 565 4077; x_wconf 85' lang='lat' dir='ltr'><em>restituat,</em></span> <span class='ocrx_word' id='word_1_321' title='bbox 582 4000 796 4081; x_wconf 88' lang='lat' dir='ltr'><em>quiaservum</em></span> <span class='ocrx_word' id='word_1_322' title='bbox 813 4023 907 4061; x_wconf 91' lang='lat' dir='ltr'><em>snum</em></span> <span class='ocrx_word' id='word_1_323' title='bbox 925 4021 989 4060; x_wconf 93' lang='lat' dir='ltr'><em>non</em></span> <span class='ocrx_word' id='word_1_324' title='bbox 1011 4001 1163 4080; x_wconf 77' lang='lat' dir='ltr'><em>correxit,</em></span> <span class='ocrx_word' id='word_1_325' title='bbox 1186 4021 1334 4059; x_wconf 85' lang='lat' dir='ltr'><em>neocas-</em></span> 
     </span>
     <span class='ocr_line' id='line_1_43' title="bbox 197 4081 1337 4166; baseline -0.005 -18"><span class='ocrx_word' id='word_1_326' title='bbox 197 4086 315 4148; x_wconf 80' lang='lat' dir='ltr'><em>todivit</em></span> <span class='ocrx_word' id='word_1_327' title='bbox 335 4095 371 4144; x_wconf 86' lang='lat' dir='ltr'><em>ut</em></span> <span class='ocrx_word' id='word_1_328' title='bbox 393 4085 469 4152; x_wconf 82' lang='lat' dir='ltr'><em>talia</em></span> <span class='ocrx_word' id='word_1_329' title='bbox 492 4105 556 4143; x_wconf 91' lang='lat' dir='ltr'><em>non</em></span> <span class='ocrx_word' id='word_1_330' title='bbox 584 4092 804 4166; x_wconf 87' lang='lat' dir='ltr'><em>perpetraret;</em></span> <span class='ocrx_word' id='word_1_331' title='bbox 831 4081 989 4166; x_wconf 77' lang='lat' dir='ltr'><em>&#39;quoniam</em></span> <span class='ocrx_word' id='word_1_332' title='bbox 1006 4083 1031 4144; x_wconf 91' lang='lat' dir='ltr'><em>si</em></span> <span class='ocrx_word' id='word_1_333' title='bbox 1051 4084 1209 4162; x_wconf 88' lang='lat' dir='ltr'><em>nosipsos</em></span> <span class='ocrx_word' id='word_1_334' title='bbox 1228 4103 1337 4142; x_wconf 75' lang='lat' dir='ltr'><em>come-</em></span> 
     </span>
     <span class='ocr_line' id='line_1_44' title="bbox 197 4163 1338 4262; baseline -0.004 -32"><span class='ocrx_word' id='word_1_335' title='bbox 197 4170 311 4247; x_wconf 92' lang='lat' dir='ltr'><em>dimus,</em></span> <span class='ocrx_word' id='word_1_336' title='bbox 337 4167 401 4228; x_wconf 85' lang='lat' dir='ltr'><em>cito</em></span> <span class='ocrx_word' id='word_1_337' title='bbox 423 4167 619 4246; x_wconf 86' lang='lat' dir='ltr'><em>deficiemus.</em></span> <span class='ocrx_word' id='word_1_338' title='bbox 662 4166 892 4262; x_wconf 71' lang='lat' dir='ltr'><em>Unusquisque</em></span> <span class='ocrx_word' id='word_1_339' title='bbox 908 4175 1015 4226; x_wconf 86' lang='lat' dir='ltr'><em>tamen</em></span> <span class='ocrx_word' id='word_1_340' title='bbox 1034 4167 1192 4226; x_wconf 90' lang='lat' dir='ltr'><em>custodiat</em></span> <span class='ocrx_word' id='word_1_341' title='bbox 1209 4163 1338 4228; x_wconf 80' lang='lat' dir='ltr'><em>exerci-</em></span> 
     </span>
     <span class='ocr_line' id='line_1_45' title="bbox 196 4248 1165 4336; baseline -0.005 -22"><span class='ocrx_word' id='word_1_342' title='bbox 196 4261 267 4314; x_wconf 88' lang='lat' dir='ltr'><em>tum</em></span> <span class='ocrx_word' id='word_1_343' title='bbox 287 4273 391 4332; x_wconf 89' lang='lat' dir='ltr'><em>suum,</em></span> <span class='ocrx_word' id='word_1_344' title='bbox 418 4271 459 4312; x_wconf 89' lang='lat' dir='ltr'><em>ne</em></span> <span class='ocrx_word' id='word_1_345' title='bbox 483 4251 591 4334; x_wconf 88' lang='lat' dir='ltr'><em>aliqua</em></span> <span class='ocrx_word' id='word_1_346' title='bbox 608 4248 815 4336; x_wconf 86' lang='lat' dir='ltr'><em>depraedatio</em></span> <span class='ocrx_word' id='word_1_347' title='bbox 837 4250 923 4310; x_wconf 82' lang='lat' dir='ltr'><em>inira</em></span> <span class='ocrx_word' id='word_1_348' title='bbox 942 4270 1079 4334; x_wconf 81' lang='lat' dir='ltr'><em>regnum</em></span> <span class='ocrx_word' id='word_1_349' title='bbox 1103 4249 1165 4310; x_wconf 88' lang='lat' dir='ltr'><em>fiat.</em></span> 
     </span>
    </p>
   </div>
   <div class='ocr_carea' id='block_1_10' title="bbox 0 0 1480 4980">
    <p class='ocr_par' dir='ltr' id='par_1_12' title="bbox 0 0 1480 4980">
     <span class='ocr_line' id='line_1_46' title="bbox 0 0 1480 4980; baseline 0 0"><span class='ocrx_word' id='word_1_350' title='bbox 0 0 1480 4980; x_wconf 95' lang='lat' dir='ltr'><em> </em></span> 
     </span>
    </p>
   </div>
  </div>
 </body>
</html>
