2910 4986
167 277 240 354 tos
617 277 918 363 vcrnururnruuu

167 463 266 517 amus,
288 439 344 504 sed
359 439 457 526 magis
471 439 625 504 benivolo
641 444 783 508 caritatis
798 444 905 504 auimo
916 442 1075 526 suscipiat.
1116 444 1195 506 Nam
1215 444 1297 524 legi-

163 546 237 585 mus
258 523 292 582 in
315 544 490 606 regnorum
505 523 597 588 libris
618 528 780 608 quomodo
804 537 932 589 sanctus
955 525 1053 588 Iosias
1079 547 1215 608 regnum
1235 527 1296 586 sihi

166 607 271 668 leeo
289 605 399 668 datum
416 607 666 686 circumeundo,
689 608 900 692 corrigendo,
923 609 1146 686 admonendo,
1168 611 1207 671 ad
1225 611 1296 668 cul-

165 698 234 749 tum
260 686 329 751 veri
356 688 419 750 Dei
445 689 569 760 studuit
598 713 761 754 revocare.
801 693 873 752 Non
906 699 941 752 ut
967 712 1017 751 me
1043 691 1112 752 eius
1137 693 1296 753 sanctitati

166 770 441 853 aequiparabilem
453 771 586 850 faciam,
609 773 666 835 sed
679 774 765 857 quod
787 774 879 836 nobis
893 773 958 835 sint
971 773 1092 854 ubique
1106 775 1297 836 Sanctorum

164 873 292 934 semper
309 854 457 936 exempla
471 857 656 936 sequenda,
679 865 711 919 et
727 877 939 939 quoscunque
958 856 1150 937 poterimus,
1170 859 1209 916 ad
1228 866 1298 918 stu-

165 936 255 994 dium
266 935 371 999 bonae
388 936 474 999 vitae
491 936 525 996 in
543 938 673 1000 laudern
690 949 723 1000 et
743 940 776 999 in
798 939 933 1021 gloriam
949 939 1080 999 Domini
1099 939 1201 999 nostri
1221 940 1298 1001 lesu

165 1016 285 1086 Christi
303 1039 498 1102 congregare
523 1041 651 1082 necesse
672 1031 727 1082 cst.
770 1025 994 1104 Quapropter,
1017 1031 1053 1082 ut
1068 1021 1296 1103 praediximus,

165 1099 273 1182 aliqua
291 1101 440 1183 Capitula
457 1109 570 1162 notare
591 1103 756 1180 iussimus,
779 1113 815 1164 ut
833 1106 928 1166 simul
945 1103 1024 1164 haec
1044 1104 1155 1164 eadem
1174 1125 1229 1163 vos
1245 1103 1298 1164 ad-

163 1203 296 1245 monere
322 1183 494 1259 studeatis,
524 1193 558 1243 et
583 1207 798 1268 quaecunque
828 1187 914 1248 vobis
944 1186 1005 1246 alia
1030 1186 1207 1248 necessaria
1228 1205 1295 1246 esse

164 1265 269 1341 scitis,
291 1275 327 1326 ut
344 1276 376 1327 et
390 1266 450 1328 ista
467 1275 499 1327 et
512 1265 570 1326 illa
587 1269 716 1348 aequali
732 1269 913 1330 intentione
927 1267 1122 1351 praedicetis
1129 1293 1138 1338 ς
1161 1290 1220 1327 nec
1240 1267 1296 1326 ali-

164 1346 245 1428 quid
273 1348 362 1442 quod
393 1357 517 1410 vestrae
545 1351 708 1411 sanctitati
735 1352 922 1433 populoque
947 1349 1010 1412 Dei
1039 1349 1119 1410 utile
1149 1350 1294 1425 videtur,

166 1428 315 1491 omittatis
332 1439 368 1490 ut
385 1429 440 1512 pio
461 1429 566 1490 studio
584 1452 649 1492 nou
667 1433 884 1504 admoneatis;
906 1441 1064 1516 quatenus
1081 1442 1117 1491 ut
1136 1440 1168 1492 et
1189 1441 1296 1492 vestra

164 1510 295 1571 solertia
315 1521 347 1572 et
369 1510 588 1574 subiectorum
609 1514 793 1578 ohedientia
811 1517 939 1577 aeternat
960 1514 1115 1575 felicitate
1135 1515 1175 1574 ab
1190 1513 1295 1575 omni·

163 1602 295 1674 potente
312 1596 383 1656 Deo
401 1603 638 1657 remuneretur.

245 1703 396 1773 Exrrr'crr
443 1715 762 1856 resrrsrroIDouur
793 1713 919 1773 Kanum
960 1733 1213 1776 rnarcnaurssrur

637 1815 839 1857 urunsrorus.

270 1967 430 2030 luctemur
454 1988 677 2030 surrsscutrrs
698 1969 858 2030 Castrum
879 1989 916 2028 ET
939 1989 1045 2029 EORUM
1069 1986 1195 2028 textus.

261 2080 325 2142 'De
346 2083 394 2142 lu's
410 2085 466 2166 qui
480 2085 518 2145 ab
539 2082 695 2168 Episcopo
713 2085 847 2167 proprio
867 2083 1184 2146 excommunicantur.

247 2223 271 2280 Ῑ·
313 2189 411 2307 Sunt
427 2247 514 2309 enim
533 2246 655 2328 aliqui,
678 2247 755 2329 qui,
777 2247 880 2331 culpis
904 2246 1127 2330 exigentibus,
1149 2245 1187 2306 ah
1206 2246 1295 2329 Epis·

127 2329 130 2340 '
164 2351 245 2410 copo
261 2325 393 2411 proprio
415 2329 755 2406 excommunicantur,
778 2341 810 2392 et
835 2331 873 2391 als
899 2330 970 2392 aliis
997 2328 1219 2391 ecclesiasticis
1242 2329 1294 2388 vel

164 2411 254 2473 laicis
289 2411 542 2493 praesumptiose
578 2413 612 2471 in
645 2415 905 2476 communionem
934 2411 1147 2493 accipiuntur.
1197 2411 1294 2486 Quod
1366 2417 1368 2420 ’

165 2493 297 2554 omnino
313 2503 459 2555 sanctum
471 2495 649 2556 Nicaenum
663 2495 856 2571 Concilium,
868 2495 963 2556 simul
975 2502 1007 2556 et
1017 2492 1294 2568 Chalcedonense,

166 2597 293 2636 necnon
322 2585 354 2636 et
370 2576 635 2657 Antiochenam,
665 2586 760 2660 atque
784 2578 992 2654 sardicense,
1019 2575 1090 2638 lieri
1109 2573 1293 2658 prohibent.

167 2658 301 2744 Capitol.
318 2660 346 2722 Ι.
367 2682 394 2719 u.
418 2660 487 2742 789.
511 2681 537 2720 c.
563 2683 588 2720 1.

419 2766 468 2827 De
488 2767 536 2825 tis
551 2769 606 2847 qui
621 2766 666 2827 ad
684 2766 896 2827 ordinandum
910 2769 1049 2827 ueniunt.

249 2872 293 2934 ll.
336 2873 418 2934 Item
436 2882 472 2947 c)
500 2873 638 2934 habetur
664 2875 697 2934 in
720 2875 833 2934 codem
853 2873 1018 2948 Concilio,
1041 2881 1077 2932 ut
1102 2893 1213 2932 eorum
1237 2872 1295 2952 qui

166 2957 205 3016 ad
221 2956 438 3016 ordinandum
457 2956 613 3034 veniunt,
635 2956 714 3017 fides
736 2966 767 3016 et
784 2957 850 3016 vita
870 2957 959 3037 prius
979 2956 1018 3014 ab
1037 2955 1196 3038 Episcopo
1218 2955 1292 3016 dili-

166 3047 280 3120 genter
299 3038 531 3115 discutiantur,
554 3048 586 3098 et
602 3039 711 3122 postea
728 3038 932 3098 ordinentur.
973 3036 1057 3098 leid.
1079 3058 1145 3102 ca.

421 3148 470 3207 De
493 3147 623 3238 Clericis
637 3145 784 3227 fugitivis
805 3158 836 3205 et
852 3137 1037 3230 peregrinis.

248 3253 305 3312 Ill.
348 3255 429 3314 ltem
447 3255 480 3314 in
504 3256 617 3317 eodem
639 3253 808 3332 Concilio,
832 3273 958 3318 necnon
976 3261 1007 3312 et
1024 3251 1058 3310 in
1075 3249 1295 3324 Antiocheno,

167 3335 262 3396 simul
288 3344 320 3395 ct
340 3335 372 3393 in
395 3335 672 3414 Clialcedonensi,
698 3346 735 3396 ut
751 3335 883 3418 fugitivi
898 3334 1018 3396 Clerici
1036 3339 1069 3392 et
1089 3330 1256 3412 Peregrini
1279 3332 1296 3389 al

168 3417 260 3478 nullo
276 3416 477 3498 recipiantur
490 3441 549 3480 nec
571 3420 766 3480 ordinentur
779 3419 849 3480 sine
871 3413 1139 3478 commendatitiis
1161 3412 1296 3489 litteris,

168 3509 199 3560 et
220 3499 269 3560 sui
283 3499 435 3582 Episcopi
453 3501 650 3562 vel-Abbatis
666 3500 810 3562 licentia.
851 3499 934 3564 Ibid.
960 3520 985 3558 c.
1001 3500 1029 3560 5.

227 3607 276 3666 De
298 3607 495 3684 Presbyteris
505 3651 517 3679 ,
540 3607 752 3680 Diaconibus,
775 3609 898 3669 vellis
919 3608 1027 3690 quiin
1050 3605 1142 3666 Clero
1164 3616 1243 3664 sunt.

247 3711 304 3774 IV.
347 3711 430 3774 ltem
450 3713 483 3772 in
501 3711 613 3773 eadem
625 3712 748 3796 synodo
764 3713 972 3776 interdictum
991 3722 1038 3772 est
1053 3709 1251 3794 Presbyteris
1266 3719 1298 3769 et

167 3793 382 3872 Diaconilsus,
406 3795 458 3855 vel
474 3795 621 3856 omnibus
638 3796 695 3878 qui
712 3795 745 3855 in
764 3796 852 3856 clero
866 3804 960 3872 sunt,
975 3795 1145 3854 mulierem
1162 3791 1298 3868 (nond)

166 3876 284 3938 haltere
310 3878 344 3938 in
372 3879 468 3939 domo
493 3898 566 3952 sua,
595 3886 727 3960 propter
747 3876 963 3959 suspicionem
978 3922 996 3971 '.
1010 3877 1071 3936 nisi
1092 3884 1226 3934 matrem
1245 3882 1300 3932 aut

166 3981 331 4120 qqrcqrem,
351 3960 400 4025 vel
428 3981 479 4023 eas
506 3969 629 4022 tantum
645 3981 795 4046 personas
817 3979 897 4042 quae
910 3959 1110 4042 suspiciones
1132 3955 1298 4040 effugiunt.

166 4093 170 4104 .
206 4066 214 4100 1
243 4065 293 4103 .c.
333 4085 340 4104 .

168 4189 393 4202 m

203 4262 242 4322 c)
262 4255 295 4309 ul.
315 4271 373 4310 ntes.
393 4259 533 4320 Ituvem'm.
783 4256 802 4310 d
802 4264 823 4325 j
840 4257 922 4309 Deest
942 4257 970 4308 ln
991 4272 1043 4308 uno
1063 4253 1126 4306 cod.
1148 4269 1195 4304 ms.
