2926 4986
505 319 617 376 ucen
640 305 852 389 'sentinus
1201 293 1275 371 729

186 463 236 524 De
261 459 377 528 divinis
396 472 427 521 et
450 457 632 544 apostolicis
653 458 932 602 laquaca'wnl‘m
956 458 1092 524 decretis
1111 457 1239 518 nainttne

629 563 677 604 oto
692 563 732 602 an
758 563 794 607 ts.
821 569 823 576 ,

228 649 399 715 CCliLlV.
443 650 652 716 labemusut
676 657 720 716 ita
750 674 865 718 omnes
885 652 1006 717 divinis
1035 661 1068 715 et
1098 653 1280 736 apostolicis

142 733 430 798 constitutionibus
453 738 609 816 serviatis,
632 747 669 800 ut
691 739 725 798 in
748 739 842 798 nullo
862 737 1030 822 patiamini
1043 737 1097 822 pia
1110 739 1281 800 Cinonum

143 819 276 878 decreta
291 817 416 892 violari.
457 819 676 902 Praecipimus
697 821 793 883 etiam
817 831 854 882 ut
877 819 962 881 nulli
989 821 1037 882 fas
1060 819 1102 883 sit
1130 821 1200 882 sine
1220 829 1281 881 sta-

142 909 196 960 tus
218 899 456 981 suinpericulo,
486 903 539 972 vel
566 903 690 968 divinas
710 902 976 982 constitutiones,
1007 905 1059 968 vel
1084 903 1279 988 apostolicae

142 982 230 1046 sodis
254 982 382 1043 decreta
399 992 568 1052 temerare.
1092 1017 1095 1024 ¹

143 1089 195 1148 De
215 1085 512 1153 tis-Sacerdotibus
551 1093 586 1151 ui
613 1089 653 1153 de
674 1091 831 1158 Ecclesiis.
854 1089 900 1154 ad
921 1091 1082 1154 Ecclesias
1102 1093 1281 1153 inrationa-

165 1169 273 1230 biliter
293 1181 465 1251 transeunt,
481 1186 519 1234 -et
535 1173 579 1244 ¹de
593 1175 658 1236 illis
676 1178 732 1258 qui
748 1178 781 1236 in
798 1177 868 1238 loco
890 1196 997 1237 eorum
1018 1186 1091 1236 sunt
1103 1173 1257 1236 ordmati.

229 1274 389 1342 CCXLV.
411 1279 598 1340 'Sancitum
632 1291 741 1342 estut
767 1280 818 1342 illi
849 1279 1037 1343 Sacerdotes
1056 1279 1115 1361 qni
1148 1279 1187 1340 de
1220 1279 1281 1340 Ec·

144 1357 253 1420 'clesiis
278 1359 318 1418 ad
339 1360 499 1422 Ecclesiae
520 1363 659 1444 migrant
684 1363 735 1425 vel
755 1365 989 1446 migraverunt,
1020 1371 1053 1424 et
1073 1383 1147 1426 suos
1168 1361 1280 1423 titulos

33 1521 36 1531 Ι
143 1441 263 1523 absque
279 1441 411 1503 licentia
431 1453 462 1506 ct
479 1465 639 1506 consensu
655 1447 805 1530 Episcopi
820 1447 988 1508 dimittunt
1006 1445 1058 1508 vel
1074 1443 1278 1520 dimiserunt,

145 1524 269 1588 tamdiu
289 1525 307 1584 b
330 1527 556 1590 communione
577 1527 759 1590 habeantur
781 1529 893 1609 alieni,
915 1527 1061 1611 quandiu
1089 1527 1130 1588 ad
1155 1549 1207 1588 eas
1230 1547 1282 1588 re·

145 1605 268 1668 diesint
287 1607 448 1670 Ecclesiae
465 1609 498 1670 in
527 1607 645 1692 quibus
662 1612 767 1693 primo
789 1621 875 1674 sunt*
895 1609 1074 1675 constituti.
1125 1609 1223 1687 Quod
1250 1606 1278 1671 si

145 1689 248 1763 alius,
277 1690 340 1750 alio
368 1693 636 1774 transmigrante,
667 1697 700 1754 in
729 1696 838 1757 locum
861 1692 1002 1756 viventis
1025 1691 1192 1754 ordinatus
1219 1699 1278 1767 est,

145 1771 268 1832 tamdiu
289 1783 392 1832 vacet*
409 1775 579 1835 sacerdotii
603 1777 758 1859 dignitate
780 1776 836 1857 qni
867 1799 957 1838 sicam
986 1774 1132 1836 deseruit
1161 1773 1279 1836 Eccle-

145 1853 243 1926 siam,
266 1849 598 1935 qnandiu'suecessor
627 1861 697 1922 eius
718 1861 863 1944 quiescat
886 1859 920 1920 in
943 1856 1095 1922 Domino.
1141 1854 1278 1940 Capitol.

145 1960 174 1996 α·
197 1938 266 2016 vtt-
290 1959 315 1996 c·
331 1938 360 2003 5.

147 2041 244 2126 'Quod
259 2044 447 2106 iniuriarum
473 2048 612 2108 actiones
633 2049 760 2116 nonnisi
777 2057 958 2132 praesentes
974 2049 1129 2108 -aecitsare
1144 2043 1279 2129 possint.

228 2148 401 2214 ccxcvi
445 2153 638 2214 Iniuriarum
658 2153 800 2215 actiones
821 2153 951 2214 nonnisi
975 2160 1159 2235 praesentes
1180 2170 1277 2211 accu-

145 2253 213 2295 sare
232 2243 382 2314 possunt.¹
420 2235 548 2296 Crimen
578 2238 666 2298 enim
693 2237 781 2320 quod
812 2235 973 2297 vindictae
1007 2244 1063 2296 aut
1095 2233 1278 2294 calumniae

144 2315 302 2384 iudicium
326 2327 483 2400 expectat,
503 2340 563 2401 per
584 2319 665 2380 alios
690 2319 817 2380 intendi
842 2340 907 2378 non
929 2325 1045 2402 potest.

269 2422 365 2505 Quod
375 2425 545 2484 amicitiam
558 2437 703 2508 protegat
718 2427 819 2486 omnis
834 2425 889 2506 qui
902 2443 965 2484 non
983 2419 1155 2482 contendit.

226 2526 436 2599 CCXLVH„
461 2531 575 2593 Omnis
591 2531 647 2614 qui
663 2553 726 2591 non
741 2529 919 2607 contendit,
935 2528 1076 2608 protegit
1095 2526 1275 2592 amicitiam.

142 2612 223 2675 Nam
249 2621 280 2672 et
298 2613 470 2696 Apostolus
492 2615 531 2675 ad
553 2614 738 2676 Corinthios
759 2613 891 2675 scribit:
922 2613 1000 2672 Cum
1020 2613 1084 2670 sint
1118 2612 1202 2670 inter
1223 2629 1275 2670 vos

143 2695 366 2756 cenzulntiones
385 2709 416 2756 et
444 2699 669 2772 contentiones,
690 2703 792 2757 nonne
814 2694 956 2755 carnales
977 2695 1073 2765 estis,
1107 2703 1139 2752 et
1165 2711 1276 2752 secun-

144 2777 220 2836 dum
245 2779 400 2838 Izonu'nem
423 2780 609 2840 embadalis?
629 2779 722 2840 Nihil
738 2797 798 2860 per
816 2776 1064 2853 contentionem,
1090 2794 1187 2858 neque
1218 2791 1279 2857 per

142 2861 265 2918 inanem
286 2859 442 2937 gloriam,
469 2859 527 2922 sed
551 2863 585 2921 in
604 2863 778 2922 bumilitate
799 2860 911 2919 mentis
941 2859 1072 2918 invicem
1112 2857 1276 2916 aestiman-

144 2953 189 3001 tes
221 2946 421 3027 semetipsos,
458 2965 522 3008 non
553 2963 610 3004 sua
640 2943 757 3023 singuli
789 2942 990 3026 respicientes
1027 2937 1087 3000 sed
1128 2939 1272 3000 aliorum.

146 3023 180 3082 V
178 3023 204 3082 I.
225 3025 295 3099 542.

148 3125 189 3188 Ut
214 3127 302 3212 qaod
323 3127 467 3189 Ecclesia
490 3130 657 3190 tricennali
675 3131 743 3190 iure
766 3129 963 3214 possederit,
994 3127 1075 3189 nielli
1097 3129 1191 3189 liceat
1218 3147 1277 3198 pro

143 3213 201 3272 boc
227 3210 374 3296 deinceps
404 3214 574 3296 appellare.
615 3211 659 3272 Et
681 3211 721 3271 de
743 3215 923 3294 raptoribus
950 3211 1112 3272 uiduarum
1135 3211 1190 3271 uel
1211 3211 1276 3271 vir-

224 3295 340 3372 ginum.
394 3293 437 3354 Et
450 3296 630 3377 utfeminoe
643 3296 741 3355 sacris
754 3296 907 3355 altaribus
922 3316 985 3356 non
1005 3297 1192 3358 nsinistrent.

226 3397 434 3462 CCXLVlll.
477 3401 641 3462 Statutum
666 3409 712 3460 est
734 3409 771 3459 ut
791 3400 957 3461 facultates
980 3399 1167 3476 Ecclesiae,
1199 3417 1259 3459 nec

143 3503 209 3544 non
233 3479 273 3544 et·
287 3483 449 3545 dioeceses
468 3503 548 3565 quae
574 3484 612 3542 ab
630 3482 792 3564 aliquibus
807 3482 1014 3564 possidentur
1036 3481 1277 3556 Sacerdotibus,

143 3565 215 3627 iure
237 3564 298 3626 sibi
327 3565 494 3626 vindicent
515 3567 603 3646 quod
628 3566 820 3625 tricennalia
846 3565 899 3624 lex
932 3563 1110 3642 conclusit,
1139 3574 1172 3624 et
1193 3564 1279 3621 ultra

141 3647 275 3730 triginta
296 3669 396 3708 annos
419 3648 503 3708 nulli
526 3649 622 3708 liceat
638 3667 700 3728 pro
724 3649 756 3709 id
777 3648 939 3730 appellare
966 3648 1061 3730 quod*
1075 3646 1184 3728 legum
1201 3655 1280 3704 tem-

142 3753 203 3815 pus
225 3729 371 3792 exclusit.
414 3729 584 3810 Simulque
608 3730 765 3791 sancitum
794 3737 841 3790 est
869 3737 903 3788 ut
934 3739 1079 3812 raptores
1105 3729 1279 3789 viduarum

143 3815 197 3872 vel
220 3813 381 3896 virginum
402 3813 440 3874 ab
461 3813 626 3874 Ecclesiae
649 3812 874 3873 conimunione
895 3813 1072 3893 pellantur.
1112 3812 1158 3874 Et,
1177 3817 1213 3868 ut
1233 3808 1279 3866 fe·

143 3895 249 3955 minae
263 3897 360 3957 sacris
383 3896 533 3957 altaribus
555 3916 619 3956 non
638 3896 832 3970 ministrent,
846 3895 899 3954 vel
916 3894 1041 3976 aliquid
1062 3914 1102 3954 ex
1123 3891 1174 3952 bis
1195 3910 1278 3973 quae

144 3976 290 4038 virorum
311 3988 387 4041 sunt
408 3979 522 4040 officiis
545 3979 697 4060 deputata
718 3982 933 4060 praesumant.

164 4084 213 4145 Dc
234 4082 395 4146 lodicibus
415 4097 527 4147 contra
547 4082 669 4224 Legem,
687 4081 917 4224 iuclbieantibus,
952 4094 983 4143 et
1005 4079 1118 4160 Legem
1144 4076 1256 4138 audire

612 4177 730 4226 noenta
754 4185 799 4224 us.
1045 4178 1047 4186 ⁴
1094 4180 1097 4192 ¹
1160 4193 1162 4196 ·

227 4193 401 4312 CEXLIX.
443 4248 638 4334 Quicunque
662 4248 767 4314 ludex
795 4247 914 4310 oblatas
940 4246 998 4310 sibi
1026 4244 1059 4306 in
1083 4242 1204 4309 iudicio
1228 4245 1277 4308 le-
