2926 4986
234 285 306 372 786
689 303 976 366 caerretanus

234 451 309 512 rint.
349 446 399 510 De
426 462 649 508 mensurarum
674 465 812 530 namque
840 443 1093 542 inaequalitate,
1120 453 1153 508 et
1180 444 1295 508 modiis
1311 447 1359 508 in·

232 531 326 593 iustis
355 538 387 590 et
418 525 581 603 sextariis,
604 547 687 608 quae
714 529 845 591 Domini
873 533 957 612 Lege
980 527 1359 612 haber1¹prohibeutur,

234 614 375 698 qualiter
394 630 445 673 res
466 609 507 670 ad
532 618 652 670 certam
678 613 912 674 correctionem
931 612 1065 695 perduci
1086 612 1196 694 possit,
1222 633 1287 674 non
1308 637 1342 674 sa
1446 631 1447 646 ¹

232 697 274 759 tis
298 693 466 779 perspicue
489 690 582 753 nobis
609 700 708 774 patet,
730 695 873 777 eoquod
897 695 930 754 in
958 694 1091 756 diversis
1109 694 1286 776 provinciis
1308 695 1360 756 di-

232 797 342 844 uersae
370 777 408 854 ab
431 774 578 836 omnibus
600 794 683 856 pene
705 775 894 855 habeantur,
943 778 1012 838 Hoc
1031 786 1138 836 tamen
1158 777 1260 838 modis
1290 801 1361 841 om·
1446 773 1447 780 ¹

233 862 328 923 nibus
348 868 493 955 optamus
506 866 538 918 et
557 857 774 937 admonemus,
796 870 832 921 ut
850 861 963 922 saltem
977 860 1087 920 nullus
1101 858 1248 941 duplices
1273 873 1362 923 men'·

233 965 322 1007 suras
347 963 380 1001 an
404 963 462 1002 sua
489 939 708 1002 dominatione
739 951 794 1002 ant
820 943 937 1004 habeat
958 951 1014 1002 aut
1032 941 1145 1002 baberi
1172 943 1359 1024 permittat,

232 1024 387 1110 quoniam
411 1022 471 1082 bac
495 1022 662 1086 occasione
688 1025 805 1089 multos
826 1046 984 1113 pauperes
1007 1023 1108 1108 affligi
1131 1022 1167 1084 in
1192 1025 1359 1111 plerisque

229 1108 313 1180 loeis
340 1103 560 1192 cognovimus.

519 1237 569 1297 De
597 1235 734 1322 diuersis
754 1239 907 1302 malorum
916 1236 1068 1325 flagitiis.

312 1343 408 1412 XXI.
430 1347 514 1408 Sunt
539 1367 616 1406 sane
645 1346 843 1409 diversorum
869 1347 1026 1408 malorum
1057 1353 1253 1429 patratores,
1275 1367 1358 1428 quos

230 1439 264 1494 et
279 1431 348 1494 Lex
366 1429 475 1491 divina
498 1427 654 1510 improbat
675 1440 706 1490 et
726 1431 936 1507 condemnat,
957 1452 1016 1513 pro
1034 1449 1172 1512 quorum
1195 1429 1293 1489 ctiam
1308 1431 1360 1490 di·

230 1514 331 1576 versis
346 1511 522 1574 sceleribus
536 1520 568 1572 et
587 1512 715 1593 flagitiis
736 1513 874 1595 populus
898 1513 981 1574 fame
999 1521 1031 1574 ct
1045 1510 1228 1592 pestilentia
1251 1511 1361 1594 flagel-

229 1597 337 1674 latur,
360 1606 391 1658 et
411 1594 574 1656 Ecclesiae
590 1605 688 1658 status
718 1595 914 1673 infirmatur,
936 1604 969 1656 et
988 1615 1126 1678 regnum
1146 1593 1360 1676 periclitatur.

228 1680 349 1742 Contra
366 1698 447 1760 quos
478 1697 536 1736 nos
560 1698 671 1738 eorum
697 1677 849 1740 malitiam
870 1687 1095 1759 exagerantes,
1117 1697 1302 1758 quanquam
1324 1678 1359 1736 in

226 1761 324 1824 sacris
348 1757 487 1840 eloquiis
510 1759 583 1820 satis
611 1760 676 1820 sint
702 1769 884 1838 exsecrata,
906 1759 1122 1821 necessarium
1141 1757 1360 1841 praevidimus

225 1844 346 1904 iterum
367 1850 474 1902 nostra
495 1842 713 1904 admonitione
736 1851 768 1905 et
798 1843 1021 1904 exhortatione
1042 1841 1228 1924 praecaveri
1250 1843 1358 1902 on'mi-

225 1933 435 2007 nooportere;
458 1922 832 1987 sicutsuntdiversarum
842 1925 1060 2006 pollutionum
1070 1932 1256 2006 patratores,
1276 1945 1358 2005 quas

224 2028 298 2069 cum
313 2005 461 2066 masculis
482 2016 513 2066 et
527 2007 696 2088 pecoribus
715 2007 866 2069 nonnulli
885 2006 1107 2069 diversissimis
1125 2006 1357 2067 modisadmit-

221 2098 399 2171 tunt,quae
410 2086 689 2170 incomparabilem
705 2087 1215 2172 dulcedinempiissi'miCreatoris
1225 2089 1358 2149 adama·

220 2171 400 2233 ritudinem
414 2180 635 2251 provocantes,
648 2181 735 2232 tanto
752 2173 876 2254 gravius
884 2173 1091 2254 delinquunt,
1110 2180 1230 2252 quanto
1241 2182 1358 2233 contra

203 2303 206 2310 .
221 2251 368 2316 naturam
377 2262 527 2336 peccant:
538 2275 668 2335 proquo
676 2254 771 2316 etiam
779 2256 900 2316 scelere
909 2254 985 2338 igne
999 2255 1130 2317 coelesti
1138 2251 1354 2336 conflagratae

186 2393 189 2398 .
220 2335 407 2417 infernique
427 2333 518 2395 hiatu
539 2335 704 2417 absorptae
726 2346 802 2398 sunt
823 2338 986 2415 civitates,
1010 2357 1136 2398 necnon
1159 2346 1191 2397 et
1211 2337 1360 2417 quadra-¹

219 2420 310 2504 ginta
330 2429 364 2479 et
384 2439 423 2479 eo
445 2417 581 2501 amplius
602 2420 704 2480 millia
726 2419 832 2502 stirpis
853 2417 1088 2502 Benjamineue'
1106 2439 1259 2479 mucrone
1287 2421 1356 2479 fra-

218 2513 313 2564 terno
335 2501 480 2561 confossa
501 2511 585 2562 sunt
626 2504 712 2564 Haec
731 2522 827 2583 porro
841 2502 962 2564 indicia
983 2511 1016 2564 et
1034 2501 1203 2564 evidentes
1221 2501 1354 2563 vindic·

216 2594 269 2646 tae
291 2584 458 2645 declarant
477 2605 573 2666 quam
594 2582 780 2646 detestabile
802 2594 835 2646 et
863 2584 1074 2664 exsecrabile¹
1091 2581 1178 2666 apud
1205 2583 1355 2646 divinam

218 2665 415 2730 maiestatem
434 2664 497 2728 hoc
518 2665 633 2727 vitium
655 2677 752 2733 extet.
791 2666 910 2728 Extant
940 2678 972 2729 et
992 2667 1055 2726 alia
1083 2665 1355 2750 perniciosissima

216 2749 322 2826 mala,
345 2768 427 2830 quae
450 2769 490 2810 ex
511 2747 578 2809 ritu
601 2749 782 2811 Gentilium
811 2750 1000 2811 remansisse
1030 2771 1096 2810 non
1126 2749 1259 2808 dubium
1282 2760 1350 2821 est;

216 2842 255 2894 ut
278 2841 353 2894 sunt
381 2830 484 2912 magi,
520 2831 632 2908 arioli,
654 2831 814 2914 sortilegi,
835 2832 992 2910 venefici,
1023 2831 1148 2909 divini,
1170 2831 1354 2892 incantato-

215 2935 286 2992 res,
307 2914 538 2976 somniatorum
557 2913 776 2992 coniectores,
805 2936 886 2996 quos
906 2915 1018 2976 divina
1037 2915 1104 2975 Lex
1125 2914 1352 2975 inretractabi-

215 2997 294 3058 liter
313 2994 423 3078 puniri
445 2994 546 3056 iubet.⁴
585 2997 633 3055 De
658 2997 775 3078 quibus
797 2997 830 3056 in
851 3000 937 3080 Lege
960 2997 1096 3058 dicitnr:
1123 2995 1238 3056 Anima
1270 3018 1352 3080 quae

216 3078 422 3140 declinaverit
443 3077 487 3138 ad
506 3099 612 3157 magos
633 3092 663 3138 et
681 3081 821 3157 ariolos,
851 3093 882 3140 ct
894 3080 1061 3161 fornicata
1073 3077 1178 3158 fiterit
1199 3083 1348 3157 cumeis,

213 3182 332 3246 ponam
345 3159 468 3240 faciem
488 3181 588 3220 meam
610 3168 720 3222 contr'n
740 3183 807 3222 eam
817 3207 828 3234 ,
852 3175 882 3222 et
903 3161 1093 3245 interficiam
1114 3161 1202 3220 illam
1222 3161 1262 3221 de
1284 3184 1355 3222 me-

216 3242 272 3304 dio
292 3243 404 3328 populi
424 3244 482 3302 sui.
524 3241 776 3324 Sanctificumini
796 3258 827 3305 et
847 3258 943 3304 estote
956 3246 1074 3316 sancti,
1098 3244 1172 3326 qnia
1186 3263 1241 3322 ego
1258 3265 1354 3304 sanc-

217 3339 266 3386 tus
288 3346 355 3384 snm
376 3326 529 3386 Dominus
556 3325 641 3384 Deus
671 3340 785 3387 vester.
829 3325 989 3387 Custodiae
1010 3335 1179 3410 praecepto
1199 3347 1286 3402 mea,
1320 3339 1354 3384 et

207 3407 312 3491 facite
342 3415 400 3479 ea,
426 3408 504 3489 *quin
532 3427 587 3486 ego
616 3408 771 3467 Dominus
798 3411 853 3492 qui
885 3407 1047 3491 sanctifico
1074 3429 1143 3474 vos.
1185 3407 1227 3468 Et
1258 3407 1350 3468 alibi:

216 3489 330 3568 Magos
368 3502 398 3549 et
435 3490 566 3550 ariolos,
582 3501 613 3554 et
640 3489 800 3572 maleficos
834 3504 936 3552 terrae
963 3492 1075 3550 uivere
1107 3509 1145 3550 ne
1168 3491 1353 3574 patiamini.

214 3571 361 3633 Dubium
383 3570 503 3632 etenim
526 3591 591 3630 nou
615 3581 678 3649 est,
700 3571 783 3634 sicut
806 3572 914 3646 multis
937 3581 985 3632 est
1006 3582 1139 3651 notum,
1162 3571 1251 3653 quod
1271 3573 1353 3653 qui-

214 3653 349 3716 busdam
378 3653 558 3735 praestigiis
587 3664 683 3735 atque
718 3654 885 3717 diabolicis
918 3653 1126 3732 illusionibus
1153 3653 1197 3714 ita
1222 3663 1352 3714 mentes

216 3735 421 3818 quorundam
441 3735 590 3796 inliciunt
610 3737 734 3818 poculis
758 3737 936 3814 amatoriis,
967 3737 1068 3814 cibis,
1099 3737 1152 3799 vel
1178 3735 1353 3818 phylacte-

215 3817 291 3894 riis,
313 3828 349 3878 ut
369 3817 404 3877 in
427 3817 582 3879 insaniam
603 3819 688 3888 versi
709 3820 727 3880 ai
748 3821 909 3902 plerisque
932 3819 1138 3896 iudicentur,
1173 3821 1250 3879 dum
1270 3841 1353 3900 pro-

216 3903 301 3986 prias
322 3923 388 3960 non
409 3901 554 3960 sentiunt
574 3902 793 3964 contumelias.
835 3901 959 3963 Fertint
981 3902 1068 3962 enim
1088 3902 1153 3964 suis
1180 3902 1365 3964 maleficiis·

218 4005 292 4044 aera
308 4004 399 4065 posse
423 3982 634 4062 conturbare,
656 3994 688 4045 et
708 3984 879 4066 grandines
908 3983 1096 4064 immittere,
1121 3985 1230 4044 futura
1252 4005 1353 4065 prae-

219 4066 345 4142 dicere,
367 4065 491 4126 fructus
513 4075 547 4131 et
564 4066 613 4126 lac
638 4068 786 4145 auferre,
809 4067 943 4149 aliisque
969 4067 1061 4146 dare,
1079 4077 1117 4143 et
1141 4065 1354 4128 innumerab

218 4147 336 4210 talibus
347 4146 417 4208 fieri
432 4146 594 4210 deantur.
636 4149 702 4227 Qui
727 4159 766 4228 ut,
790 4149 914 4210 fuerint
936 4147 1119 4212 huiusmodi
1139 4148 1261 4232 reperti
1284 4148 1354 4210 viri

216 4228 457 4308 seu-feminae,
480 4229 516 4299 ia
537 4239 663 4296 autum
680 4228 856 4323 disciplina
873 4241 906 4297 et
929 4231 1039 4321 vigore
1060 4231 1221 4320 Principis
1240 4231 1357 4300 acrius
