2910 4986
552 325 669 382 elenu
704 327 858 394 eunus.
1190 303 1263 380 tra

132 465 236 526 indiam
255 474 311 528 aut
330 468 560 551 negligentiam
581 467 752 531 custodum
777 465 902 551 aliquid
922 467 963 529 de
994 463 1126 550 gemmis
1148 472 1205 525 ent
1224 462 1264 526 de

134 549 209 610 vasis
226 551 283 610 vel
299 550 339 610 de
358 552 487 633 reliquo
506 573 637 636 qnoque
651 551 817 629 thesauro,
834 549 998 633 perditum
1017 549 1078 610 sit:
1098 546 1176 630 qnia
1195 545 1264 609 dic·

130 642 196 691 tum
219 641 269 692 est
284 631 377 693 nobis
393 635 480 714 quod
494 635 709 718 negotiatores
726 634 837 697 ludaei
852 653 981 694 necnon
1000 630 1103 694 etalii
1127 629 1266 710 glorian·

130 725 181 776 tur
201 714 280 797 quia
303 715 461 799 quioquid
482 717 527 780 eis
541 719 660 801 placet,
677 718 801 801 possint
819 715 858 778 ab
879 713 925 778 eis
950 735 1067 780 emere.
1094 709 1181 780 Ibid.
1193 732 1221 780 c.
1236 711 1265 776 5.

443 824 493 883 De
508 823 661 885 mendIcis
679 823 938 885 discurrentibus

210 927 377 1006 cxvm„
405 930 454 991 De
475 927 631 992 mendicis
647 929 704 1014 qui
722 951 782 1015 per
800 928 919 1014 patrias
943 925 1142 1006 discurrunt,
1172 925 1269 988 volu·-

108 1076 111 1091 ,
132 1029 201 1070 rnus
217 1018 255 1069 ut
272 1011 497 1094 unusquisque
510 1013 656 1074 fidelium
671 1021 852 1075 nostrorum
871 1033 965 1073 suum
979 1031 1154 1096 pauperem
1168 1008 1270 1070 debe·

134 1092 250 1152 neiieio
269 1103 324 1152 aut
343 1095 381 1154 de
407 1095 539 1177 propria
554 1095 676 1156 familia
698 1097 830 1172 nutriat,
847 1104 878 1156 et
898 1116 964 1156 nou
983 1094 1147 1178 permittat
1167 1088 1270 1158 aliubi

133 1176 178 1234 ire
194 1175 418 1237 mendicando.
459 1178 503 1238 Et
517 1177 573 1238 uhi
587 1179 665 1241 tales
681 1178 805 1239 inventi
832 1177 966 1249 fuerint,
982 1175 1043 1238 sibi
1065 1173 1211 1236 manibus
1226 1174 1270 1232 ia-

131 1259 258 1336 borent,
275 1266 308 1318 et
329 1259 439 1321 nullus
454 1260 501 1322 eis
522 1261 697 1345 quicquam
712 1261 856 1323 tribuere
877 1267 1069 1344 praesumat.
1089 1257 1209 1323 thium.
1223 1277 1269 1316 ιο.

581 1466 584 1471 ¹
612 1389 789 1452 Deusara.

215 1491 338 1554 CXIX.
379 1495 484 1556 Usura
511 1504 558 1557 est
581 1496 638 1558 ubi
664 1495 800 1581 amplius
828 1496 1008 1580 requiritur
1033 1515 1129 1579 quam
1156 1491 1269 1553 datur:

133 1576 223 1636 verbi
248 1577 360 1658 gratia,
384 1578 410 1638 si
438 1577 566 1639 dederis
585 1579 705 1642 solidos
727 1580 851 1659 decern,
866 1591 898 1642 et
919 1579 1056 1661 amplius
1070 1575 1268 1658 requisieris;

134 1659 187 1719 vcl
209 1659 234 1719 si
254 1660 381 1720 dederis
403 1660 546 1720 modium
568 1663 649 1742 vini,
665 1663 833 1744 frumenti,
851 1672 883 1726 et
908 1663 1027 1726 iterum
1054 1676 1153 1743 super
1180 1657 1270 1719 aliud

38 1767 41 1773 ·
136 1740 290 1824 exegeris.
332 1741 417 1807 laid,
438 1763 466 1802 c.
492 1765 536 1803 12.

401 1849 460 1934 ¹De
477 1817 649 1932 cupiditate¹
674 1849 707 1909 in
722 1849 836 1911 bonam
851 1863 984 1937 partem.

216 1951 320 2014 CXX.
364 1954 529 2036 Cupiditas
550 1955 584 2013 in
599 1953 716 2013 honam
729 1964 852 2036 partem
891 1964 973 2017 otest
985 1954 1088 2038 accipi
1104 1964 1136 2017 et
1157 1955 1192 2017 in
1207 1980 1271 2020 ma-

134 2037 206 2096 lam.
250 2037 287 2096 In
314 2036 450 2114 honam,
477 2036 567 2098 iuxta
585 2034 792 2131 dpostoium:
826 1977 926 2122 CuEio
955 2037 1111 2110 dissolvi,
1145 2051 1176 2098 et
1203 2064 1269 2102 esse

135 2141 203 2179 curn
220 2118 356 2179 Christo.
398 2120 441 2180 Et
463 2118 496 2178 in
522 2119 662 2203 psalmo:
686 2119 874 2205 Concupa'vit
905 2121 1012 2182 anima
1039 2143 1110 2183 mea
1130 2121 1165 2182 in
1186 2127 1269 2186 atrio

134 2202 276 2266 Domini.
319 2200 403 2264 Itid.
424 2223 451 2268 c.
472 2203 518 2263 13.

359 2313 441 2369 Item
463 2307 502 2368 de
524 2307 696 2392 cupiditate
720 2312 754 2371 in
776 2310 891 2372 malam
906 2323 1039 2396 portem.

217 2416 332 2476 CXXI.
374 2413 541 2495 Cupiditas
571 2438 646 2477 vero
665 2407 710 2475 'in
737 2417 852 2477 malam
877 2427 1002 2500 partem
1028 2418 1208 2504 accipitur,
1245 2421 1271 2481 si

135 2497 208 2576 quis
224 2518 319 2578 supra
341 2497 471 2556 modum
494 2519 545 2557 res
568 2499 727 2580 quaelihet
750 2499 869 2560 Iniuste
894 2510 1044 2583 appetere
1068 2504 1149 2585 vult,
1183 2504 1274 2564 iuxta

135 2580 355 2641 Salomonem:
377 2579 455 2641 Post
469 2583 735 2664 concupiscentias
751 2595 820 2643 tuas
841 2603 904 2645 non
924 2604 987 2644 eas.
1029 2583 1114 2648 Itid.
1133 2607 1160 2650 c.
1184 2586 1230 2663 14.

544 2690 627 2746 Item
647 2685 687 2747 dc
708 2688 854 2750 avaritia.

220 2791 359 2856 CXXII.
380 2790 522 2852 Avaritia
539 2799 598 2868 est,
619 2791 739 2854 aIIcnas
753 2813 804 2854 res
818 2801 980 2876 appetere,
996 2803 1029 2855 et
1041 2793 1170 2879 adeptas
1188 2799 1274 2860 nulli

137 2876 259 2958 largiri.
300 2877 352 2951 Et,
372 2875 461 2934 iuxta
476 2874 678 2959 Apostolum,
702 2874 784 2936 haec
806 2884 856 2937 cst
880 2875 973 2937 radix
1001 2878 1147 2940 omnium
1171 2881 1273 2942 malo-

121 2979 225 3025 ·ru1n.
267 2957 398 3022 Ibide.
425 2957 469 3022 15.
1263 2961 1266 2973 ’

534 3063 584 3124 De
603 3055 746 3146 turpibus
766 3063 871 3126 lucris.

221 3169 368 3233 CXXIII.
410 3169 519 3252 Turpe
541 3170 668 3230 lucrum
686 3179 840 3231 exercent
854 3171 910 3252 qui
931 3193 991 3256 per
1016 3175 1118 3238 varias
1139 3178 1274 3242 circum.

140 3253 321 3328 ventiones,
339 3251 487 3312 lucrandi
508 3273 614 3329 causa,
636 3251 806 3315 inhonesta
831 3273 883 3314 res
899 3257 1058 3338 quaslibet
1077 3253 1273 3348 congregare

141 3336 318 3398 decertant.
359 3333 444 3399 Jtid.
470 3355 496 3399 c.
519 3334 564 3400 16.
1216 3365 1219 3370 ·

615 3441 664 3500 De
678 3439 822 3524 foenore.

225 3541 379 3610 CXXIV.
420 3547 550 3608 Foenus
571 3554 619 3606 est
639 3546 696 3627 qui
713 3549 838 3632 aliquid
858 3554 1007 3632 praesint.
1054 3554 1181 3617 Iustum
1202 3559 1274 3618 foe.

141 3649 201 3688 nus
215 3637 264 3690 est
280 3629 337 3711 qui
357 3629 493 3712 amplius
508 3649 574 3689 nou
594 3629 731 3711 requIrit
743 3633 805 3694 nIsi
820 3643 977 3715 quantum
993 3641 1161 3720 praestitit.
1187 3639 1272 3705 ibid.

140 3731 166 3772 c.
193 3733 239 3792 17.

141 3818 190 3878 De
210 3819 365 3902 emptione
380 3830 519 3902 ternpore
538 3820 646 3878 messis
669 3839 762 3882 causa
787 3821 970 3904 cupiditatis
994 3838 1025 3886 et
1058 3828 1159 3911 turpis
1180 3828 1272 3894 lucri.

224 3923 360 3989 CXXV.
403 3924 599 4005 Quicunque
628 3924 716 4002 enirn
746 3934 888 4009 tempore
914 3930 1023 3992 messis
1052 3933 1104 3994 vel
1126 3940 1273 4016 tempore
1317 3949 1320 3956 '

142 4007 337 4085 uindemiae,
353 4027 418 4066 non
437 4009 635 4084 necessitate,
652 4007 708 4066 sed
728 4019 858 4093 propter
870 4012 1090 4094 cupiditatem,
1112 4026 1273 4098 comparat

86 4103 89 4120 ¹
145 4111 305 4149 annonam
321 4098 375 4149 aut
394 4088 517 4165 vinum,
535 4089 625 4150 verbi
642 4091 752 4170 gratia,
771 4092 811 4152 de
834 4091 960 4157 duobus
981 4095 1122 4159 denariis
1142 4092 1271 4182 compa-

145 4181 192 4229 rat
208 4171 350 4231 modium
372 4193 485 4247 unum,
502 4179 534 4231 ct
546 4181 654 4232 servat
666 4193 767 4252 usque
780 4173 857 4233 'dum
872 4178 1060 4244 venundare
1078 4181 1175 4262 possit
1195 4205 1271 4242 con·

158 4267 191 4313 ra
211 4252 358 4314 denarios
382 4263 521 4335 quatuor
536 4263 591 4314 aut
610 4275 665 4316 sex
681 4274 738 4316 seu
755 4256 903 4340 emplius,
932 4259 995 4323 hoc
1018 4271 1113 4346 turpe
1143 4264 1271 4326 lucrum
