2926 4984
520 395 634 458 narn
668 396 847 462 curares.
1186 369 1256 445 ⁸81

146 529 196 592 nc
213 527 303 594 'altas
321 527 478 594 raaudus
494 535 663 611 iudicetur,
676 540 740 601 nisi
750 548 931 628 praesentes
944 535 1010 597 salet
1032 532 1238 620 ipsias-aecu-

455 630 587 694 satores,
605 620 760 705 iidemque
779 621 920 702 legit-imi.

209 717 400 785 cccxctl.
442 722 596 787 Asanctu
617 727 758 786 Romana
781 737 812 788 et
828 725 1001 810 apostolica
1014 720 1160 784 Ecclesia
1178 719 1264 790 olim,

122 810 278 865 statutum
299 811 369 879 est,
391 814 423 865 et
445 805 462 864 d
488 808 579 870 nohis
604 809 752 890 synodali
780 809 939 870 sententia
962 805 1200 878 confirmatum,
1223 810 1261 861 ut

124 885 238 945 nullus
258 905 298 945 ex
321 888 510 949 sacerdotali
542 893 687 973 catalogo
715 892 878 953 iudicetur
896 901 952 955 aut
977 890 1165 962 damnetur,
1196 883 1261 944 nisi

123 977 292 1028 accusatus
317 979 516 1061 accusatores
546 973 707 1054 legitimos
729 971 1064 1061 praesentesuhaheat,
1086 969 1262 1052 locumque
1281 1031 1286 1039 .

124 1049 326 1110 defendendi
341 1051 380 1111 ad
396 1052 556 1114 abluenda
577 1055 711 1116 crimina
732 1057 878 1139 accipiat.

348 1153 389 1216 Ut
401 1157 468 1216 vita
485 1163 695 1220 accusantium
711 1163 815 1245 primo
837 1161 1039 1220 discutiatur.

211 1254 427 1327 CCCXClIl.
468 1263 549 1326 Item
569 1266 587 1326 a
607 1266 900 1348 praedictasaucta
922 1266 1066 1326 Romana
1083 1268 1115 1322 et
1131 1265 1259 1340 aposto-

123 1342 190 1401 lica
213 1340 359 1404 Ecclesia
380 1343 537 1406 sancitum
562 1357 626 1425 est,
657 1359 689 1410 et
710 1349 748 1408 ah
770 1347 917 1410 omnibus
941 1342 1089 1428 synodali
1118 1339 1260 1400 auctori-

125 1434 191 1484 tate
214 1421 381 1502 decretum
404 1437 461 1503 est,
484 1437 520 1487 ut
540 1450 667 1510 semper
680 1431 783 1512 primo
807 1450 955 1514 persona,
973 1427 1063 1501 fides,
1086 1424 1163 1506 tilae
1186 1441 1261 1482 ⁰⁰¹¹·

123 1503 264 1565 versatio
284 1509 501 1568 accusantium
519 1507 714 1572 enucleatim
729 1519 969 1596 perscrutetur,
992 1517 1024 1568 et
1043 1513 1153 1589 postea
1176 1522 1260 1586 quae

125 1585 326 1666 obiciuntur,
347 1591 487 1670 fideliter
509 1604 759 1674 pertractentur;
782 1595 859 1678 quia
877 1615 941 1654 non
964 1591 1057 1650 aliter
1071 1586 1142 1648 lieri
1166 1584 1261 1668 quic-

126 1689 225 1752 quam
245 1669 350 1749 dehet,
374 1672 434 1733 uisi
456 1675 545 1756 prius
567 1677 784 1759 impetitorum
805 1677 872 1739 rita
894 1673 1094 1736 discutiatur.

227 1775 276 1834 De
299 1779 427 1838 testibus
456 1780 653 1862 requirendis
673 1783 707 1841 in
731 1767 928 1842 aceiasatione
957 1777 1159 1838 Clericoram.

212 1878 422 1948 CCCXClV.
463 1885 591 1945 Placuit
615 1894 652 1944 ut
677 1887 704 1946 si
732 1885 804 1973 quis
831 1884 973 1964 aliquem
1001 1878 1202 1940 Clericorum
1225 1874 1260 1934 in

127 1964 333 2024 accusatione
362 1965 583 2028 fornicationis
618 1967 811 2050 impetierit,
847 1966 1026 2028 secundum
1053 1967 1262 2041 praeceptum

125 2046 223 2108 Pauli
250 2046 396 2128 Apostoli
417 2047 561 2128 legitima
575 2050 754 2110 testimonia
768 2049 976 2130 requirantur
990 2044 1027 2104 ab
1051 2044 1118 2106 itto.
1143 2120 1145 2125 Α
1161 2039 1261 2117 Quod

127 2129 155 2188 si
178 2149 242 2187 non
261 2129 403 2209 potuerit
413 2131 498 2206 ¹datis
518 2132 707 2194 testimoniis
721 2132 895 2213 adprobare
910 2130 999 2212 quod
1017 2125 1109 2201 dixit,
1132 2143 1259 2184 excom-

127 2211 380 2272 municationem
396 2214 533 2274 accusati
554 2223 719 2280 accusator
732 2214 876 2297 accipiat.

358 2317 407 2378 De
432 2319 581 2400 culpabili
596 2340 735 2401 persona
754 2341 817 2380 non
838 2317 1028 2403 recipienda.

214 2423 395 2484 CCCXCV.
436 2422 471 2483 si
494 2425 685 2499 accusatoris
703 2446 839 2507 persona
871 2425 903 2482 in
931 2421 1054 2482 iudicio
1081 2417 1260 2509 Episcopo-5

128 2527 203 2565 rum
224 2504 394 2587 culpabilis
415 2507 609 2588 apparuerit,
632 2507 889 2590 redarguendum
905 2527 970 2566 non
996 2503 1182 2563 admittatur
1197 2516 1260 2559 nisi

129 2588 170 2648 de
186 2587 326 2668 propriis
350 2588 461 2649 causis.

189 2693 239 2750 De
259 2712 321 2752 non
337 2691 511 2754 iudicando
528 2714 711 2778 quemquam
736 2707 806 2754 ante
828 2695 1037 2755 examinatam
1059 2707 1194 2750 causam.

212 2798 411 2859 CCCXCVl.
452 2799 522 2858 Non
546 2809 592 2860 est
610 2799 734 2860 iustum
749 2799 891 2860 indicare
910 2809 964 2858 aiat
977 2795 1190 2857 condemnare
1208 2791 1258 2854 ri-

127 2902 202 2941 ram
221 2879 313 2939 cuius
330 2901 423 2940 causa
442 2881 482 2943 ad
503 2881 663 2962 liquidum
690 2903 753 2941 non
777 2892 823 2943 est
849 2881 1039 2942 exanainata.

364 2987 412 3045 De
431 3007 495 3046 non
514 2985 684 3046 iudicando
709 2995 827 3048 maiore
849 2989 868 3046 ὶι
889 2991 1019 3046 neinore.

212 3079 430 3155 CCCXCVll.
471 3092 604 3152 Maiori
623 3094 747 3153 minore
769 3115 834 3152 non
852 3100 954 3173 potest
969 3090 1114 3155 iudicari.
1132 3087 1134 3090 ’

193 3198 242 3257 De
256 3217 318 3256 non
332 3195 502 3257 iudicando
517 3218 700 3283 quemquam
714 3187 827 3280 absque
849 3199 987 3276 legitimo
1004 3209 1195 3266 occursatoreq

213 3301 441 3362 CCCXCVlll.
486 3302 604 3362 Iudicis
622 3325 684 3362 non
701 3304 936 3384 estquemlihet
954 3303 1096 3363 iudicare
1114 3301 1166 3361 vel
1183 3323 1258 3360 con-

130 3386 285 3446 demnare
315 3384 606 3468 absque-legitimo
636 3395 834 3450 accusatore:
868 3387 1020 3467 quoniam
1046 3395 1077 3447 et
1098 3382 1256 3444 Dominus

129 3467 245 3529 ludam
270 3466 376 3561 furem
400 3489 467 3528 esse
487 3468 622 3557 sciebat,
646 3468 702 3528 sed
730 3469 807 3553 quia
833 3489 898 3529 non
921 3479 968 3531 est
986 3477 1163 3542 accusatus,
1183 3465 1258 3524 ideo

131 3571 197 3608 non
219 3558 267 3609 est
288 3559 426 3613 erectus..

47 3728 51 3738 ¹
131 3657 180 3715 De
198 3655 304 3741 coqui
313 3653 502 3738 frequenter
514 3656 629 3735 litigat,
646 3669 678 3715 ut
692 3677 754 3718 non
768 3657 957 3740 suscipiatur
968 3656 1081 3737 absque
1101 3653 1256 3714 examine.
1287 3693 1289 3698 .

216 3758 415 3821 CCCXCIX.
457 3761 535 3823 Eius
559 3762 615 3842 qui
633 3739 822 3842 frequenter
845 3761 958 3842 litigat,
982 3767 1014 3820 et
1039 3760 1079 3817 ad
1101 3779 1257 3819 accusan-

131 3843 208 3903 dum
233 3851 282 3901 est
302 3842 427 3921 tuellis,
459 3844 693 3916 accusationem
717 3844 835 3926 absque
856 3843 969 3925 grandi
993 3843 1140 3903 examine
1155 3859 1259 3900 nemo

130 3923 278 4004 recipiat.
347 3932 350 3937 '

131 4031 181 4088 De
209 4029 357 4092 rimanda
379 4032 564 4092 enucleatim
585 4054 677 4093 causa
700 4035 733 4094 irs
752 4031 885 4104 iudicio,
909 4044 939 4092 et
959 4050 1050 4114 saepe
1072 4025 1259 4089 ventilanda

216 4137 335 4202 CCCC.
379 4137 578 4218 ludicantem
605 4149 730 4220 oportet
754 4148 869 4200 cuncta
894 4136 1021 4212 rimari,
1054 4144 1087 4194 et
1112 4133 1259 4192 ordinem

131 4239 240 4278 rerum
260 4219 355 4300 plena
384 4221 596 4300 inquisitione
627 4221 806 4295 discutere,
835 4218 1055 4300 interrogandi
1078 4237 1114 4274 ac
1140 4237 1258 4298 propo-

134 4301 234 4362 nendi
259 4299 483 4385 adiciendique
503 4303 659 4388 patientia
680 4302 822 4389 praebita
843 4303 880 4362 ab
896 4323 947 4380 eo,
970 4309 1005 4360 ut
1022 4299 1067 4361 ibi
1087 4299 1169 4362 aetia
1185 4320 1258 4383 par·
