2926 4986
672 251 961 312 carlmannum

213 394 303 457 tibus
320 401 356 456 ut
374 392 599 475 unusquisque
622 393 868 478 Episcopornm,
896 402 961 454 tam
982 412 1043 476 per
1063 415 1098 458 se
1125 415 1222 478 qnam
1248 402 1282 457 et
1297 415 1360 478 per

213 477 381 538 ministros
401 497 487 552 suos,
504 474 602 536 vitam
625 485 658 536 et
689 474 968 538 conversationem
993 475 1185 558 morumque
1208 476 1363 538 emenda·

218 561 343 623 tionem
366 580 478 620 eorum
500 569 681 640 cognoscat,
703 579 822 638 eosque
848 557 1022 618 canonicae
1043 560 1265 640 poenitentiae
1285 560 1363 620 sub-

214 643 291 706 dere
311 663 376 703 non
397 639 557 723 neglegat,
581 643 669 700 iuxta
685 639 773 723 quod
794 639 826 698 in
843 640 992 701 Concilio
1017 641 1231 720 Caesariensi,
1260 639 1360 702 titulo

211 725 339 810 primo,
366 723 538 785 scribitur:
566 725 749 800 Presbyter,
779 722 807 779 si
846 744 979 782 uxorem
1008 726 1179 806 acceperit,
1204 725 1243 784 ab
1265 723 1360 784 ordi-

213 829 252 868 ne
270 807 459 890 deponatur.
502 805 540 864 Si
556 827 627 865 uero
639 805 821 884 fornicatus
840 803 957 884 fiterit,
983 817 1037 865 aut
1055 806 1249 866 adulterium
1276 827 1360 886 per-

211 891 399 973 petraverit,
424 889 559 972 amplius
570 889 653 970 pelli
666 887 759 946 debet
773 899 802 944 et
819 887 864 945 ad
878 888 1105 968 poenitentium
1124 889 1238 967 redigi.
1265 888 1360 948 Non·

212 971 295 1031 nulli
316 971 414 1048 enim,
437 972 551 1030 amisso
569 971 682 1052 gradu,
704 969 784 1028 adeo
808 968 866 1027 lilii
887 968 989 1029 Belial
1008 969 1207 1048 efficiuntur,
1225 981 1264 1032 ut
1296 991 1360 1031 nec

210 1053 362 1137 publicis,
383 1052 459 1134 quia
476 1055 521 1114 fas
539 1075 604 1112 non
632 1061 689 1128 est,
710 1071 771 1111 nec
788 1051 964 1126 canonicis,
982 1060 1113 1134 propter
1144 1053 1311 1115 incuriam
1326 1061 1360 1114 ot

212 1137 453 1220 neglegentiam
469 1137 655 1210 Rectorum,
678 1133 803 1216 legibus
826 1133 1098 1216 constringantur.

321 1242 369 1300 De
388 1241 496 1301 Laicis
517 1240 557 1300 de
578 1240 730 1320 religione
754 1236 940 1322 disputandi
959 1240 1244 1322 praesumentibus.

296 1347 422 1408 CXCV.
464 1345 554 1406 Nulli
576 1367 702 1428 egresso
728 1345 767 1403 ad
793 1342 960 1426 publicum
986 1343 1189 1428 disceptandi
1215 1347 1256 1406 de
1275 1345 1339 1408 reli

210 1426 321 1510 gione,
339 1429 392 1489 vel
409 1427 579 1506 tractandi,
602 1428 656 1489 vel
674 1427 802 1487 consilii
821 1426 945 1508 aliquid
961 1425 1144 1503 deferendi,
1168 1427 1222 1488 vel
1252 1430 1357 1490 maio-

209 1531 262 1573 res
286 1521 363 1569 natu
377 1511 550 1571 accusandi
569 1519 709 1594 patescat
726 1509 903 1570 occasionis
920 1509 1035 1570 aditus.
1079 1511 1113 1570 Si
1130 1510 1204 1590 quis
1219 1512 1355 1594 Posthac

208 1603 321 1654 contra
342 1591 422 1653 haec
440 1593 638 1654 veniendum
662 1591 847 1667 crediderit,
868 1593 919 1650 vel
941 1592 1090 1652 insistere
1106 1601 1197 1652 motu
1217 1595 1355 1676 pestile-

208 1697 263 1736 rae
284 1675 502 1759 persuasionis
517 1677 701 1754 tentaverit,
725 1673 921 1757 competenti
934 1695 1041 1757 poena
1059 1683 1092 1736 et
1113 1675 1212 1756 digno
1227 1678 1356 1760 suppli-

214 1757 264 1818 cio
287 1766 487 1822 coerceatur.

209 1862 259 1923 De
275 1863 325 1920 ais
342 1861 496 1944 quisulsa
512 1861 698 1944 Principum
729 1861 882 1942 rescripta
908 1856 1089 1920 detulerint.
1129 1859 1175 1921 Et
1202 1860 1243 1923 de
1271 1885 1356 1926 non·

628 1943 723 2002 nullis
738 1943 810 2000 aliis
832 1943 943 2001 causis.

291 2023 434 2088 CXCVI.
478 2021 542 2099 Qui
558 2021 636 2083 falsa
646 2023 835 2108 Principum
855 2023 1010 2106 rescripta
1022 2021 1212 2100 detulerint,
1230 2032 1266 2084 ut
1289 2023 1354 2084 fal-

205 2105 281 2170 sarii
298 2105 486 2187 puniantur.
509 2106 574 2182 Qui
596 2107 711 2166 falsum
731 2107 879 2167 nesciens
895 2108 1057 2188 allegavit,
1077 2107 1148 2166 falsi
1165 2125 1271 2188 poena
1284 2127 1351 2166 non

205 2199 367 2251 teneatur.
412 2189 452 2250 ln
471 2197 567 2269 caput
590 2189 712 2247 domini
728 2189 895 2270 patronive
912 2209 973 2248 nec
996 2209 1106 2249 servus
1131 2209 1193 2249 nec
1212 2189 1349 2249 libertus

203 2273 400 2354 interrogari
420 2281 535 2354 potest.
580 2273 622 2330 Ut
638 2282 869 2353 praegnantem
890 2289 985 2330 nemo
1008 2280 1168 2352 torqueat.
1212 2269 1280 2350 Qui
1308 2269 1350 2332 de

204 2377 238 2418 se
257 2359 423 2417 coufessus
443 2364 501 2430 est,
525 2375 622 2436 super
640 2354 740 2412 alium
764 2355 852 2413 credi
873 2374 938 2412 non
955 2361 1071 2436 potest.

265 2463 379 2523 Deliis
397 2457 724 2542 quisnlsusratribus
741 2459 929 2529 intulerint,
953 2457 1033 2540 quid
1051 2457 1208 2538 agendum
1234 2462 1286 2520 sit.

291 2566 453 2630 CXCVII.
494 2565 558 2625 Eos
577 2564 635 2646 qui
657 2564 736 2624 falsa
756 2565 909 2624 fratribus
927 2564 1077 2646 capitalia
1094 2565 1251 2628 obiecisse
1265 2588 1327 2628 con
1427 2607 1428 2610 =

204 2650 283 2712 victi
301 2649 437 2724 fuerint,
458 2647 581 2730 placuit
595 2668 648 2708 eos
670 2667 772 2728 usque
791 2647 973 2707 aderitum
1002 2668 1068 2706 non
1096 2650 1348 2730 communicare,

206 2744 239 2796 et
255 2734 391 2794 infames
405 2752 533 2814 semper
547 2730 696 2794 existere.
743 2729 800 2790 VI.
820 2731 891 2806 314.

210 2839 251 2900 Ut
265 2839 370 2900 nullus
395 2836 436 2898 de
459 2835 803 2912 alterius·Presbyteri
827 2837 982 2916 parochia
1003 2837 1122 2920 populo
1176 2836 1345 2898 ersuadere

205 2923 322 2984 audeat
343 2933 397 2993 ut,
421 2921 534 2980 relicta
556 2919 691 3002 propriu
704 2920 877 3000 parocbia,
901 2918 945 2976 ad
962 2941 1049 2978 suam
1077 2921 1140 2979 Ere
1156 2921 1253 2980 esiam
1268 2941 1343 2982 con-

423 3003 574 3072 veniant,
598 3013 652 3059 aut
671 3002 732 3061 sibi
748 3020 855 3060 eorum
884 2999 1022 3060 decimas
1047 3000 1143 3062 dent.'

289 3085 463 3147 CXCVIII.
507 3086 669 3144 Statntum
684 3092 731 3142 est
742 3093 777 3142 ut
791 3083 899 3143 nullus
909 3085 1081 3166 Presbyter
1095 3081 1344 3146 tidelihussanc·
1423 3121 1424 3124 =

206 3180 256 3232 tae
271 3169 335 3230 Dei
358 3168 522 3228 Ecclesiae
548 3167 588 3226 de
614 3166 748 3226 alterius
768 3167 951 3248 Presbyteri
976 3167 1129 3248 parochia
1150 3166 1343 3249 persuadeat

205 3263 243 3313 ut
267 3251 307 3312 ad
319 3272 410 3311 suam
429 3249 618 3326 Ecclesiam,
636 3249 751 3309 relicta
771 3251 901 3331 propria
917 3249 1073 3328 Ecclesia,
1088 3249 1342 3326 convenianl,et

204 3357 277 3398 suas
299 3333 438 3394 decimas
452 3333 513 3394 sihi
533 3333 620 3396 dent.
665 3331 730 3392 Sed
748 3332 969 3412 unusquisque
986 3353 1042 3391 sua
1058 3331 1205 3392 Ecclesia
1228 3341 1261 3390 et
1280 3353 1340 3414 po·
1421 3375 1422 3378 ,

203 3415 545 3503 pulositcontentus5
569 3412 776 3496 etquodsssii
795 3435 860 3472 nou
882 3417 954 3475 vult
983 3412 1065 3492 lieri,
1089 3414 1182 3474 alteri
1216 3435 1340 3496 nequa·
1421 3383 1422 3454 l

203 3523 301 3584 quam
317 3497 424 3576 iaciat,
441 3500 530 3558 iuxta
548 3498 632 3557 illud
646 3495 835 3578 Evangelii:
859 3497 1065 3580 Quaecunque
1092 3497 1183 3556 vultis
1201 3509 1236 3555 ut
1248 3499 1338 3577 juci-
1420 3485 1421 3578 l

202 3598 258 3645 ant
283 3582 368 3642 vobis
398 3579 777 3651 laomines,lzueceade1n
796 3576 899 3658 facite
924 3581 999 3644 illis.
1044 3578 1201 3661 Quisquis
1231 3590 1337 3639 autem
1418 3599 1420 3704 p

200 3677 313 3728 contra
329 3663 408 3725 baec
429 3664 602 3724 constituta
617 3661 754 3738 venerit,
774 3671 828 3720 aut
842 3662 922 3722 haec
938 3663 1124 3744 infrangere
1151 3661 1337 3740 tentaverit,
1418 3711 1419 3716 .

198 3760 353 3831 tanquam
372 3755 586 3827 contemptor,
605 3745 720 3825 gradus
736 3743 787 3804 sni
810 3744 958 3826 periculo
977 3744 1164 3809 subiacebit.

200 3857 296 3942 Quod
309 3857 416 3916 Laicis
432 3851 472 3911 de
489 3853 562 3910 airis
576 3851 643 3908 Deo
665 3848 792 3920 dica-tis,
809 3849 864 3907 vel
881 3851 1099 3911 ecclesiasticis
1109 3847 1335 3930 facultatibus,

351 3936 476 4019 aliquid
489 3930 680 4018 disponendi
701 3932 789 3990 nulla
807 3935 848 3992 sit
875 3934 1025 4000 attributa
1035 3933 1188 4013 jacultas.

153 4110 156 4118 ,
279 4044 420 4106 CXCIX.
462 4043 509 4100 De
527 4039 605 4100 viris
626 4040 697 4097 Deo
721 4035 843 4112 dicatis,
864 4037 916 4099 vel
943 4037 1169 4099 ecclesiasticis
1193 4037 1336 4101 faculta-

156 4149 171 4205 χ
192 4128 289 4204 tibus,
305 4125 429 4205 aliquid
446 4121 639 4204 disponendi
657 4119 747 4206 nulla
761 4119 881 4202 legitur
898 4119 1015 4200 Laicis,
1032 4121 1180 4206 quamvis
1195 4122 1334 4209 religio·

174 4257 181 4286 ,
192 4215 246 4288 sis,
268 4229 421 4291 umquam
437 4207 600 4268 adtributa
618 4203 766 4270 facultas.
809 4202 848 4264 V.
864 4203 936 4281 403.
