2910 4986
175 273 249 348 488
608 291 903 359 carrrunamnn.

256 429 351 497 xxi.
392 433 440 496 ne
462 419 654 501 homicidas.
697 435 782 498 nid.
803 458 830 497 ε,
852 458 882 517 7.

256 513 367 578 XXII.
408 519 457 578 De
481 519 708 584 commendatis
729 519 886 580 mensuris
902 515 1082 578 modiorum
1101 527 1133 578 et
1148 518 1288 581 sextario

174 611 255 665 rum.
298 598 382 660 Itid.
400 619 426 664 c.
442 601 471 664 8.

255 679 380 742 XXIII.
422 684 469 741 De
481 681 646 742 beneficiis
659 681 774 744 nostris
784 703 849 742 non
859 683 942 743 bene
953 683 1150 748 constructis.
1173 683 1221 744 lb.
1233 693 1258 748 ε’.
1268 704 1298 764 9.

255 762 379 826 XXIV.
420 767 468 824 De
492 763 709 847 hospitalitate
736 775 768 824 et
789 765 992 846 susceptione
1018 765 1213 842 iterantium,
1234 772 1300 824 tam

173 848 562 990 Missurum5n0strorum,
588 868 684 929 quam
711 846 911 926 reliquorum
941 847 1099 908 benorum
1121 847 1291 908 hominum

174 929 259 994 Ibid.
287 930 346 987 αὖ
371 971 378 986 .

265 1009 373 1074 XXV.
428 1007 524 1088 Quod
551 1008 662 1069 Missos
690 1009 750 1085 (ad
774 1009 879 1071 vicem
902 1020 1041 1072 nostram
1061 1017 1102 1094 p)
1134 1009 1298 1071 mittimus.

174 1092 258 1158 Ibid.
278 1114 303 1157 c.
326 1092 375 1156 36.

254 1172 378 1236 XXVI.
420 1171 531 1234 Dahis
545 1172 727 1253 quirinum
745 1185 777 1236 et
795 1196 954 1236 annonam
968 1173 1114 1235 vendunt
1129 1184 1300 1257 antequam

174 1256 380 1338 colligantur,
403 1265 434 1316 et
454 1255 611 1336 perhanc
633 1257 833 1320 occasionem
853 1277 1009 1338 pauperes
1030 1256 1225 1334 efficiuntur,
1247 1264 1301 1331 (ut

172 1340 303 1403 fortiter
321 1337 581 1418 constringantur
598 1359 637 1398 nc
661 1340 812 1421 deinceps
830 1340 947 1421 fiatq).
989 1338 1073 1400 lbid.
1095 1360 1120 1399 c.
1144 1341 1192 1419 37.

254 1417 393 1483 XXVII.
434 1422 476 1478 Ut
503 1430 576 1479 ante
596 1420 761 1482 Vicarium
789 1431 822 1482 et
842 1421 1070 1490 Centenarium
1095 1420 1134 1482 de
1152 1421 1301 1506 proprie·

173 1513 237 1564 tate
256 1513 312 1563 aut
334 1503 481 1564 libertate
500 1501 656 1562 iudicium
675 1526 738 1564 non
754 1504 944 1565 terminetur
959 1512 1014 1562 aut
1028 1503 1225 1584 adquiratur,
1238 1503 1310 1564 nisi

173 1607 300 1666 semper
319 1585 353 1644 in
374 1584 554 1665 praesentia
574 1584 739 1649 Missurum
760 1585 975 1669 imperialium
992 1594 1047 1644 aut
1065 1585 1099 1645 in
1119 1585 1302 1668 praesentia

174 1667 344 1728 Comitum.
389 1665 521 1751 Capitol.
536 1671 563 1726 I.
582 1689 610 1726 a.
631 1668 701 1729 810.
717 1690 744 1728 e.
762 1689 790 1728 2.

255 1747 416 1812 XXVIII.
455 1751 503 1809 De
518 1748 700 1810 homicidiis
719 1750 811 1811 factis
832 1771 917 1809 anno
935 1750 1096 1832 praesenti
1121 1751 1206 1811 inter
1226 1751 1302 1811 vul-

174 1851 264 1916 gares
280 1830 428 1892 homines
443 1832 533 1911 quasi
555 1840 685 1912 propter
697 1832 867 1914 pulverem
889 1833 1063 1892 mortalem.
1086 1833 1170 1894 Ibid.
1186 1855 1212 1893 c.
1229 1835 1259 1893 ὅ.

255 1911 380 1974 XXIX.
422 1916 470 1972 De
488 1913 678 1986 heribanno,
702 1923 737 1972 ut
753 1914 926 1995 diligenter
946 1913 1113 1994 inquirant
1134 1915 1221 1976 Missi
1245 1936 1301 1975 no-

174 1997 232 2062 stri
251 1995 308 2077 qui
322 1995 445 2056 hostem
459 1996 562 2055 facere
581 1997 685 2074 potuit
705 2007 737 2056 et
750 2017 814 2058 non
835 1996 923 2071 fecit,
946 2006 982 2056 ut
997 1995 1141 2056 bannum
1157 2006 1301 2058 nostrum

175 2083 448 2162 ipsecomponat,
470 2076 496 2136 si
517 2077 613 2137 habet
636 2079 722 2139 unde
746 2099 936 2160 componere
967 2079 1074 2159 possit.
1115 2081 1157 2138 Et
1180 2079 1205 2140 si
1234 2099 1300 2138 non

174 2159 326 2225 habuerit
342 2159 428 2219 unde
449 2181 640 2239 componere
664 2160 780 2236 valcat,
800 2159 1007 2220 rewadiatum
1034 2161 1088 2220 fiat
1108 2168 1141 2221 et
1161 2160 1302 2222 inbrevi-

175 2257 279 2313 atum;
309 2251 341 2301 et
363 2240 446 2302 nihil
468 2263 508 2301 ex
531 2240 592 2300 hoc
617 2252 761 2302 exactum
781 2243 834 2302 fiat
857 2263 957 2322 usqne
988 2243 1065 2303 dum
1093 2243 1132 2304 ad
1157 2243 1304 2304 notitiam

176 2324 296 2391 Domni
311 2322 514 2404 Imperatoris
532 2323 649 2388 ueniat.
689 2325 764 2385 laid
781 2347 806 2384 c.
834 2345 878 2382 ιι.
915 2351 917 2368 ·

256 2404 366 2470 XXX.
409 2406 473 2482 Qui
487 2405 636 2466 heriscliz
658 2407 777 2466 factum
788 2406 918 2482 habent,
935 2427 994 2490 per
1014 2405 1216 2468 fideiussores
1230 2403 1302 2463 mit·

177 2501 295 2554 tantur.
337 2486 460 2553 Ibide.
482 2508 527 2546 12.

258 2567 381 2632 XXXI.
435 2573 483 2630 De
519 2569 685 2631 beneficiis
718 2570 887 2632 destructis
924 2581 955 2632 et
991 2569 1082 2632 alode
1116 2576 1299 2628 restaurata.

179 2653 264 2717 laid.
280 2675 306 2712 c.
328 2653 372 2712 15.

259 2731 404 2796 XXXII.
445 2737 494 2795 De
512 2735 602 2796 freda
624 2735 790 2816 exigenda.
831 2735 909 2796 lbid
921 2756 946 2795 c.
969 2736 1014 2807 ¹4·

258 2814 422 2879 XXXIII.
465 2820 513 2878 De
529 2818 746 2878 materiamine
762 2819 800 2879 ad
822 2839 918 2878 naves
930 2817 1123 2877 faciendum.
1144 2817 1193 2880 Ib.
1209 2839 1237 2888 c.
1255 2815 1303 2878 15.

259 2895 417 2963 XXXIV.
459 2899 493 2960 si
514 2900 630 2982 aliquis
650 2902 732 2959 Saxo
754 2899 916 2960 hominem
937 2898 1218 2980 comprehenderit
1234 2899 1303 2959 abs-

165 3003 244 3064 ,que
267 2982 353 3042 furto
375 2991 430 3040 aut
448 2982 565 3064 absque
583 3005 638 3044 sua
659 2983 788 3064 propria
813 2981 920 3062 aliqua
942 3004 989 3058 re,
1011 2982 1121 3042 dicens
1144 2982 1231 3061 quod
1251 2979 1302 3040 illi

178 3065 294 3125 habeat
316 3063 467 3124 damnum
481 3065 620 3142 factum,
643 3073 674 3123 et
691 3063 753 3124 hoc
771 3064 967 3126 contendere
991 3062 1133 3126 voluerit
1158 3064 1192 3122 in
1215 3063 1302 3123 iudi·

181 3147 231 3206 cio
246 3155 299 3204 aut
316 3145 349 3204 in
373 3167 483 3228 campo
504 3157 557 3206 aut
574 3148 630 3224 (ad
646 3168 775 3206 crucem
786 3155 838 3221 η)
859 3145 1021 3206 licentiam
1038 3145 1160 3205 habeat.
1202 3146 1237 3208 si
1250 3167 1304 3207 ve-

159 3289 163 3295 ,
180 3250 217 3287 ro
234 3227 296 3288 hoc
311 3228 463 3303 noluerit,
486 3250 558 3289 cum
576 3229 640 3290 suis
663 3229 855 3290 iuratoribus
877 3228 943 3309 ipse
962 3228 1046 3294 liber
1070 3227 1166 3288 homo
1186 3250 1218 3290 se
1237 3228 1307 3288 ido-

181 3310 270 3369 niara
285 3309 389 3374 faciat.
430 3312 472 3371 Et
488 3311 514 3371 si
529 3331 659 3373 servum
675 3311 848 3373 cuiuslibet
862 3309 977 3391 absque
997 3309 1104 3391 aliqua
1123 3310 1305 3393 comproba-

180 3391 269 3451 tione
290 3391 587 3472 comprehenderit‚
619 3393 686 3476 ipse
710 3415 819 3457 servus
846 3402 899 3453 aut
920 3393 960 3453 ad
986 3413 1100 3473 aquam
1126 3393 1304 3453 ferventem

182 3482 238 3535 aut
259 3473 298 3532 ad
317 3473 405 3532 aliud
424 3474 580 3534 iudicium
595 3497 627 3535 se
644 3475 786 3536 idoniare
805 3475 909 3536 faciat.

264 3553 399 3617 XXXV.
446 3556 479 3614 Si
502 3557 617 3638 aliquis
640 3559 723 3618 Saxo
747 3558 883 3618 caballos
907 3556 940 3616 in
962 3558 1018 3618 s‘ua
1043 3577 1143 3616 messe
1166 3555 1308 3617 invene«

182 3638 235 3709 rit,
259 3647 289 3696 et
309 3637 390 3718 ipsos
409 3636 546 3699 caballos
570 3639 646 3698 inde
663 3639 781 3702 ducere
797 3661 855 3721 pro
879 3662 937 3699 suo
960 3640 1075 3698 damno
1094 3637 1134 3697 ad
1157 3658 1305 3719 compro·

182 3719 324 3781 bandum
344 3720 501 3796 voluerit,
524 3721 549 3780 si
566 3720 638 3802 quis
661 3721 743 3780 liber
757 3722 852 3782 homo
870 3722 899 3780 ei
914 3720 977 3782 boc
997 3721 1238 3796 contradeerit,
1252 3728 1307 3780 aut

184 3801 316 3880 aliquod
332 3801 450 3864 malum
471 3824 529 3882 pro
550 3802 612 3862 hoc
632 3803 661 3863 ei
683 3804 809 3879 feeerit,
831 3803 926 3883 tripla
943 3802 1173 3885 compositione
1189 3823 1305 3863 secun-

185 3883 260 3944 dum
282 3882 385 3964 legem
403 3894 434 3944 et
453 3885 631 3944 secundum
647 3906 746 3945 ewam
760 3895 876 3960 ¹contra
892 3907 965 3946 eum
981 3884 1151 3945 emendare
1171 3885 1305 3958 studeat,

186 3975 218 4028 et
237 3965 367 4046 insuper
380 3965 523 4026 bannum
548 3967 742 4028 dominicum
768 3969 880 4045 solvat,
910 3976 944 4028 et
965 3989 1093 4028 manum
1107 3967 1231 4050 perdat,
1248 3985 1307 4050 pro

192 4108 490 4124 W-

218 4158 248 4235 p)
267 4161 300 4211 al.
325 4177 382 4211 mss.
412 4160 543 4214 iusticiam
573 4149 711 4232 insacrum,-
806 4163 833 4234 ql
852 4165 957 4215 Desunt
975 4164 1002 4214 in
1023 4163 1056 4214 al·
1076 4181 1135 4215 mss.

271 4228 402 4285 iudicium
414 4245 541 4289 vestrum.
805 4233 831 4302 r)
849 4235 954 4286 Desunt
973 4234 1001 4285 in
1014 4234 1050 4291 al.
1070 4251 1132 4288 mss.
