2926 4984
216 346 289 440 Ι550
645 323 934 425 caetratorum

150 525 152 528 ·
218 503 312 586 gislae
333 501 568 567 iustitutionem
588 506 710 586 vivunt,
738 518 794 569 aut
817 505 984 573 servitiam
1001 505 1197 570 dominicum
1215 508 1362 572 iaciant'

220 586 356 668 tapitul.
376 591 404 647 I.
421 611 450 654 a.
465 589 537 652 805.
557 610 584 651 c.
607 589 637 653 8.

260 691 349 776 Quid
363 705 500 774 tempore
505 693 608 776 santis
624 715 660 756 ac
682 697 845 758 cuiuslibet
858 697 1071 758 tribulationis
1084 695 1237 774 agendam
1254 698 1304 760 sit.

301 775 468 838 CCXLVI.
511 781 559 838 De
580 778 642 840 hoc
666 775 691 838 si
715 777 862 839 evenerit
880 781 995 854 sames,
1020 778 1145 852 clades,
1175 787 1229 838 aut
1255 777 1340 839 inae·

219 855 363 940 qualitas.
377 857 470 937 aeris,
493 861 547 920 vel
566 861 627 921 alia
642 859 878 942 qualiscunque
898 861 1073 934 tribulatio,
1099 868 1218 926 utnon
1233 881 1341 942 expec-

219 949 306 998 tetur
324 938 466 1002 edictum
486 941 703 1018 dominicum,
727 943 784 1004 sed
806 943 912 1004 statim
933 944 1125 1026 deprecetur
1139 942 1199 1002 Dei
1221 942 1341 1004 miseri·

219 1021 338 1091 cordiae
366 1024 449 1084 utin
468 1024 628 1106 praesenti
646 1045 730 1086 anno
755 1025 795 1087 de
812 1025 904 1095 famis
920 1026 1047 1107 inopia,
1068 1034 1104 1084 ut
1118 1046 1192 1085 suos
1208 1025 1341 1105 quisque

220 1102 353 1169 radiaret
375 1115 472 1185 prout
501 1115 626 1186 potest,
661 1116 693 1168 et
721 1128 815 1167 nemo
847 1131 936 1170 suam
960 1129 1121 1168 annonam
1148 1106 1243 1166 nimis
1275 1127 1341 1167 care

221 1187 357 1260 vendat,
379 1196 410 1246 et
430 1190 571 1249 naiores
593 1187 764 1268 imperium
787 1199 931 1254 nostrum
952 1189 1112 1251 vendatur
1135 1188 1268 1270 aliquod
1288 1189 1341 1248 ali·

221 1267 375 1342 moniam.
417 1269 522 1356 Sapra
544 1272 615 1333 Lib.
635 1271 663 1333 l.
684 1292 710 1346 c,
737 1293 803 1332 112.

210 1371 266 1448 'Ut
283 1373 370 1456 iufra
386 1375 525 1458 patriani
539 1398 629 1438 arma
649 1399 713 1438 noa
731 1390 907 1461 portentur.
948 1373 991 1434 Et
1005 1375 1143 1457 qualiter
1161 1373 1342 1440 discor-dan.

515 1471 560 1518 tes
579 1457 624 1518 ad
640 1481 749 1542 pacem
769 1472 921 1540 cogantur
935 1457 1052 1518 redire.

303 1537 488 1603 CCXLVII.
529 1543 578 1609 De
595 1541 689 1615 armis
706 1541 791 1601 infra
803 1539 938 1626 patriam
957 1560 1021 1599 non
1043 1539 1219 1620 portandis,
1239 1539 1342 1615 idest,

219 1621 316 1682 scutis
334 1630 364 1680 et
382 1621 512 1682 lanceis.
552 1623 595 1684 Et
613 1625 638 1685 si
659 1623 800 1684 faidosus
814 1623 886 1706 quis
899 1623 939 1684 sit
953 1621 1142 1688 discutiatur
1152 1631 1233 1683 tunc
1248 1621 1341 1704 quise
1431 1655 1432 1694 p

222 1703 346 1776 ‹larobus
372 1704 551 1768 contrarius
573 1704 614 1769 sit
633 1717 666 1769 et
684 1709 727 1765 'ut
748 1706 850 1788 pacati
870 1704 935 1768 sint
954 1704 1218 1786 constringantur
1238 1705 1277 1766 ad
1296 1726 1342 1786 pa·
1431 1699 1432 1718 ¹

221 1807 312 1860 cern,
335 1787 456 1847 etiamsi
477 1789 653 1849 noluerint.
695 1789 738 1848 Et
754 1788 782 1848 si
801 1789 896 1850 aliter
917 1786 1076 1869 pacificari
1093 1789 1223 1862 nolunt,
1245 1786 1341 1851 addu-

220 1877 336 1928 cantur
356 1868 389 1928 in
407 1879 545 1930 nostram
559 1871 784 1952 praesentiam.
824 1871 867 1931 Et
881 1869 906 1931 si
917 1869 989 1952 quis
1008 1879 1080 1953 post
1092 1869 1342 1951 pacificationem

221 1950 358 2010 alterum
383 1951 549 2029 occiderit,
571 1962 742 2034 componat
762 1953 872 2029 illum,
904 1961 936 2012 et
959 1973 1089 2011 manum
1114 1973 1211 2033 quam
1236 1951 1341 2033 periu-

221 2033 303 2098 ravit
333 2032 452 2116 absque
472 2035 539 2094 ulla
563 2034 788 2114 redemptione
815 2033 947 2117 perdat,
984 2043 1017 2096 et
1045 2035 1179 2116 insuper
1202 2033 1342 2094 bunnam

222 2115 420 2175 ‹lominicum
441 2116 552 2178 solvat.
603 2113 650 2178 'Et
674 2125 709 2175 ut
731 2117 815 2190 servi
837 2118 964 2177 lanceas
991 2137 1058 2177 non
1084 2124 1228 2199 portent.
1281 2113 1341 2192 Qui
1431 2129 1432 2134 ’

220 2199 370 2264 intentus
390 2198 490 2259 fuerit
514 2208 587 2280 post
607 2197 762 2276 bannum,
789 2199 879 2261 hasta
900 2198 1066 2282 &angatur
1092 2197 1126 2259 in
1150 2197 1247 2260 dorso
1268 2197 1340 2272 eiua,

218 2281 323 2362 Supra
342 2281 413 2343 Lib.
437 2285 500 2342 ΙΙΙ.
522 2301 547 2340 c.
570 2283 599 2358 4
1155 2293 1158 2304 ’

479 2387 525 2445 De
546 2387 714 2447 armaturis
731 2399 762 2452 et
782 2387 902 2448 bruniis
924 2385 1086 2449 habendis.

195 2463 199 2472 ’
300 2465 503 2536 CCXLVI'I.
544 2471 593 2529 De
621 2469 788 2530 armaturis
815 2468 848 2528 iu
873 2469 1038 2547 exercitu,
1074 2468 1159 2532 sicut
1187 2478 1283 2532 antea
1309 2468 1340 2530 in

218 2551 280 2611 ·li0
302 2551 486 2632 capitulare
510 2551 749 2630 mandarimus,
771 2551 814 2612 ita
834 2560 991 2613 servetur.
1032 2551 1074 2612 Et
1089 2553 1223 2635 insuper
1244 2552 1341 2614 omnis

218 2635 313 2694 l·'orno
328 2633 367 2694 de
383 2633 555 2694 duodecim
569 2636 685 2710 mansis
697 2633 848 2696 bruniam
862 2633 987 2705 babeat.
1017 2634 1084 2710 Qui
1104 2656 1181 2697 vero
1196 2635 1342 2702 bruniam

216 2717 321 2793 inaniret,
345 2727 378 2776 et
394 2739 464 2777 eam
483 2735 592 2778 secam
609 2737 675 2777 non
691 2715 832 2793 duxerit,
854 2737 949 2777 omne
967 2715 1163 2782 beneficium
1182 2737 1259 2779 eum
1272 2718 1343 2779 bru«

218 2800 268 2858 aia
287 2800 410 2880 perdat.
452 2800 536 2860 laid.
558 2820 587 2861 t.
598 2799 627 2864 5.

315 2906 363 2964 De
386 2907 433 2965 lais
451 2908 506 2987 qui
528 2903 654 2965 iudiciis
679 2903 886 2968 Scabiaorum
905 2905 1106 2989 adquiescere
1123 2897 1247 2966 notant}

294 3010 466 3075 CCXllX.
508 3015 556 3072 De
577 3011 801 3072 clamatoribus
823 3009 874 3071 vel
896 3009 1067 3072 causidicis
1089 3009 1147 3090 qui
1172 3031 1239 3092 nec⁸
1257 3008 1339 3072 iudi-

212 3097 297 3154 eium
316 3093 540 3166 scabiniorum
549 3093 759 3174 adquiescere
776 3114 835 3154 nec
847 3091 1066 3174 blasphemare
1077 3093 1339 3173 volunt,antiqua

213 3180 412 3236 rmrsaetutlo
433 3188 590 3251 servetur,
607 3175 641 3236 id
660 3184 717 3250 est,
743 3185 779 3235 ut
791 3176 823 3236 in
846 3175 989 3236 custodia
1004 3173 1217 3236 recludantur
1239 3176 1338 3236 donee

212 3282 311 3318 artium
340 3257 501 3320 eduobus
526 3258 650 3320 faciant.
693 3259 776 3320 Etsi
797 3256 837 3318 ad
855 3257 1009 3340 palatium
1031 3277 1093 3339 pre
1120 3256 1180 3317 hae
1206 3279 1244 3319 re
1266 3275 1352 3339 pros

210 3341 419 3402 clamaverint
438 3353 469 3400 et
487 3341 609 3403 litteras
631 3341 903 3416 detulerint‚non
931 3340 1063 3422 quidem
1090 3338 1139 3400 eis
1172 3340 1337 3412 credatur,
1428 3337 1429 3348 ¹

212 3446 270 3483 uec
290 3435 366 3495 tarne
385 3434 491 3485 tamen
512 3425 542 3482 in
562 3446 724 3484 carcerem
740 3423 926 3499 mittantur,
959 3423 1015 3483 sed
1040 3443 1113 3481 eum
1139 3421 1286 3482 custodia
1308 3427 1337 3480 et

209 3531 280 3566 earn
300 3505 374 3586 ipsis
397 3505 513 3567 litteris
529 3507 566 3566 ad
588 3506 739 3586 palatium
762 3514 907 3564 nostrum
925 3504 1147 3583 remittantur,
1169 3513 1202 3565 et
1225 3501 1338 3564 ibidis.

209 3591 374 3650 (uitiantur
399 3587 482 3649 sicut
506 3589 640 3670 dignum
664 3599 717 3652 est.
765 3587 844 3648 Ibid.
867 3609 893 3652 c.
916 3609 944 3668 7.

194 3696 304 3784 'Quod
314 3776 317 3780 ἠ
326 3696 402 3773 llegi
416 3709 444 3753 et
462 3693 647 3770 Senioribus
669 3693 945 3776 tautumflclelitas
955 3713 1015 3775 per
1027 3703 1256 3752 sacramentum
1266 3709 1336 3773 pro·-

268 3780 352 3845 au'tti
372 3775 491 3841 debeat.
549 3774 591 3838 Et
613 3789 646 3836 ut
666 3790 790 3836 caetera
810 3788 1003 3836 sacramenta
1024 3774 1168 3854 legaliter
1176 3772 1276 3856 fiant.

288 3886 377 3944 CCL.
420 3875 468 3941 Dc
500 3882 697 3958 iuramento,
723 3890 759 3940 ut
782 3882 864 3941 nulli
890 3881 983 3940 alteri
1014 3901 1073 3962 per
1105 3889 1334 3954 sacramentnm

206 3967 341 4034 lidelitas
360 3965 566 4046 promittatur
582 3962 644 4024 nisi
661 3964 752 4024 nobis
772 3974 804 4024 et
824 3963 1003 4046 unicuique
1021 3959 1333 4045 proprioSenioriad

205 4050 376 4120 utilitatem
397 4058 536 4108 nostram
549 4055 580 4105 et
593 4045 643 4106 sui
654 4047 806 4115 Senioris;
819 4057 952 4127 excepto
966 4046 1019 4106 his
1033 4045 1237 4104 sacramentis
1248 4061 1332 4122 ‘quae

205 4135 285 4195 iuste
303 4131 483 4194 seeundum
501 4131 606 4208 legem
620 4130 715 4190 alteri
736 4130 774 4189 ab
793 4133 894 4192 altero
910 4129 1078 4193 debentur.
1129 4131 1171 4188 Et
1196 4125 1331 4187 infantes
1426 4143 1427 4150 ¹

201 4215 258 4295 qui
275 4223 368 4273 antra
393 4235 455 4272 saon
477 4222 654 4294 potuerunt
671 4221 802 4295 propter
836 4211 1012 4273 iuvenilem
1042 4219 1179 4277 aetatem
1204 4211 1330 4281 iurare,

204 4297 297 4357 aaaodo
316 4295 504 4360 fidelitatem
528 4294 724 4380 promittant.
769 4293 854 4357 tbid.
877 4315 904 4359 c.
917 4293 947 4358 8.
