2948 4990
185 282 260 356 638
575 377 579 387 Ι
630 306 918 365 caurucnuuu
1026 349 1035 360 .

455 440 543 524 Quid
561 441 601 501 de
623 443 798 504 latronibus
819 443 972 523 agendum
994 454 1044 505 stt.

270 520 528 590 CCLXXXVlI.
569 526 618 586 De
641 525 819 587 latronibus
837 527 920 587 sicut
939 528 1002 588 iam
1025 536 1099 588 ante
1117 524 1151 586 in
1166 525 1230 588 alio
1251 526 1317 588 Ca-

182 605 316 692 pitulari
340 605 642 686 commendavimus,
663 607 705 666 ita
726 619 861 670 maneat.
901 608 982 693 App.
1004 615 1051 672 ΙΙ.
1073 629 1099 670 c.
1118 629 1143 668 1.

227 711 317 795 Quid
333 711 372 770 de
396 711 461 770 illis
483 714 538 794 qui
557 735 675 774 uxores
700 715 813 774 babent
822 713 1006 798 fiscalinas,
1036 717 1077 776 sit
1107 713 1272 794 agendum.

265 817 534 880 CCLXXXVIII.
576 820 625 880 De
647 820 758 882 liberis
775 821 959 882 hominibus
980 823 1037 904 qui
1059 843 1176 883 uxores
1196 822 1235 882 de
1260 823 1317 886 fis-

153 903 227 963 'cis
249 901 412 983 regalibus
433 901 562 979 habent,
586 903 672 964 etde
692 903 820 963 feminis
839 927 920 985 quae
942 906 1062 966 liberae
1085 915 1171 979 sunt,
1195 915 1228 964 et
1251 904 1315 966 bo·

182 985 287 1068 mines
310 984 459 1045 similiter
481 986 640 1046 fiscalinos
660 986 765 1066 regios
790 986 911 1047 habent
929 996 983 1048 aut
1004 989 1179 1070 accipiunt,
1202 997 1237 1047 ut
1252 1009 1315 1050 nec

181 1068 221 1128 de
246 1068 425 1127 hereditate
442 1077 621 1147 parentum,
647 1068 700 1130 vel
723 1069 763 1130 de
789 1091 882 1132 causa
905 1093 960 1132 sua
973 1071 1169 1152 quaerenda,
1192 1091 1255 1130 nec
1273 1070 1314 1132 de

178 1150 364 1212 testimonio
382 1172 440 1229 pro
462 1149 520 1210 hac
542 1171 576 1211 re
599 1151 798 1223 abiciantur;
821 1152 877 1213 sed
893 1153 965 1216 talis
979 1155 1070 1214 nobis
1094 1154 1127 1214 in
1142 1153 1203 1214 hac
1219 1175 1318 1228 carisa

177 1231 285 1292 honor
312 1243 460 1293 servetur
487 1233 592 1312 qualis
620 1244 652 1294 et
674 1235 927 1297 antecessoribus
956 1237 1073 1297 nostris
1097 1235 1239 1314 Regibus
1259 1235 1322 1308 vel¹

177 1315 426 1399 Imperatoribus
445 1326 590 1376 servatus
610 1335 676 1378 esse
693 1318 905 1396 cognoscitur.
955 1323 1025 1384 III.
1048 1319 1113 1396 (6.,
1137 1318 1176 1380 V.
1199 1317 1271 1400 259.

342 1423 391 1480 Dc
413 1422 503 1482 libris
522 1413 695 1492 ennodicis,
719 1435 753 1482 ut
774 1426 933 1484 veraciter
953 1425 1137 1486 habeantur.

260 1525 506 1592 CCLXXXIX.
549 1528 718 1604 Volumus,
743 1538 776 1590 et
801 1529 844 1588 ita
875 1530 979 1591 Missis
1016 1531 1130 1592 nostris
1160 1528 1313 1590 mandare

176 1611 402 1692 praecipimus,
428 1620 461 1669 ut
479 1611 510 1668 in
528 1611 681 1670 Ecclesiis
704 1611 779 1672 libri
801 1613 949 1674 canonici
970 1633 1098 1676 veraces
1120 1613 1322 1690 habeantur,-

180 1693 264 1754 sicut
282 1695 345 1752 iam
364 1693 397 1752 in
418 1694 481 1752 alio
509 1692 688 1774 capitulari
708 1694 834 1776 saepius
857 1695 1087 1761 mandavimus.
1130 1701 1156 1756 Ι.
1180 1717 1228 1756 20.

231 1801 281 1860 De
305 1800 423 1876 Laicis,
446 1811 479 1858 ut
499 1798 681 1858 Orationem
707 1801 902 1860 Dominicam
919 1803 1100 1862 memoriter
1121 1801 1255 1867 discant.

262 1903 389 1969 CCXC.
431 1907 473 1964 Ut
502 1904 590 1964 Laici
616 1905 803 1988 Symbolum
832 1917 863 1969 et
890 1908 1079 1968 Orationem
1107 1909 1312 1969 Dominicam

176 1988 322 2132 pleniter
342 1987 475 2047 discant.
506 1987 645 2048 Comites
666 2011 797 2069 quoquc
816 2001 849 2050 et
869 1991 1066 2068 centenarii,
1091 1991 1215 2052 nobiles
1236 1992 1311 2067 viri,

192 2093 283 2152 egem
297 2093 386 2132 suam
402 2071 545 2150 pleniter
567 2070 707 2147 discant,
730 2073 813 2132 sicut
839 2072 871 2131 in
891 2074 954 2133 alio
978 2071 1051 2134 lo'co
1067 2075 1233 2135 decretum
1249 2083 1308 2154 est.
1411 2075 1414 2081 ’

176 2154 397 2235 Praecipimus
421 2162 528 2212 autem
551 2151 654 2212 Missis
678 2156 795 2216 nostris
813 2166 849 2215 ut
868 2178 904 2216 ea
927 2177 1009 2238 quae
1032 2157 1142 2218 multis
1164 2156 1227 2216 iam
1253 2177 1308 2215 an·

177 2237 228 2296 nis
249 2258 308 2318 per
326 2235 484 2316 Capitula'
496 2243 602 2294 nostra
623 2235 656 2293 in
673 2245 739 2296 toto
761 2259 861 2319 reguo
877 2248 985 2298 nostro
999 2239 1218 2300 mandarimus
1236 2259 1324 2319 age-¹

176 2341 231 2394 re,
254 2319 391 2395 discere,
416 2319 595 2391 observare,
618 2318 669 2378 vel
688 2319 720 2376 in
736 2321 1003 2381 consuetudinem
1017 2319 1154 2394 babere,
1178 2330 1214 2381 nt
1228 2321 1311 2380 baec

177 2401 285 2461 omnia
301 2423 389 2460 nunc
407 2399 767 2483 diligenterinquiraut,
791 2413 823 2463 et
844 2403 977 2463 omnino
1001 2403 1039 2462 ad
1059 2404 1226 2464 servitium
1244 2403 1309 2462 Dei

177 2494 210 2544 et
224 2485 263 2546 ad
285 2484 457 2544 utilitatem
482 2493 631 2557 nostram,
654 2484 705 2544 vel
723 2484 763 2544 ad
779 2481 922 2550 omnium
932 2485 1187 2546 Christianorum
1201 2485 1311 2546 bomi-

176 2589 256 2627 num
277 2569 468 2650 prosectnm‚
490 2567 646 2626 innovare
664 2568 830 2644 studeant,
855 2576 887 2628 et
908 2578 1064 2650 quantum
1084 2570 1224 2629 Domino
1246 2568 1308 2628 do-

175 2659 274 2711 nante
296 2652 501 2733 praevalent,
532 2649 572 2708 ad
595 2648 775 2728 perfectum
802 2672 904 2732 usque
932 2650 1128 2731 perducant,
1158 2661 1189 2710 et
1213 2649 1308 2712 nobis

90 2803 93 2812 1
176 2733 309 2793 omnino
331 2731 523 2794 renuntient
544 2729 618 2813 quis
638 2729 714 2792 inde
737 2742 898 2794 certamen
915 2732 1036 2793 bonum
1052 2733 1114 2794 hoc
1130 2733 1309 2816 adimplere

174 2815 354 2894 habuisset,
387 2825 423 2874 ut
445 2815 463 2873 b
484 2817 553 2878 Deo
581 2821 612 2872 et
639 2813 769 2875 bnobis
791 2815 923 2894 gratiam
946 2813 1070 2877 babeat.
1114 2816 1179 2892 Qui
1199 2826 1309 2876 autem

175 2900 352 2982 neglegens
375 2898 450 2958 inde
480 2899 587 2976 fuerit,
610 2902 647 2953 ut
669 2897 764 2961 talem
781 2898 983 2978 disciplinam
1002 2897 1309 2980 percipiatqualem

175 2983 247 3044 talis
269 2984 310 3043 sit
331 2991 532 3062 contemptor
553 2981 698 3059 rchpere
718 2981 846 3062 dignus,
869 2981 962 3041 itaut
981 2981 1098 3042 caeteri
1119 2990 1240 3040 metum
1253 2981 1308 3041 ha·

174 3066 273 3126 heaut
292 3064 438 3147 amplius.
483 3063 522 3128 V.
545 3065 615 3126 260.

177 3171 322 3256 Capituln
343 3192 421 3252 quae
443 3170 487 3230 nd
504 3171 619 3250 Legem
640 3172 776 3231 Salicum
798 3167 950 3230 mittenda
970 3182 1050 3233 sunt.
1079 3169 1128 3228 Dc
1149 3168 1308 3228 occisione

484 3254 698 3316 Diaconorum
719 3253 773 3312 cel
794 3254 865 3313 nliis
888 3253 999 3315 causis.

258 3333 398 3400 CCXCI.
441 3335 506 3412 Qui
528 3335 769 3398 subdiaconum
791 3332 968 3410 occiderit,
991 3341 1152 3392 trecentos
1180 3329 1302 3390 solidos

174 3427 358 3500 componat;
382 3418 438 3499 qui
468 3418 667 3496 Diaconum,
691 3417 944 3500 quadringentos
970 3415 1088 3475 solidos
1113 3423 1309 3492 componat,

173 3502 229 3584 qui
243 3501 489 3583 Presbyterum,
511 3499 698 3571 scxcentds;
723 3501 778 3582 qui
792 3499 1005 3581 Episcopum,
1029 3505 1225 3578 nongentos3
1248 3495 1307 3574 qui

173 3584 391 3664 Monachum,
439 3583 683 3666 quadringentis
701 3583 821 3644 'solidis
848 3580 1020 3660 culpabilis
1056 3579 1229 3638 iudicetur.
1274 3577 1309 3638 Si

174 3669 247 3750 quis
268 3670 300 3728 in
323 3668 521 3726 immunltate
540 3666 691 3726 damnum
717 3663 849 3746 aliquod
865 3663 998 3740 fecerit,
1028 3670 1197 3722 sexcentos
1220 3661 1309 3719 ‘soli-

174 3754 230 3813 dos
252 3759 430 3830 componat.
453 3748 486 3809 Si
499 3757 605 3808 autem
628 3748 723 3808 homo
740 3749 862 3807 furtum
883 3755 938 3804 aut
954 3744 1162 3804 homicidium
1178 3743 1307 3818 fecerit,

174 3845 230 3894 aut
249 3834 418 3916 quodlibet
432 3831 552 3892 crimen
571 3831 648 3892 soris
668 3831 870 3892 committens
890 3827 973 3886 infra
1001 3827 1235 3886 immunitatem
1252 3825 1307 3884 fu·

175 3918 280 3998 gerit,
304 3916 434 3975 mandet
461 3915 575 3974 Comes
598 3913 646 3974 vel
669 3913 828 3994 Episcopo
851 3911 902 3988 vel
925 3910 1057 3986 Abbati,
1088 3909 1141 3989 yel
1162 3906 1308 3970 Vicedo-

174 4001 281 4076 mino,
304 4000 356 4062 vel
371 3998 421 4056 illi
444 3991 499 4078 qui
521 3998 628 4056 locum
654 3996 805 4078 Episcopi
836 3992 888 4055 vel
917 3992 1046 4053 Abbatis
1072 3990 1232 4066 tenuerit,
1270 3997 1307 4048 ut

172 4083 291 4144 reddat
303 4083 331 4142 ei
349 4097 450 4144 reum.
493 4079 526 4138 Si
542 4079 597 4139 ille
620 4076 869 4149 contradixerit,
893 4085 925 4136 et
942 4098 1016 4135 enm
1037 4074 1173 4134 reddere
1195 4071 1310 4131 nolue-

174 4167 237 4241 rit,
261 4165 295 4222 in
315 4164 418 4246 prima
440 4161 696 4222 contradictione
718 4157 906 4241 quindecim
929 4158 1050 4220 solidos
1068 4163 1247 4237 componat.
1272 4152 1307 4212 Si

174 4249 216 4317 nd
238 4246 412 4312 secundam
429 4243 675 4333 inquisitionem
701 4264 776 4310 eum
807 4241 946 4306 reddere
975 4239 1137 4319 nolucrit,
1172 4235 1308 4320 triginta
