2926 4986
538 308 651 364 trusa
681 285 924 364 serrium
1097 300 1101 309 ‘
1185 289 1258 366 767

125 447 159 514 si
182 448 280 526 iero,
303 448 390 529 qnod
414 467 479 508 non
503 459 670 532 optamus,
699 445 767 531 ipse
801 449 996 510 Comes‘aut
1021 447 1061 508 de
1076 443 1258 530 ¹praedictis

125 534 229 595 causis
255 542 309 591 aut
331 533 370 591 de
402 532 467 614 ipsa
494 531 826 594 excommunicatione
846 529 1046 600 ¹inobediens
1066 541 1121 590 aut
1150 535 1260 616 negle-

125 638 203 700 gens
221 615 427 697 apparuerit,
449 613 574 676 honore
592 615 774 676 Comitatus*
782 613 905 695 pariter
916 621 949 672 et
964 612 1191 675 communione
1210 638 1262 677 ca·

124 708 312 778 reatusque
330 696 406 756 dum
427 697 518 757 ambo
537 698 569 756 in
589 707 728 758 nostram
749 694 963 776 praesentiam
982 695 1112 772 veniat,
1136 707 1172 756 ut
1202 719 1260 760 nos

125 781 220 840 illum
240 778 415 862 episcopali
432 780 620 845 auctoritate
636 789 730 858 atque
756 776 916 859 imperiali
940 785 1029 836 metu
1050 777 1093 838 ita
1117 781 1260 863 corriga-

124 885 213 939 mus,
235 871 316 923 utet
331 863 451 922 caeteri
466 863 613 922 timorem
632 861 792 940 habeant,
814 880 875 922 nee
897 858 1049 944 deinceps
1071 861 1148 921 talia
1170 884 1252 924 eom-

125 945 254 1008 mittere
277 944 439 1006 ullatenus
461 945 608 1006 audeant.

131 1049 173 1110 Ut
202 1049 332 1120 incesti,
360 1046 501 1130 qnandiu
525 1051 558 1108 in
580 1045 695 1108 scelere
715 1059 851 1124 manent,
869 1067 933 1112 non
943 1045 1099 1130 fidelium
1122 1050 1259 1111 Christi-

126 1153 276 1202 anorum,
296 1130 355 1190 sed
374 1143 492 1192 tantum
513 1143 567 1190 atet
592 1129 762 1190 Gentilium
788 1143 842 1190 aut
870 1129 1179 1207 Catecltumenorum,
1202 1135 1258 1194 oet

325 1269 329 1273 .
404 1213 703 1304 Energnmenorum,
726 1213 829 1272 locum
847 1225 981 1274 teneant.

202 1269 492 1381 'CCCCXXXHL
536 1316 672 1394 Incesti,
695 1316 823 1377 durnin
855 1317 923 1399 ipso
951 1317 1138 1381 detestando
1163 1331 1261 1406 atque

125 1401 261 1462 infando
284 1402 406 1464 scelere
428 1410 578 1477 manent,
612 1421 677 1460 non
710 1401 795 1459 inter
820 1399 933 1462 fideles
958 1401 1173 1481 Christianos,
1204 1405 1261 1468 sed

127 1483 372 1546 interGentiles
393 1483 713 1544 autCateclaumenos
725 1481 781 1552 ,vel
798 1483 1262 1564 Energumenos,liabeautur;

127 1565 161 1626 id
181 1575 244 1644 est,
268 1588 343 1628 cum
357 1566 549 1628 Christianis
570 1587 635 1626 non
660 1564 768 1626 cibum
785 1575 932 1637 sumant,
956 1587 1021 1626 non
1040 1577 1170 1648 potum,
1193 1590 1261 1629 non

127 1648 161 1708 in
190 1649 304 1710 eodem
322 1650 570 1709 vasculoedant
586 1658 640 1708 aut
654 1647 783 1716 bibant;
805 1647 862 1708 sed
876 1647 936 1708 soli
956 1647 1019 1708 hoc
1038 1649 1167 1715 faciant.
1187 1653 1260 1712 Non

126 1731 317 1792 osculentur
329 1741 392 1797 ,aut
410 1731 593 1791 salutentur
606 1731 643 1790 ab
663 1731 718 1791 eis.
761 1729 825 1790 Sed
840 1729 866 1790 si
884 1727 950 1790 suis
966 1732 1194 1794 Sacerdotibus
1213 1734 1262 1794 in·

128 1812 318 1874 obedientes
334 1813 519 1890 extiterint,
543 1823 575 1874 et
591 1813 608 1873 al
627 1824 689 1873 tam
704 1811 933 1873 nefandissimo
949 1833 982 1874 se
1008 1815 1130 1875 scelere
1151 1838 1261 1898 segre-

128 1916 202 1976 gare
222 1905 318 1978 atque
336 1896 376 1956 ad
392 1895 565 1976 publicam
577 1895 811 1978 poenitentiam
836 1894 944 1977 redire
972 1895 1158 1976 noluerint,
1176 1899 1261 1958 inter

129 1999 182 2038 eos
208 1976 390 2038 habeantur
405 1978 461 2057 qui
482 1979 596 2060 spiritu
621 1977 846 2060 periclitantur
870 1975 1051 2056 immunde,
1086 1979 1147 2045 vel.
1165 1981 1262 2042 etiam

129 2059 286 2120 intereos
303 2061 342 2122 de
359 2061 478 2140 quibus
496 2061 562 2142 ipsa
592 2060 718 2122 Veritas
747 2058 808 2118 ait:
829 2057 867 2118 St
893 2072 922 2119 te
947 2081 1010 2120 non
1031 2059 1170 2122 audierit
1178 2107 1190 2136 ,
1221 2063 1262 2123 sit

129 2143 188 2216 tibi
209 2143 289 2201 sicut
302 2144 443 2202 ethnicus
458 2155 488 2202 et
507 2143 700 2224 publicanus.
743 2141 824 2200 Nam
844 2161 919 2202 cum
937 2141 1169 2204 fidelibusnon
1202 2145 1262 2205 de·

128 2223 208 2284 bent
230 2245 340 2300 orare,
364 2224 479 2285 nec‘in
499 2225 678 2284 Ecclesiam
694 2224 831 2301 intrare,
852 2223 910 2284 sed
926 2223 966 2284 ad
990 2223 1118 2284 ianuam
1144 2227 1262 2288 Eccle-

129 2304 194 2366 siae
215 2307 396 2384 excubare,
420 2316 452 2368 et
466 2307 660 2366 intrantibus
679 2306 712 2365 in
731 2327 800 2366 eam
814 2315 909 2388 atque
937 2305 1131 2366 exeuntibus
1161 2329 1201 2370 ex
1225 2331 1263 2368 ea

123 2389 223 2447 ¹vultu
242 2388 275 2448 iu
296 2398 380 2448 terra
401 2397 558 2471 prostrato
579 2388 706 2450 veniam
720 2387 905 2470 postulare,
927 2396 960 2447 et
977 2397 1014 2448 ut
1030 2410 1089 2470 pro
1112 2408 1145 2448 se
1169 2411 1261 2450 orare

130 2490 196 2529 non
216 2470 434 2552 dedignentur
447 2469 608 2552 flagitare,
631 2479 663 2531 et
679 2469 827 2552 lacrymis
844 2468 978 2551 perfusi,
1000 2469 1095 2532 vultu
1110 2472 1261 2548 contrito,

129 2561 226 2632 atque
243 2552 412 2612 humiliato
429 2555 564 2636 spiritu,
586 2573 711 2634 semper
728 2550 875 2612 omnibus
893 2572 1067 2632 apparere,
1097 2573 1199 2634 usque
1222 2554 1261 2614 ad
1285 2563 1302 2613 α’

128 2634 379 2695 satisfactionem
399 2635 565 2697 Ecclesiae
586 2643 618 2696 et
634 2634 756 2717 proprii
769 2633 922 2716 Episcopi
940 2635 1128 2695 canonicam
1147 2657 1264 2697 recon-

129 2716 328 2782 ciliationem
347 2739 497 2796 manere,
521 2726 553 2778 et
575 2718 614 2779 ad
630 2716 801 2799 pristinum
822 2715 982 2779 incestum
1011 2737 1187 2798 numquam
1208 2741 1263 2780 re-

129 2797 219 2871 dire,
243 2819 303 2859 nec
319 2799 475 2861 secularia
493 2799 621 2881 negotia
641 2819 815 2875 exercere,
838 2819 898 2858 nee
913 2795 1042 2880 placitis
1057 2808 1113 2858 aut
1136 2820 1263 2862 accusa-

128 2879 270 2942 tionibus
286 2882 338 2942 vel
353 2882 543 2943 testimoniis
560 2883 714 2942 interesse
722 2923 735 2952 ,
759 2880 815 2942 sed
834 2878 955 2940 crebris
964 2881 1173 2942 sacerdotum
1185 2905 1262 2966 pre-

129 2961 240 3038 cihus,
262 2985 438 3047 manusque
460 2963 625 3024 Pontificis
640 2962 761 3045 proprii
778 2961 1054 3045 impositionibus,
1077 2971 1109 3024 et
1125 2963 1264 3026 eleemo-

128 3065 280 3126 synarum
313 3044 557 3128 largitionibus,
601 3056 695 3128 atque
735 3055 937 3106 caeterorum
968 3043 1130 3107 bonorum
1155 3045 1262 3109 homi·

130 3147 208 3208 uum
224 3132 257 3211 p)
276 3127 532 3189 exhibitionibus
552 3149 606 3188 eos
624 3127 756 3209 purgari
772 3124 943 3210 sanarique
960 3137 1098 3210 oportet.

261 3235 310 3292 De
327 3235 454 3294 incestis
477 3233 564 3294 nullo
589 3231 728 3311 coniugii
744 3233 871 3292 nomine
887 3233 1125 3315 praevalendis.

212 3336 485 3402 ccccxxxiv.
531 3341 674 3400 Incestus
693 3335 785 3397 nullo
805 3335 950 3420 coniugii
973 3339 1104 3404 nomine
1127 3361 1262 3425 praeta.

128 3420 243 3483 lendos
259 3443 327 3484 esse
347 3441 523 3484 censemus.
729 3461 735 3484 i
757 3439 760 3448 ’

441 3529 490 3587 De
513 3525 642 3588 incestis
668 3521 947 3589 coniunctionibus.

214 3628 473 3695 CCCCXXXV.
516 3632 549 3692 Si
565 3631 637 3713 quis
653 3653 691 3694 eo
705 3632 805 3715 gradu
816 3652 848 3692 se
863 3629 1047 3694 incestuoso
1061 3632 1175 3700 ordine
1187 3659 1262 3702 cum

126 3717 179 3779 his
192 3717 338 3799 personis
352 3714 502 3798 quibust
521 3715 640 3776 divinis
658 3715 780 3796 regulis
804 3711 1004 3796 prohibitum
1026 3724 1092 3794 est,
1121 3721 1261 3782 coniun-

127 3799 224 3876 xerit,
247 3819 415 3878 usquequo
429 3797 661 3880 poenitentiam
674 3795 927 3879 sequestratione
942 3804 1112 3879 testentur,
1128 3805 1262 3886 utrique

128 3880 355 3940 communione
373 3879 565 3961 priventur,
588 3888 620 3940 et
643 3900 749 3960 neque
771 3878 805 3938 in
819 3877 940 3959 palatio
955 3878 1074 3942 habere
1098 3884 1261 3964 militiam,

128 3983 237 4042 neque
256 3962 290 4021 in
308 3963 379 4026 foro
399 3961 595 4042 agendarum
612 3982 779 4021 causarum
795 3959 961 4020 licentiam
984 3959 1158 4032 habebunt.
1179 3969 1260 4030 llam

127 4042 259 4128 quoquo
279 4042 375 4105 modo
392 4041 557 4127 praedicto
570 4065 603 4106 se
628 4042 752 4106 incesto
767 4041 1010 4125 coniunxerint,
1031 4045 1184 4136 Episcopi
1199 4073 1258 4118 seu

143 4187 362 4203 -ι-ι-ι-..ιι-

136 4271 138 4278 ’
159 4263 195 4335 ρ)
213 4263 293 4320 Certe
309 4265 432 4335 legend:
453 4283 572 4338 operum.
