2948 4990
219 306 293 386 878

222 471 287 552 178.
316 471 365 532 De
397 467 626 558 Episcoporum
662 495 756 538 consa

316 575 376 637 per
411 557 585 642 Episcopos
629 557 756 640 Iudices

321 641 527 701 terminanda.

220 733 288 799 179.
322 718 362 779 Ut
387 723 491 781 nullus
518 724 654 784 occultas
675 743 757 803 nup-

320 803 381 862 tias
406 816 459 863 aut
486 819 607 889 raptum
625 805 730 886 faciat
742 846 755 874 ,

321 887 375 943 ool
388 905 477 968 quam
492 890 686 970 propinquus
704 887 757 944 lta-

223 1005 232 1024 .
320 965 386 1025 buit
400 1013 408 1043 ,
420 967 513 1026 ducat
535 991 667 1031 uxorem
673 993 685 1036 ,·
701 963 760 1050 sed

320 1047 480 1120 dotatam,
503 1065 533 1110 et
547 1053 566 1110 t
578 1051 758 1130 parentibus

318 1130 480 1199 traditam,
496 1155 556 1214 per
571 1133 760 1194 benedictio·

321 1233 389 1270 ncm
396 1213 599 1274 Sacerdoturn
610 1214 756 1297 accipiat,

321 1296 375 1372 qiti
390 1295 460 1353 visit
476 1298 604 1370 nubere,
615 1316 757 1358 uxorem.

283 1421 291 1442 .
320 1376 415 1456 Quod
445 1379 706 1438 excommunicati
739 1378 759 1438 it
811 1413 813 1420 ι

323 1457 508 1530 Sacerdote,
527 1475 691 1540 antequam
704 1482 759 1520 ca—

319 1544 688 1615 nonieereeoncilientur,
699 1563 760 1602 non

319 1625 443 1705 possint
457 1627 590 1684 maiores
613 1638 688 1684 natu
705 1645 759 1685 ac-

322 1725 439 1766 eusare.

284 1827 291 1842 .
321 1787 370 1846 De
391 1786 570 1859 homicidis,
593 1785 757 1872 maleficis,

324 1868 475 1950 veneficis
500 1871 677 1942 convictis,
702 1892 760 1953 ap-

322 1951 443 2032 pellare
471 1953 669 2024 uolentibus,
698 1973 760 2013 non

324 2031 500 2092 assiliendi&

220 2127 223 2134 ⁴
287 2155 294 2172 .
324 2113 419 2194 Quod
433 2115 630 2190 Presbyteri,
648 2115 762 2174 Diaco-

326 2197 402 2254 niet
421 2197 535 2279 reliqui
548 2197 680 2266 Clerici,
695 2197 761 2254 sine

326 2279 461 2338 iussione
474 2282 522 2337 sui
531 2277 705 2362 Pontificis,
718 2281 764 2336 ni·

327 2361 374 2418 lzil
387 2382 476 2438 agere
496 2361 639 2424 deleant.

228 2436 295 2502 185.
326 2441 372 2500 De
395 2447 442 2502 itis
469 2447 524 2525 qui
541 2446 679 2523 uirgines
703 2464 762 2526 op·

158 2525 161 2530 ’
242 2538 247 2547 “
321 2527 461 2607 primunt
479 2539 531 2585 aut
550 2528 685 2609 rapiunt.
719 2525 762 2584 Et

222 2626 225 2632 ·
326 2605 365 2664 de
382 2610 762 2704 aliorumsponsisroptis.
798 2623 802 2630 '

228 2681 293 2762 184.
322 2687 371 2747 De
386 2693 616 2752 accusatoribus
634 2712 667 2748 111
681 2689 763 2748 iudi-

325 2771 408 2830 cium
432 2770 693 2856 praesentandis,
732 2783 763 2831 et

324 2857 477 2914 accusatis
507 2878 570 2915 non
605 2854 763 2915 modicum

324 2938 457 3016 spatium
490 2936 680 3019 accipiendis
720 2935 764 2995 ad

324 3017 479 3078 abluenda
497 3021 638 3082 crimina.

227 3093 292 3156 185.
321 3097 369 3156 De
390 3100 520 3159 Clericis
545 3101 630 3160 nullo
649 3100 764 3183 fiscali

324 3193 379 3275 aut
383 3183 509 3264 publico
526 3182 697 3242 subdendis
715 3182 763 3265 of·

351 3283 407 3328 cto,

227 3337 293 3404 186.
313 3262 366 3402 Jllt
383 3345 486 3404 nullus
495 3346 652 3408 Sacerdos
659 3345 761 3428 semi-

323 3447 394 3484 uam
410 3449 511 3488 securn
535 3430 763 3514 habitarepeo·

221 3525 224 3530 ·
324 3509 427 3568 mittat
437 3554 448 3580 ,
472 3523 526 3578 aut
543 3531 610 3570 curn
634 3512 762 3594 eisfre-

323 3603 470 3672 quentare
484 3607 672 3673 praesumat.

225 3671 291 3751 187.
321 3673 369 3731 De
388 3674 515 3732 testibus
529 3675 583 3733 uel
598 3687 760 3735 accusato-

321 3755 761 3836 ribusquicumininzicismo·

634 331 922 394 entituentuuu

811 465 877 556 Ι189.
905 471 954 569 De
977 476 1153 573 peregrinis
1178 475 1347 564 Episcoplt

905 576 957 639 pte
974 558 1173 638 recipiendis.

811 657 878 719 190.
913 637 954 697 Ut
975 641 1114 700 inlicitus
1140 663 1281 702 accessus
1294 638 1350 721 se-

908 723 1064 782 minarum
1086 723 1130 782 ad
1159 726 1258 784 altare
1283 744 1350 784 non

879 827 882 832 ·
898 802 978 886 fiat,
993 818 1045 864 aut
1060 806 1142 864 ullae
1144 805 1286 884 feminae
1297 827 1349 864 vu·

906 905 941 944 sa
962 907 1073 959 sacra,
1099 900 1152 945 aut
1173 909 1285 950 coruus
1316 898 1349 944 et

898 969 1086 1045 'sanguinem
1105 969 1253 1041 Domini,
1276 989 1349 1030 con·

895 1055 1043 1110 'trectare
1062 1064 1274 1133 praesumant.

811 1145 877 1209 191.
905 1132 953 1190 De
985 1134 1136 1192 accusatis
1169 1133 1349 1194 Sacerdoti·

909 1214 977 1283 bus,
997 1227 1104 1274 utnon
1116 1218 1206 1297 prius
1217 1219 1250 1275 in
1264 1214 1349 1274 iudi-

909 1297 990 1354 cium
1008 1295 1170 1369 decidant,
1190 1319 1282 1377 qaam
1299 1317 1350 1356 ac·

910 1387 1069 1438 cusatores
1099 1380 1267 1438 secundum
1293 1401 1348 1439 ca-

911 1473 1038 1518 nontcas
1051 1473 1081 1520 et
1092 1462 1248 1539 regulares
1258 1481 1347 1520 sanc·

912 1541 1012 1601 tiones
1035 1543 1171 1627 pleniter
1189 1544 1349 1622 inquiran-

912 1635 972 1685 tur.

813 1721 879 1782 ¹9²·
906 1703 955 1762 De
995 1705 1203 1768 violatoribus
1243 1705 1349 1789 sepul-

911 1788 1062 1848 thronem,

814 1867 880 1948 193.
914 1867 955 1928 Ut
976 1868 1161 1930 Sacerdotes
1185 1891 1273 1928 suam
1286 1888 1350 1929 non

913 1953 1092 2031 relinquant
1105 1952 1289 2016 Ecclesiam.

815 2030 881 2112 194.
908 2033 957 2093 De
993 2035 1188 2109 Presbyteris
1217 2031 1351 2112 gradum

912 2116 1143 2188 amittentibus,
1168 2114 1297 2198 quiade
1314 2135 1350 2173 eo
1430 2161 1434 2169 ,

916 2198 1108 2257 deteriorari
1124 2201 1225 2260 solent
1239 2195 1351 2279 utfilii

912 2281 1016 2341 Belial
1035 2279 1217 2363 efficiantur
1223 2321 1252 2352 ,‚
1274 2276 1354 2360 quid

809 2381 812 2388 '
911 2363 1066 2438 agendum
1083 2366 1133 2422 sit.

815 2440 880 2525 195.
913 2443 958 2503 De
987 2446 1091 2504 Laicis
1124 2443 1163 2504 de
1198 2442 1348 2522 religione

912 2526 1096 2611 disputandi
1118 2526 1349 2610 praesumenti-

913 2609 977 2675 bus,

814 2686 881 2772 196.
911 2691 959 2750 De
977 2692 1026 2750 ltis
1044 2691 1100 2773 qui
1109 2689 1201 2770 falso
1221 2689 1350 2750 Princi-

911 2794 985 2854 pum
1003 2774 1155 2855 rescripto
1171 2771 1349 2832 detulerint.

912 2855 956 2914 Et
966 2854 1005 2914 de
1020 2855 1177 2916 nonnullis
1195 2856 1266 2914 aliis
1280 2874 1350 2914 cou-

913 2957 966 2995 sts.

815 3037 880 3100 197.
906 3017 1024 3079 Deliis
1049 3021 1104 3100 qui
1114 3016 1205 3097 falsa
1227 3015 1349 3096 fratri-

913 3101 968 3160 bus
983 3102 1157 3174 intulerint,
1169 3099 1350 3182 9111111911-

913 3179 987 3243 dunt
1009 3185 1059 3246 sit.

816 3261 882 3346 198.
915 3262 1067 3325 Uenutius
1077 3264 1353 3324 dealteriusPres-

912 3347 1013 3424 byteri
1047 3348 1200 3427 parochia
1231 3347 1351 3426 populo

908 3427 1098 3514 persuadere
1108 3427 1234 3497 audeat,
1250 3441 1282 3486 ut
1304 3448 1352 3486 re-

911 3513 986 3571 licta
992 3511 1125 3595 propria
1130 3510 1293 3602 parochia,
1308 3507 1354 3566 ad

911 3614 998 3652 suam
1014 3590 1187 3653 Escteszam
1203 3593 1354 3651 conueni-

912 3687 977 3746 ant,
1002 3688 1054 3733 uut
1068 3673 1128 3732 tibi
1143 3691 1250 3732 eorum
1270 3671 1355 3732 deci-

912 3763 982 3815 ntas'
1002 3755 1086 3814 dent.

324 3850 453 3906 rantur,
487 3838 521 3895 in
553 3837 759 3898 Sacerdotum
814 3853 880 3918 199.
903 3838 999 3919 Quod
1011 3837 1115 3896 Laicis
1133 3833 1172 3893 de
1193 3835 1268 3892 viris
1283 3835 1355 3894 Deo

321 3919 516 3979 accusatione
531 3941 593 3980 non
609 3923 760 4004 recipien-

323 4000 385 4064 dis.

222 4081 289 4148 188.
317 4082 366 4140 De
383 4082 510 4142 testibus
527 4103 589 4142 non
609 4082 758 4166 recipien-

321 4162 372 4223 dis
389 4165 443 4246 qui
466 4163 659 4224 Christianae
679 4163 756 4222 reli-

910 3920 1036 3990 dicatis,
1057 3919 1104 3976 uel
1132 3916 1354 3992 ecclesiasticis

900 4001 1124 4083 facultatibuS,
1148 3997 1272 4078 aliquid
1284 3995 1356 4055 dis-

906 4081 1047 4168 ponendi
1066 4081 1154 4140 nulla
1170 4081 1209 4138 sit
1222 4079 1357 4139 attribu.

907 4178 940 4224 tn
953 4163 1105 4244 facultas,

318 4246 406 4326 gioui
421 4245 530 4329 infesti
541 4245 716 4310 extiterint.·
808 4265 878 4314 2002
909 4247 958 4308 De
976 4247 1096 4329 iu'sqai
1111 4243 1145 4305 in
1168 4224 1359 4328 blasphemi·¹
