2926 4986
194 328 287 432 ,ru
667 357 952 416 cerrruseuuu

192 473 490 585 ’ᾶῦοςρῑιιωῐαονὶί
507 519 605 582 quens
625 455 810 579 debebatur,
822 496 913 582 quod
935 493 1072 580 emplius
1098 500 1265 578 templum
1287 498 1340 552 ⁸⁵2

208 579 396 638 resumatur
410 578 560 649 debitori.

212 673 257 737 Ut
275 677 450 766 Episcopus
473 685 558 746 ultra
574 703 663 760 rrum
680 686 878 770 provirses'em
896 679 941 743 ad
955 677 1108 742 iudicium
1124 679 1251 739 minime
1275 675 1337 736 dc·

208 773 335 821 vocetur
338 805 352 836 ,
375 765 549 849 nieisuerit
559 781 760 848 provocatum
771 791 783 837 ;
803 765 862 827 sed
874 766 912 826 ab
934 763 1075 825 oneribus
1098 764 1164 822 suis
1187 778 1337 841 compro-

215 863 220 872 ·
275 843 464 910 cincialidus
481 847 649 934 Episcopis
670 850 759 930 iufra
777 869 864 910 suam
882 845 1078 930 prouinciam
1108 842 1267 904 audiatur.

287 945 467 1022 cccxlv.
507 955 626 1016 Nullus
643 954 822 1038 Episcopus
846 960 937 1014 extre
958 971 1046 1012 suum
1069 947 1271 1030 provinciam
1294 943 1337 1006 ed

207 1027 365 1094 iudicium
376 1033 564 1098 devocetur.
606 1037 671 1100 Sed
689 1048 802 1100 roceto
817 1057 856 1098 eo
876 1033 1032 1096 cononice
1044 1031 1078 1091 in
1088 1031 1172 1091 loco
1186 1029 1337 1090 omnibns

205 1132 362 1194 congruo,
382 1126 526 1202 tempore
545 1119 703 1204 synodali,
721 1119 760 1180 nb
779 1119 927 1180 omnibus
943 1112 1267 1196 comprovincialibus
1287 1111 1338 1172 E·-

204 1193 344 1278 piscopis
366 1199 525 1279 audietur,
547 1202 605 1284 qui
629 1203 824 1264 concordem
853 1220 950 1282 super
977 1217 1052 1259 eum
1081 1195 1336 1274 canonicumque

204 1277 351 1360 proferre
366 1281 487 1344 debent
506 1283 708 1346 sententiam.
750 1284 835 1362 Quis
854 1284 880 1344 si
898 1284 960 1344 hoc
974 1277 1165 1352 minoribus,
1182 1286 1245 1336 tum
1261 1277 1339 1339 Cle·

203 1357 281 1419 ricis
298 1381 395 1442 quum
409 1363 526 1443 Laicis,
548 1367 820 1443 concessum'est,
837 1373 958 1447 quanto
980 1361 1079 1442 magis
1103 1361 1143 1422 de
1166 1357 1339 1440 Episcopis

204 1443 325 1502 servari
341 1449 516 1510 convenit?
534 1449 614 1510 Nem
626 1449 653 1512 si
670 1449 737 1531 ipse
752 1447 1037 1529 Metropolitanum
1049 1449 1105 1504 eut
1123 1441 1250 1502 ludices
1268 1463 1338 1516 sus·

203 1532 313 1605 pectes
335 1523 497 1607 hebuerit,
515 1540 572 1592 out
587 1531 722 1594 iniustos
738 1531 885 1606 senserit,
903 1527 989 1610 apud
1008 1525 1183 1588 Primrtem
1203 1521 1338 1586 dioece-

207 1623 279 1670 seos
293 1615 349 1667 rut
361 1611 446 1692 apud
457 1613 619 1676 Romanae
639 1612 731 1678 Sedis
746 1611 939 1675 Pontificem
951 1607 1123 1670 iudicetur.

319 1734 370 1798 De
388 1739 554 1825 Episcopis
575 1741 632 1825 qui
648 1741 820 1805 Romanum
835 1737 1001 1825 appellant
1016 1734 1217 1820 Pontificem.

286 1837 449 1907 CCCXV.
497 1847 625 1909 Placuit
652 1856 688 1910 ut
711 1847 737 1910 si
762 1847 939 1930 Episcopus
960 1853 1123 1906 accusatus
1149 1841 1338 1924 appellave-

203 1918 248 1982 rit
263 1919 442 1986 Romanum
455 1927 661 2020 Pontificem,
680 1930 715 1992 id
727 1929 932 2009 statuendum
953 1926 1042 2010 quod
1068 1926 1136 2009 ipse
1157 1925 1332 1987 censuerit.

179 2031 181 2038 Α
203 2051 253 2112 De
274 2052 472 2130 Presbyteris
519 2053 553 2116 ui
573 2057 610 2116 in
627 2059 692 2120 suis
706 2058 868 2144 parochiis
889 2053 1014 2137 aliquid
1034 2029 1222 2136 paganismi
1241 2075 1338 2133 agere

204 2137 411 2218 permittunt,
433 2150 465 2198 et
508 2158 525 2200 e
552 2142 637 2220 agris
665 2143 700 2201 iu
725 2142 836 2224 quidus
858 2139 934 2200 baec
960 2151 1031 2198 acta
1053 2157 1120 2196 esse
1149 2151 1335 2226 noscuntur,

604 2221 685 2304 quid
703 2221 864 2304 agendum,
886 2223 936 2287 sit.

287 2319 464 2399 CCCXVI.
506 2323 541 2387 Si
572 2324 607 2387 in
636 2327 773 2390 alicuius
797 2325 980 2411 Presbyteri
1008 2321 1160 2408 parochia
1185 2321 1341 2389 infideles

203 2412 260 2466 eut
280 2405 400 2468 faculas
428 2408 647 2488 accenderint,
669 2420 726 2470 aut
744 2411 873 2474 arbores
891 2419 946 2470 uut
967 2410 1073 2470 fontes
1100 2414 1155 2468 uut
1173 2428 1248 2469 ense
1274 2427 1335 2468 re-

203 2497 369 2566 rerentur,
400 2489 427 2552 si
448 2489 511 2550 hoc
539 2511 658 2554 eruere
675 2494 873 2574 neglexerit,
900 2489 1061 2572 sacrilegii
1090 2510 1183 2550 rcum
1203 2510 1236 2550 se
1262 2509 1335 2548 esse

202 2581 381 2652 cognoseat.
421 2571 585 2635 Dominus
615 2583 670 2635 ent
695 2575 863 2636 ordinator
881 2574 929 2636 rei
963 2573 1080 2656 ipsius,
1101 2571 1128 2633 si
1150 2570 1337 2642 admonitus

205 2650 271 2716 hoc
294 2653 464 2716 emendare
487 2655 639 2736 noluerit,
662 2657 886 2720 communione
907 2656 1062 2739 privetur.

240 2758 291 2819 De
307 2761 540 2843 poenitentibus
561 2783 654 2846 quac,
675 2758 833 2841 defunctis
853 2764 941 2835 viris,
963 2763 1037 2824 aliis
1057 2759 1174 2822 nubere
1190 2781 1289 2845 prae-

708 2856 841 2910 sumunt.

291 2942 491 3026 CCCXVII.
532 2942 707 3010 Poenitens
726 2968 821 3030 quse,
842 2947 993 3010 defuncto
1016 2947 1096 3023 viro,
1119 2947 1184 3010 ulio
1208 2943 1336 3013 nubere

201 3029 460 3112 praesumpserit,
486 3043 520 3091 et
543 3051 628 3108 queo
649 3027 702 3090 vel
725 3038 872 3112 suspectu
894 3031 945 3091 vel
964 3029 1139 3092 interdicta
1164 3029 1334 3091 familiari-

200 3119 265 3173 tate
286 3131 361 3172 cum
381 3120 535 3173 extraneo
557 3109 750 3189 convixerit,
771 3133 846 3172 curn
870 3112 985 3174 eodem
1001 3112 1040 3172 uh
1062 3110 1229 3174 Ecclesiae
1248 3109 1337 3172 iimi-

201 3191 296 3254 nibus
317 3200 471 3254 arceatur.
511 3193 597 3254 Haec
624 3193 720 3256 etiam
739 3201 771 3256 et
791 3191 830 3257 de
850 3194 921 3256 viro
945 3193 979 3254 iu
1001 3193 1202 3278 poenitentis
1224 3193 1334 3276 posito

200 3273 327 3356 placuit
349 3272 523 3341 observari,
785 3278 787 3284 '

201 3379 251 3440 De
272 3379 321 3438 bis
342 3379 483 3457 quirem
499 3379 629 3460 alterins
650 3363 851 3442 vendendum
871 3381 1069 3465 acceperint,
1091 3381 1121 3440 si
1141 3401 1209 3441 eam
1229 3381 1333 3444 mirsus

240 3457 463 3542 ceredidertnt,
483 3464 621 3550 pretium
653 3462 741 3545 quod
767 3464 812 3522 eir
832 3461 1013 3528 mandatum
1027 3459 1140 3550 suerat
1169 3462 1309 3572 solverc'

687 3557 846 3624 cogantur.

283 3641 497 3711 CCCXVIII.
539 3647 666 3730 Siquis
688 3647 826 3712 cuilibet
855 3645 987 3711 mandet
1007 3659 1043 3709 ut
1068 3668 1138 3710 rem
1159 3668 1247 3712 suum
1272 3645 1334 3711 de-

201 3753 272 3795 cem
292 3730 411 3792 solidos
432 3729 562 3808 vendat,
584 3741 617 3793 et
631 3731 689 3792 ille
706 3753 775 3792 eam
792 3741 864 3792 octo
882 3729 1078 3809 vendiderit,
1092 3732 1231 3813 pretium
1242 3733 1335 3814 quod

199 3814 232 3877 ei
253 3813 438 3878 mandatum
458 3823 518 3890 est,
540 3813 698 3894 quicquid
716 3813 824 3874 minus
841 3813 885 3873 eb
905 3823 1047 3896 emptore
1065 3815 1222 3896 percepit,
1241 3835 1337 3874 ‘man-

201 3895 308 3967 datori
329 3895 490 3979 complere
522 3896 743 3981 compellatur.
785 3893 939 3958 Venditis
956 3905 1068 3958 ‘temen
1093 3897 1236 3964 rescindi
1263 3917 1333 3958 nou

199 3986 316 4064 potest,
928 4001 930 4008 ’

241 4084 291 4146 De
312 4103 351 4146 eo
373 4083 430 4170 qui
455 4100 581 4142 seruum
602 4083 683 4145 bone
700 4079 777 4166 fide
798 4083 1042 4164 comparaverit,
1063 4085 1093 4144 si
1112 4101 1225 4145 seruus
1245 4103 1290 4144 er

365 4178 368 4184 '
412 4166 520 4250 priori
540 4166 615 4227 vitio
628 4163 767 4248 filgerit,
789 4167 871 4254 quid
889 4165 1045 4246 agendum
1064 4168 1118 4234 sit.

165 4254 215 4320 I«
281 4265 477 4340 CCCXIX..
498 4269 626 4340 ,Servus
639 4269 811 4336 bonafide
828 4281 1028 4356 comparetur
1044 4268 1080 4337 si=
1096 4269 1261 4338 ers-'veteri
1278 4270 1334 4335 vi-'
