2948 4990
577 339 692 400 essse
726 339 870 397 sexsus
1215 321 1287 393 003

160 479 399 557 subdiaconus,
422 479 461 546 od
483 479 607 544 bellum
633 481 835 564 processerit,
858 489 889 542 et
912 499 997 542 armo
1017 476 1136 541 helbon
1159 477 1290 542 indutus
1309 507 1314 532 s

157 564 263 625 fuerit
281 564 321 624 ud
336 561 602 644 belligerandum,
619 565 657 625 nb
671 565 758 626 omni
774 563 881 625 officio
902 562 1090 645 deponatur,
1112 563 1146 622 in
1167 571 1291 622 tantum

158 654 202 705 ut
217 668 277 707 nec
299 646 413 706 laicam
429 646 687 708 communionem
708 646 831 706 habent.

210 747 252 810 Ut
267 752 450 828 Presbyteri
465 751 593 811 alterius
610 753 744 830 regionis
757 772 820 811 non
836 747 1015 833 sacrificent
1030 749 1247 828 praesentibus

492 835 688 910 Presbyteris
708 835 805 916 ipsius
821 835 965 912 regionis.

246 937 345 997 LXII.
388 940 431 998 Ut
450 938 632 1020 Presbyteri
653 939 785 1000 ulterius
813 939 978 1020 regionis,
999 935 1219 1022 praesentibus
1239 936 1291 1021 ip·
1393 993 1397 1000 .

159 1018 231 1082 sius
248 1019 391 1102 regionis
411 1020 619 1104 Presbyteris,
642 1042 707 1081 non
724 1019 912 1086 sacrificent.

377 1129 426 1187 De
449 1127 601 1188 uxoribus
628 1139 659 1186 et
680 1127 760 1186 viris
786 1149 817 1187 se
840 1127 1076 1188 dimittentibus.

246 1231 360 1292 LXIII.
403 1233 446 1293 Ut
469 1231 504 1292 hi
527 1230 580 1294 vel
603 1229 662 1292 hae
689 1233 746 1313 qui
768 1254 884 1294 uxores
911 1240 965 1291 eut
988 1231 1075 1292 viros
1103 1231 1285 1311 dimittunt,

161 1315 394 1458 giileffianll
417 1314 474 1376 sed
487 1323 542 1375 aut
556 1313 758 1377 continentes
776 1323 937 1392 maneant,
960 1323 1013 1374 aut
1034 1312 1161 1375 sibimet
1176 1336 1288 1376 recon-

377 1506 426 1564 De
449 1504 616 1588 Episcopis
639 1504 832 1584 litigantibus
849 1503 903 1564 vel
921 1501 1077 1563 iudicatis.

245 1610 358 1671 LXIV.
401 1609 434 1670 Si
460 1610 550 1672 litem
565 1610 714 1671 habuerit
730 1611 907 1692 Episcopus
928 1630 1001 1670 cum
1027 1605 1091 1667 ulio
1116 1603 1287 1700 Episcopo,

163 1713 231 1754 non
252 1692 395 1768 alterius,
423 1692 479 1754 sed
494 1714 568 1754 suae
588 1693 771 1772 provinciae
791 1693 916 1755 Iudices
933 1699 1073 1773 quaerat.
1114 1690 1156 1750 Et
1178 1697 1214 1747 ut
1239 1708 1291 1746 rn-

164 1776 271 1836 dicnto
288 1774 322 1834 in
342 1775 450 1855 aliqua
469 1798 564 1837 causa
584 1776 743 1858 Episcopo
758 1775 854 1836 liceat
873 1775 987 1836 iterare
1006 1771 1179 1843 indicium
1203 1779 1246 1850 et,
1261 1768 1290 1831 si

165 1878 295 1919 necesse
314 1857 424 1936 fuerit,
447 1857 547 1919 libere
565 1858 758 1942 Episcopum
773 1857 860 1919 adire
881 1859 1070 1920 Romanum.
1162 1905 1165 1914 ,

326 1963 375 2025 Ab
405 1965 561 2026 haeretico
583 1963 685 2023 nullus
712 1963 957 2025 benedictionem
980 1961 1124 2044 accipiat.

244 2069 342 2134 LXV.
383 2072 426 2129 Ut
442 2071 480 2131 nb
499 2068 663 2131 haeretico
683 2068 944 2130 benedictionem
960 2067 1071 2128 nullus
1092 2063 1236 2150 accipiat.

411 2175 671 2238 Deerationibus
681 2175 725 2236 ad
744 2175 871 2235 Patrem
882 2172 1070 2254 dirigendis.

247 2280 367 2347 LXVI.
410 2285 451 2343 Ut
469 2281 579 2343 nullus
595 2281 628 2341 in
641 2280 788 2363 precibus
803 2280 864 2342 nisi
886 2281 926 2341 ad
939 2259 1065 2342 Patrem
1089 2277 1207 2360 dirigat
1223 2299 1291 2342 ora-

167 2366 304 2436 tionem
327 2373 362 2423 ut
373 2364 461 2446 prius
478 2386 529 2425 ens
543 2387 616 2426 cum
628 2363 884 2426 instructIoribus
901 2363 954 2425 vel
967 2360 1196 2424 eruditioribus
1212 2371 1292 2424 trec·

166 2458 222 2510 tet.
269 2447 402 2531 Capitul.
420 2471 447 2512 a.
465 2449 576 2528 744⁶.
597 2468 626 2529 9.

333 2553 378 2612 De
410 2551 597 2630 Presbytero
627 2553 665 2618 ab
700 2554 762 2616 alio
783 2553 941 2639 Episcopo
964 2551 1121 2615 ordinato.

176 2680 179 2684 ·
245 2662 375 2721 LXVII.
418 2661 591 2726 Ordinatns
611 2661 758 2722 Clericus
777 2662 815 2722 ab
831 2661 894 2722 olio
908 2659 1078 2742 Episcopo,
1092 2680 1158 2719 non
1173 2657 1290 2742 depre-

167 2753 258 2804 cante
282 2744 334 2804 vel
355 2743 574 2804 consentiente
592 2766 660 2822 suo,
680 2743 713 2804 in
733 2745 828 2805 Clero
850 2766 915 2804 non
937 2751 1072 2807 maneat.

165 2848 215 2910 De
242 2849 305 2908 illis
327 2847 525 2926 Presbyteris
546 2850 601 2931 qui
618 2851 759 2996 neiciant
782 2851 873 2946 iuxta
887 2859 1089 2933 pracceptum
1117 2847 1290 2909 Salvatoris

669 2945 810 3017 aptrzarr.
877 2993 880 3000 ⁴

247 3035 399 3102 LXVIII.
443 3035 521 3098 Illos
545 3057 654 3098 omnes
659 3035 699 3116 s)
721 3057 800 3116 quos
827 3033 876 3095 illi
905 3036 1087 3118 Presbyteri
1107 3035 1290 3120 baptizave-

164 3129 242 3180 runt
260 3119 317 3200 qui
340 3118 524 3182 nescierunt
545 3119 634 3180 iuxta
650 3127 856 3200 praeceptum
875 3121 1006 3180 Domini
1027 3120 1203 3182 salvatoris
1220 3142 1292 3182 nos-

164 3202 206 3260 tri
231 3203 303 3263 Iesu
329 3201 447 3278 Christi
471 3201 651 3284 baptizare,
679 3221 784 3282 neque
809 3213 935 3263 sunctae
956 3203 1125 3264 Trinitatis
1157 3203 1290 3285 mystica

164 3284 261 3344 rerba
287 3284 454 3361 invocare,
483 3295 651 3366 propterea
674 3284 820 3344 iubemus
841 3306 896 3346 cos
916 3284 1088 3369 baptizari,
1117 3285 1193 3368 quin
1219 3287 1289 3347 sine

164 3365 226 3427 fide
247 3365 372 3427 sunctae
394 3366 562 3428 Trinitatis
584 3375 659 3428 sunt
676 3365 837 3447 baptizati.
940 3437 943 3446 Ι

163 3475 218 3536 De
241 3473 349 3533 Missis
371 3475 498 3550 nostris,
525 3472 660 3555 qualiter
678 3493 747 3533 cum
769 3471 936 3554 Episcopis
968 3475 1159 3553 singularum
1183 3477 1289 3555 regio-

203 3576 277 3614 num
293 3555 377 3614 eirca
397 3554 554 3615 Ecclesiae
571 3555 634 3613 Dei
646 3555 769 3636 eiusque
790 3554 976 3616 Sacerdotes
993 3577 1083 3636 agere
1102 3558 1246 3618 debeant.

243 3661 354 3723 LXIX.
397 3661 439 3719 Ut
455 3660 542 3720 Missi
558 3659 657 3720 nostri
677 3681 741 3720 una
761 3681 834 3720 cum
857 3661 1024 3745 Episcopis
1040 3664 1179 3744 propriis
1200 3686 1289 3747 mag-

163 3763 237 3802 nam
254 3764 362 3802 curam
373 3741 513 3802 habeant
528 3741 679 3823 quatinus
695 3739 818 3802 dirutae
829 3744 993 3805 Ecclesiae
1010 3746 1153 3825 pleniter
1170 3756 1290 3807 restau-

162 3834 287 3901 rentur,
316 3833 409 3908 atque
430 3834 596 3902 ornentur,
619 3833 651 3884 et
672 3844 754 3905 quae
775 3824 898 3886 dotatae
919 3848 983 3887 non
1009 3837 1103 3905 sunt,
1131 3828 1181 3890 vel
1207 3850 1290 3909 quae

162 3905 270 3966 dotem
295 3928 384 3966 sunm
416 3907 573 3990 perditam
600 3906 654 3968 vel
680 3905 870 3967 subtractam
901 3905 1048 3986 habent,
1078 3910 1221 3992 pleniter
1258 3920 1290 3973 et

161 3988 317 4049 canonice
343 3989 508 4062 dotentur;
532 3997 570 4048 ut
595 3988 683 4072 quod
701 3988 828 4052 iniuste
858 3989 1089 4075 perdiderunt,
1119 3992 1202 4054 iuste
1233 4014 1287 4056 re·

160 4070 290 4153 cipiunt,

169 4214 547 4232 Μ

190 4264 231 4340 f)
257 4265 289 4320 tl.
308 4283 365 4322 mss.
392 4268 525 4330 homines.
