2926 4986
220 273 293 350 770
673 289 963 350 cnrrruuaruun

217 423 652 577 ιροΙῖεινειῑγῑ,Ιεῑόιιᾶιιιοιιοῐιιε
669 430 831 518 Episcopo
847 453 912 494 nou
926 427 1116 510 reddiderit,
1132 431 1353 494 exeommuni-

217 527 318 578 cetur.
412 565 420 580 .
468 535 513 596 ¹9·

299 623 418 683 Dabis
443 623 498 704 qui
524 620 695 684 Ecclesiam
716 623 857 693 intrant,
884 632 916 681 et
940 641 1005 682 non
1028 619 1268 688 communicant.

298 723 558 790 CCCCLXXII.
600 725 728 787 Placuit
754 735 789 786 ut
819 725 1008 807 omnesqui
1036 725 1070 784 in
1093 725 1273 788 Ecclesiam
1295 726 1349 787 in·

214 816 314 885 trent,
339 809 399 870 nisi
425 810 520 870 dsuo
544 808 669 869 fuerint
691 808 959 869 exeommunicati
982 809 1174 883 Sacerdote,
1202 830 1347 869 eommu-

216 893 337 957 nicent.
380 891 415 951 Si
437 891 491 972 qui
514 900 621 951 autem
647 881 836 952 hoclacer'e
862 889 1047 966 noluerint,
1069 891 1192 950 tamdiu
1217 891 1235 950 d
1258 914 1347 953 com-
1438 907 1442 916 ’

213 973 369 1035 munione
384 983 416 1035 et
437 975 453 1032 d
471 972 731 1034 Christianorum
747 973 908 1036 consortio
925 972 1105 1034 habeantur
1120 972 1232 1048 alieni,
1246 995 1347 1054 quan-

214 1056 273 1115 diu
285 1077 345 1138 per
361 1055 609 1116 satisfactionem
621 1055 785 1118 Ecclesiae
807 1059 825 1118 d
845 1055 976 1137 proprio
996 1064 1182 1115 mereantur
1202 1077 1260 1138 per
1280 1077 1347 1116 ma-

215 1157 276 1198 nus
305 1137 543 1234 impositionem
565 1136 771 1201 reconciliari
795 1139 974 1222 Episcopo,
1009 1147 1042 1201 et
1066 1146 1195 1198 sanctae
1219 1137 1347 1200 restitui

213 1239 443 1288 commumoni.

254 1327 303 1386 De
323 1325 371 1386 bis
395 1331 452 1412 qui
477 1328 656 1412 acceperint
679 1325 932 1398 Eucharistiam,
964 1338 1081 1389 ernon
1104 1326 1303 1411 sumpserint.

296 1428 566 1500 CCCCLXXIll.
609 1433 738 1506 Placuit
768 1452 880 1492 omnes
914 1433 971 1513 qui
1006 1453 1129 1493 sacram
1159 1434 1345 1516 acceperint

211 1513 460 1592 Eucharistiam,
482 1526 514 1576 et
539 1537 604 1577 nou
630 1514 842 1598 sumpserint,
871 1523 908 1576 ut
930 1514 1078 1596 sacrilegi
1111 1515 1322 1596 repellantur.

218 1619 260 1682 Ut
280 1621 314 1680 ta·
337 1622 391 1702 qui
416 1621 436 1680 b
458 1621 683 1684 Sacerdotibus
704 1619 1017 1682 excommunicantur
1027 1666 1038 1693 ,
1061 1619 1264 1682 bFidelibus
1286 1644 1342 1682 usq

253 1723 313 1784 que
337 1703 381 1762 ad
408 1706 716 1776 reconciliationem,
750 1704 813 1763 nisi
841 1704 953 1784 quibus
973 1705 1160 1785 permissum
1174 1702 1298 1784 fuerit,

632 1807 755 1868 semper
778 1787 923 1845 vitentur.

296 1862 565 1935 CCCCLXXIV.
607 1870 736 1931 Placuit
764 1865 874 1927 uthis
903 1864 1002 1948 quid
1029 1863 1094 1926 suis
1121 1871 1342 1931 excommuni-
1445 1887 1446 1890 ’

212 1955 328 2008 cantur
347 1949 572 2012 Sacerdotibus
596 1953 706 2013 nullus
730 1949 874 2010 fidelium
893 1949 1120 2025 communicet,
1144 1949 1205 2010 nisi
1222 1953 1341 2034 quibus
1445 1981 1446 1986 ¹

210 2030 400 2112 permissum
421 2032 460 2091 ab
480 2034 525 2094 eis
543 2035 652 2110 fuerit,
675 2055 736 2095 nee
751 2033 938 2114 priusquam
956 2031 1111 2092 canonice
1129 2035 1342 2095 reconcilien-

186 2121 264 2170 ·tur
289 2111 328 2172 ad
352 2133 419 2174 eos·
438 2116 577 2182 accedat.
620 2117 717 2196 Quod
741 2117 768 2179 si
792 2114 865 2197 quis
889 2115 995 2176 facere
1021 2115 1211 2194 tentaverit,
1242 2117 1341 2179 simili
1445 2107 1446 2118 ,

209 2195 387 2254 sententiae
411 2197 581 2259 subiaceat.

208 2301 257 2360 De
278 2302 325 2360 lais
338 2305 394 2383 qni
406 2325 467 2387 pro
482 2326 608 2366 munere
624 2320 678 2366 aut
686 2301 806 2387 favore
824 2303 957 2364 alieuius
976 2301 1127 2360 iustitiam
1148 2305 1339 2387 opprimunt.

292 2406 546 2472 CCCCLXXV.
588 2415 692 2489 Quam
718 2411 759 2473 sit
786 2419 959 2470 extraneus
986 2407 1004 2468 d
1030 2407 1229 2471 Christianae
1262 2411 1339 2475 fidei
1444 2483 1445 2490 ἵ

208 2489 321 2572 regula
351 2493 407 2571 qui
434 2515 466 2554 se
498 2495 700 2556 defensorem
727 2493 870 2556 veritatis
902 2490 1085 2567 insimulat,
1117 2499 1149 2551 et
1171 2493 1338 2557 veritatem

207 2572 307 2652 ipsam
333 2595 504 2636 munerum
531 2579 718 2660 acceptione
749 2574 986 2648 commaculat,
1027 2571 1134 2633 audiat
1164 2585 1274 2638 contra
1303 2600 1336 2640 se

205 2653 401 2736 Propltetam
427 2658 604 2722 dicenteme
637 2661 702 2722 Pro
724 2680 761 2721 eo
788 2657 878 2737 quod
903 2656 1097 2716 vendidistis
1123 2670 1249 2737 argento
1274 2661 1336 2721 ius·

206 2749 270 2796 tum
294 2751 325 2796 et
348 2761 519 2822 pauperem
546 2763 606 2826 pro
631 2740 865 2812 calciamentis,
894 2758 964 2799 ecce
991 2738 1133 2800 stridebo
1159 2760 1213 2819 ego
1240 2745 1335 2823 super

204 2839 263 2876 vos
290 2821 371 2879 sicut
393 2822 508 2882 stridet
532 2826 709 2906 plaustrum
735 2834 879 2883 onustum
893 2819 995 2900 soene
1009 2845 1022 2890 ,·
1053 2833 1084 2880 et
1109 2824 1228 2903 peribit
1248 2825 1333 2906 fuga

204 2899 365 2974 bneloee,
388 2915 418 2962 et
436 2902 538 2982 fortis
565 2927 629 2966 non
651 2907 803 2968 obtinebit
820 2904 970 2963 uirtutem
991 2923 1098 2976 suam,
1129 2915 1160 2963 et
1186 2907 1331 2968 robustus

203 2981 299 3042 corde
326 2987 411 3044 inter
422 2986 529 3066 fortes
552 2987 655 3048 nudus
682 2987 822 3070 effugiet,
1156 2991 1158 2998 ’

157 3163 158 3166 ¹
205 3085 349 3167 Qualiter
373 3092 449 3151 baec
475 3103 592 3152 statuta
621 3089 820 3154 obseruanda
849 3092 922 3153 sint.
970 3089 1013 3151 Et
1042 3087 1083 3149 de
1104 3088 1153 3148 bis
1177 3093 1233 3173 qui
1256 3095 1332 3158 taes

195 3175 438 3249 ,contemnunt,
464 3171 532 3234 sine
559 3175 711 3250 Clerieis,
739 3177 807 3235 sive
829 3173 960 3245 Laicis,
980 3173 1060 3256 quid
1081 3172 1234 3251 agendum
1259 3179 1311 3239 sit.

281 3269 550 3340 CCCCLXXVI.
593 3280 655 3340 Has
682 3302 792 3342 omnes
820 3278 1065 3340 constitutiones
1087 3279 1331 3363 ecclesiasticas,

199 3372 277 3434 quas
302 3359 482 3420 summatim
504 3362 712 3444 breviterque
739 3360 1002 3444 perstrinximus,
1033 3359 1117 3432 sieut
1141 3362 1271 3442 plenius
1295 3368 1330 3427 iu

111 3508 112 3522 ἵ
198 3438 331 3528 Cauone
366 3443 596 3521 continentur,
632 3466 761 3506 manere
796 3444 932 3527 perenni
962 3443 1132 3505 stabilitate
1160 3447 1330 3512 sancimus,

197 3515 317 3598 Siquis
340 3543 415 3606 ergo
435 3526 581 3587 Clericus
604 3538 658 3587 aut
677 3529 794 3589 Laicus
814 3527 928 3586 barum
952 3526 1156 3588 sanctionum
1174 3527 1330 3593 obediens

195 3620 263 3693 esse
281 3602 433 3682 noluerit,
460 3608 487 3668 si
508 3609 653 3670 Clericus
672 3609 787 3684 fuerit,
810 3607 1136 3670 excommunicationi
1157 3609 1330 3675 subiaceat.

194 3680 227 3745 Si
251 3705 325 3744 vero
346 3689 461 3750 Laicus
485 3691 585 3752 fuerit
603 3701 635 3753 et
657 3692 850 3752 honestioris
868 3692 931 3753 loci
954 3711 1100 3776 persona,
1124 3690 1332 3758 medictatem

192 3764 384 3830 facultatum
406 3793 535 3833 suarum
563 3774 696 3849 amittat,
719 3775 787 3836 fisci
812 3774 934 3836 viribus
959 3776 1170 3856 profuturam.
1214 3776 1249 3838 si
1270 3787 1331 3840 νος

190 3866 229 3905 ro
250 3849 382 3913 minoris
403 3853 466 3915 loci
488 3877 624 3938 persona
650 3867 708 3933 est,
733 3855 902 3920 amissione
924 3877 1033 3919 rerum
1055 3877 1185 3917 suarum
1207 3859 1330 3922 multa.

189 3940 253 4006 tus,
279 3931 310 3991 in
341 3937 440 3997 exilio
460 3938 642 4020 deputetur.
688 3939 822 4023 Capitul.
842 3941 907 4002 ΙΙΙ.
928 3964 956 4004 a.
976 3941 1048 4016 814.
1064 3959 1089 3998 c.
1115 3939 1160 3999 15.

190 4035 239 4096 De
262 4040 310 4097 liis
334 4063 413 4118 areae
440 4045 479 4104 ab
505 4047 752 4108 antecessoribus
777 4047 894 4107 nostris
921 4049 1006 4107 circa
1032 4046 1149 4106 cultum
1178 4043 1331 4110 divinum

314 4135 430 4184 statuta
451 4126 593 4202 sicerum,
620 4142 653 4188 ut
680 4149 803 4210 semper
826 4129 957 4191 inlibata
984 4139 1199 4212 permaneant.

270 4193 559 4297 cctjcux'xvti.
583 4211 823 4306 Quaecunque
844 4211 872 4272 d
907 4211 1095 4296 parentibus
1125 4210 1245 4274 uostris
1273 4213 1329 4276 di-

1444 1013 1446 1138 i
