2926 4986
527 358 642 450 risun
666 355 868 448 surrruus.
1072 377 1073 384 Ν
1184 337 1256 432 777

127 501 227 566 versis
252 507 328 562 sunt
357 505 472 561 statuto
498 499 715 582 temporibus,
751 518 881 558 manere
904 493 1058 557 inviolato
1086 504 1182 579 utque
1204 495 1257 555 in·
1279 501 1281 508 '

71 592 76 597 ’
130 594 280 668 corrupta
313 582 399 645 circa
432 593 646 643 sacrosanctas
678 580 839 642 Ecclesius
876 578 1101 661 praecipimus.
1165 577 1257 639 Nihil

126 669 226 750 igitur
249 667 266 725 b
295 664 471 747 privilegiis
498 664 694 724 immutetur.
740 663 897 724 Omnibus
923 661 978 744 qui
1006 660 1161 722 Ecclesiis
1189 682 1258 720 ser-

126 753 220 810 viunt
241 747 337 807 tuitio
366 748 548 824 deferatur,
580 748 655 828 quia
679 746 878 826 temporibus
911 743 1026 804 nostris
1054 743 1127 803 addi
1151 743 1258 824 potius

126 831 328 892 reverentiae
351 830 516 910 cupimus,
539 853 635 914 quam
657 829 708 890 his
731 849 812 910 quae
831 827 1080 910 olim'pruestita
1102 835 1178 887 sunt
1196 825 1259 886 im-

127 913 254 975 mutari.
298 911 380 973 Ibid.
403 933 429 971 c.
456 933 499 971 12.

278 1019 327 1078 De
344 1017 510 1099 'Capitulis
531 1017 705 1099 apostolica
727 1009 913 1076 auctoritate
936 1015 1102 1082 roboratis.
1238 1095 1240 1102 Ι

210 1123 520 1189 CCCCLXXVHI.
562 1123 700 1183 Maxime
721 1121 818 1182 trium
841 1121 1029 1182 ultimorum
1050 1121 1197 1206 capitula¹
1214 1125 1260 1186 is-

126 1219 244 1271 torum
261 1208 417 1268 librorum
441 1206 615 1289 apostolica
632 1214 713 1266 sunt
737 1202 852 1266 cuncta
880 1206 1068 1266 auctoritate
1099 1207 1260 1287 roborata,

127 1292 203 1373 quia
225 1289 275 1351 bis
298 1289 459 1350 cudendis
483 1289 618 1349 maxime
641 1288 815 1369 apostolica
838 1286 988 1348 interfuit
1009 1288 1140 1370 legatio
1179 1291 1260 1350 Nam

127 1395 238 1435 eorum
257 1371 404 1448 nomina,
427 1370 695 1453 praetermisso,
718 1370 752 1431 id
769 1378 826 1448 est,
847 1370 978 1447 Leonis,
1003 1371 1119 1452 Sergii,
1142 1381 1174 1433 et
1191 1373 1261 1454 Ge-
1282 1367 1285 1372 ¹

126 1457 220 1537 orgii‚
242 1454 297 1515 hic
323 1474 389 1514 non
415 1453 633 1531 inseruimus,
662 1452 739 1513 licet
756 1474 793 1513 ea
818 1473 877 1535 per
904 1453 1049 1535 singulos
1078 1455 1270 1528 conventus

126 1533 246 1598 inserto
271 1535 690 1614 invenissemus‚‘rituntes
710 1535 896 1617 ‘legentium
924 1544 1021 1617 atque
1047 1537 1260 1598 scribentium

125 1620 263 1686 fastidia.
312 1618 346 1678 si
368 1619 441 1698 quis
473 1629 579 1680 autem
601 1617 731 1699 plenius
753 1640 791 1678 ea
818 1639 910 1680 nosse
935 1617 1094 1696 voluerit,
1123 1618 1260 1680 istorum

124 1703 212 1785 legat
232 1701 429 1779 authentica,
452 1703 569 1783 quibus
588 1701 645 1761 illa
662 1701 780 1760 inferta
796 1701 947 1782 reperiet.
989 1701 1158 1762 Interdum
1178 1699 1259 1764 baec

45 1825 50 1834 -
124 1785 278 1846 dictando
304 1791 337 1844 et
356 1785 503 1862 amandu,
526 1795 621 1866 atque
647 1783 797 1866 operibus
822 1783 1032 1866 complend0‚
1056 1784 1260 1866 nonuegle-

124 1877 191 1948 gan
214 1867 301 1947 quie,
326 1875 362 1925 ut
385 1866 544 1934 Dominus
570 1865 679 1943 novit,
701 1887 760 1947 pro
779 1887 886 1926 amore
910 1876 941 1928 et
962 1865 1103 1926 utilitate
1129 1875 1258 1932 sanctae

122 1950 186 2010 Dei
208 1948 451 2030 Ecclesiaeput
474 1949 591 2009 horum
613 1947 647 2007 iu
669 1948 834 2029 prooemio
856 1948 1070 2030 praelibatum
1094 1958 1153 2033 est,
1181 1958 1257 2011 sunt

123 2032 263 2092 collecta
280 2030 416 2110 isticque
431 2030 562 2096 inserta,
603 2029 887 2112 Legeutibuspax,
910 2030 1165 2092 custodientibus
1178 2031 1257 2114 ⁴glo·

122 2113 195 2190 ria,
219 2113 435 2197 operibusque
459 2113 540 2178 haec
563 2111 799 2198 complentibus
824 2113 890 2178 rita
911 2113 1105 2177 attribuatur
1126 2123 1258 2180 aeterna

123 2216 260 2258 oramus.
