2926 4984
196 301 270 374 ⁵02

597 315 885 393 onrtrutntuuu

219 459 288 542 167.
311 462 359 522 De
383 459 534 526 Ecclesiis
553 457 608 522 vel
626 462 738 522 nitari-
809 462 878 542 187.
900 461 949 523 De
962 463 1087 526 bomine
1101 466 1331 550 euipsstiudi·

299 544 356 606 bus
372 546 533 626 ambiguis.

217 625 288 694 168.
310 628 358 687 De
381 631 539 692 ebrictate.

218 710 289 795 169.
310 709 359 768 De
379 712 593 774 admonitione
611 707 657 772 acl
677 707 720 772 Co

270 857 273 867 .
298 793 388 853 mites
420 817 456 856 ro
467 796 600 856 utilitate
614 808 738 856 sanstae

302 874 366 934 Dei
379 817 549 942 Egbclesiae.

219 979 290 1043 170.
312 957 361 1017 De
379 960 594 1024 admonitione
610 959 654 1023 ad
663 959 740 1019 Lai-

301 1058 355 1103 cos
366 1063 426 1124 pro
443 1045 561 1108 bonore
575 1045 739 1105 ecclesias·

302 1124 364 1184 tiro
385 1123 611 1191 conservando.

221 1228 290 1291 171.
311 1204 361 1266 De
373 1205 741 1292 admon.tioneadEpis·

303 1307 397 1371 capos
432 1291 487 1350 vel
521 1288 655 1350 Comites
680 1311 740 1374 pro

302 1372 474 1436 concordia
493 1369 538 1432 ad
559 1374 691 1433 invicem
711 1387 742 1435 et

301 1471 372 1512 cum
387 1456 518 1515 cacteris
529 1441 696 1536 fidelibus.

223 1559 294 1620 ψ,
316 1536 363 1593 Dc
380 1537 525 1619 operibus
540 1538 572 1594 in
589 1550 744 1599 restaura-

305 1619 421 1681 tionem
442 1617 655 1680 Ecclesiarum
688 1619 744 1681 ad·

304 1699 482 1780 implendis.

224 1789 294 1868 ²73·
318 1782 365 1840 De
382 1782 553 1844 Comitibus
562 1829 574 1857 ,
592 1798 627 1846 ut
648 1785 745 1846 Mini-

305 1865 380 1924 stris
391 1863 548 1926 Ecclesiae
556 1869 589 1926 in
607 1870 671 1926 suis
683 1867 744 1926 nti-

306 1948 446 2006 nisteriis
459 1947 620 2010 adiutores
630 1951 701 2010 sint.

225 2038 296 2118 274.
322 2025 363 2088 Ut
381 2027 420 2086 de
439 2029 622 2091 incestuosis
644 2046 675 2092 et
694 2032 744 2090 bis

228 2111 229 2116 ’
329 2111 362 2168 ui
376 2109 688 2189 decimasnondont‚
704 2113 743 2174 nb

306 2131 473 2275 lipiscopis
491 2207 521 2252 et
534 2194 743 2274 Presbyteris,

308 2273 386 2334 atde
401 2275 596 2353 neglegenter
618 2281 747 2356 vivent„

306 2357 410 2416 wadii
427 2379 490 2418 uon
509 2360 711 2440 accipiantur.

227 2451 295 2530 275·
319 2439 366 2498 Do
383 2439 534 2501 Ecclesiis
548 2439 725 2503 destructis.

227 2536 298 2615 ¹75·
319 2523 367 2582 De
386 2524 434 2582 lu's
450 2525 506 2604 qui
523 2543 621 2583 nonas
636 2539 666 2584 et
686 2523 745 2585 de-

308 2606 403 2666 cimos
427 2604 504 2664 dure
532 2608 745 2686 neglexerunt.

227 2719 297 2781 'li'
318 2688 366 2746 De
381 2689 429 2746 lu's
440 2688 495 2768 qui
501 2693 744 2750 restaurationes

227 2821 234 2830 ,
306 2767 516 2830 Ecclesiarum
532 2771 703 2850 neglegunt.

225 2866 294 2948 ²78⁸
317 2852 364 2910 Dc
376 2854 424 2912 bis
444 2853 499 2935 qui
511 2853 746 2934 ugrosdoruini-

305 2935 640 3015 antorideoneglegunt
651 2951 745 2998 utno-

307 3038 363 3076 nas
381 3016 497 3078 exinde
522 3040 585 3078 non
601 3019 742 3099 persolv.

220 3133 295 3193 ²7⁰
314 3097 352 3158 Ui
362 3100 599 3178 intellegaturiu
610 3099 744 3181 qttofac-

265 3173 282 3196 ⁰
307 3194 338 3240 to
351 3183 528 3242 immunitas
536 3181 719 3260 frangatur.

223 3279 294 3338 230.
318 3263 365 3322 De
390 3266 517 3324 iustitiis
534 3265 741 3342 generalibus.

223 3361 293 3424 28¹.
313 3346 362 3404 De
389 3347 576 3408 animalibus
593 3348 648 3407 uel
668 3347 741 3406 aliis

304 3427 407 3499 rebus,
430 3429 448 3486 t
462 3430 573 3510 quibus
589 3442 740 3489 emantur.

222 3527 292 3592 282·
313 3510 360 3568 De
374 3530 410 3570 co
422 3513 477 3592 qtsi
489 3510 521 3568 iu
531 3512 740 3572 testimonium

302 3594 479 3667 assumitur,
489 3593 589 3675 qiealis
605 3614 669 3653 esse
680 3591 737 3653 de·

302 3675 381 3735 bont.
670 3743 672 3748 ⁸

220 3776 289 3838 233.
311 3757 360 3815 De
376 3757 568 3819 lteribannat.
588 3759 737 3822 coniecto.

219 3860 288 3930 282·
313 3839 358 3897 De
374 3840 500 3900 Catonis
516 3853 546 3900 et
559 3840 735 3903 Fiscalinit.

217 3940 286 4002 285.
308 3921 357 3982 De
366 3921 465 4001 salsis
480 3924 618 3984 testibus.

217 4022 285 4084 285.
309 4005 363 4064 De
385 4004 560 4066 ltonu'nibus
582 4003 627 4062 ad
648 4024 735 4065 mor·

298 4097 366 4146 tem·
376 4085 572 4158 diiudicatis,
587 4099 616 4146 et
624 4100 735 4171 postea

296 4171 341 4228 eis
356 4169 424 4228 uita
438 4189 602 4240 coricessa,
625 4171 653 4230 si
670 4173 735 4236 ius·-

298 4252 382 4312 tiu'as
405 4253 606 4333 quaesierint:

888 547 972 606 cium
1001 549 1071 610 uita
1098 569 1244 611 concessa
1271 564 1328 628 est,

889 627 918 766 {i
939 629 1091 691 iustitiam
1114 630 1249 693 reddere
1270 654 1329 694 no-

823 753 824 760 ,
904 713 995 777 uerit.
1267 739 1269 744 ·

809 788 879 854 188.
902 791 949 852 De
964 793 1074 856 liberis
1091 795 1268 857 bominibus
1276 796 1331 879 qui

891 873 936 934 ad
942 877 1071 936 mallum
1080 879 1189 939 venire
1199 877 1331 958 cogendi

891 970 973 1018 sunt.

811 1033 881 1120 189.
896 1035 950 1098 ‘De
974 1042 1102 1102 testibus
1122 1039 1168 1101 ad
1189 1043 1331 1104 testimo·

891 1121 976 1180 nium
998 1123 1178 1198 dicendum,
1196 1125 1332 1207 qualiter

891 1201 1107 1266 adhibeantur.

812 1305 881 1368 190.
902 1285 951 1346 De
972 1290 1093 1348 iustitia
1119 1289 1284 1350 cuiuslibet
1311 1288 1331 1348 is

875 1368 962 1429 nullo
987 1371 1127 1453 quotibet
1155 1369 1331 1431 dilatanda.

813 1469 882 1533 ²9¹·
908 1450 954 1510 De
984 1455 1114 1514 nimium
1142 1453 1331 1538 blasphemis

893 1533 1077 1596 latronibus.

814 1635 883 1698 191.
906 1617 953 1674 De
963 1619 1092 1679 testibus
1101 1617 1217 1678 adrem
1226 1635 1333 1701 quam·

894 1697 969 1758 libet
1003 1698 1234 1760 discutiendnm
1274 1699 1331 1759 eli·

894 1779 1015 1859 geudis.

814 1863 884 1943 195.
907 1864 954 1922 De
964 1859 1083 1946 ltincito
1103 1864 1292 1926 Centenarii.

814 1945 884 2026 194.
905 1945 953 2004 De
967 1945 1095 2028 placitis
1111 1949 1130 2005 it
1148 1947 1256 2008 Missis
1272 1947 1333 2007 do·

894 2029 1017 2088 minicis
1037 2028 1207 2090 Couu'tibus
1227 2042 1333 2090 notum

883 2108 1056 2190 faciendis.
1383 2179 1386 2185 Ι

815 2188 885 2274 195.
908 2195 957 2253 De
984 2193 1137 2254 uxoribus
1167 2192 1333 2273 defuncto·

896 2295 978 2348 rum,
988 2297 1081 2357 quatu
1094 2290 1216 2357 portem
1230 2278 1334 2338 conlu-

898 2359 1077 2422 borntionis¹
1104 2371 1179 2442 post
1215 2359 1334 2419 obitum

896 2443 1081 2500 moritorum
1101 2442 1243 2524 accipere
1273 2440 1331 2500 de-

895 2526 995 2585 beant.
1354 2569 1357 2578 .

814 2603 885 2686 196.
906 2605 1055 2684 Dofalsis
1068 2604 1196 2664 testibus
1208 2605 1335 2665 convin-

893 2687 1010 2750 tendis.

813 2789 883 2850 197.
905 2772 953 2831 De
976 2769 1250 2832 terratritnuaria.

813 2853 882 2932 198.
904 2855 953 2912 De
972 2867 1057 2912 terro
1078 2853 1203 2911 cennsali.

812 2953 882 3016 299.
904 2936 1333 3018 Deobseroutiouepraecep-
1410 3003 1413 3009 Ι

892 3031 993 3078 torum
1006 3015 1242 3077 dominicorum.

810 3097 880 3160 500.
901 3102 950 3158 Do
968 3099 1072 3179 coqui
1087 3098 1250 3181 propriam
1268 3095 1328 3158 tle·

892 3183 1039 3264 relinquit
1053 3199 1196 3252 uxorem,
1211 3179 1264 3236 uel
1282 3180 1327 3236 si-

891 3287 928 3325 ne
948 3267 1040 3344 culpa
1051 3260 1215 3346 interficit,
1227 3272 1257 3320 et
1271 3262 1329 3320 ali-

891 3369 941 3408 ant
957 3346 1055 3410 ducit.

806 3428 877 3490 501.
900 3431 947 3489 De
963 3429 1070 3489 liberis
1084 3426 1261 3486 ltonu'nibus
1273 3427 1330 3510 qui

883 3513 1048 3596 proprium
1057 3529 1119 3568 non
1132 3507 1256 3583 babent,
1270 3505 1331 3567 sed

888 3597 922 3654 iu
955 3606 1040 3653 terra
1068 3589 1226 3649 dominica
1253 3593 1328 3648 resi-

887 3677 975 3747 dent,
987 3675 1031 3734 ad
1041 3674 1249 3733 testimonium
1263 3693 1326 3733 non

889 3756 1088 3842 recipiendis.

805 3843 875 3903 302.
897 3841 946 3902 De
971 3837 1186 3920 Presbyteris,
1206 3837 1326 3898 Diaco-

886 3923 989 3993 nibus,
1012 3934 1041 3980 et
1061 3921 1190 4001 reliquis
1201 3940 1244 3980 coc
1259 3920 1329 3978 cta·

885 4028 932 4068 ro.
958 4005 1105 4064 Curiones
1130 4003 1231 4064 sancti
1256 4002 1326 4084 Syl·

884 4087 981 4150 vestri
996 4094 1028 4147 et
1039 4085 1177 4145 aliorum
1201 4105 1324 4152 cxxxiv.

883 4170 1127 4252 Episcoporurn.

797 4255 875 4321 505.
896 4251 951 4318 Ex
963 4246 1109 4338 capitulis
1130 4248 1248 4312 Domni
1262 4250 1324 4310 Κι-
