2910 4986
435 297 440 306 ¹
538 332 653 390 sassa
688 329 844 389 PRIMUS.
1183 305 1254 384 415

574 474 623 533 De
642 472 803 557 periuriis.
824 483 828 499 ·

194 576 285 640 LXI.
329 579 487 642 Habemus
518 579 552 638 in
582 579 689 660 Lege,
725 576 865 650 Domino
901 571 1144 657 praecipientet
1183 571 1257 640 lt'on

105 661 288 748 periurabis
307 663 341 720 ln
363 665 487 724 nomine
511 666 579 722 meo
591 705 603 733 ‚
633 681 688 720 nee
710 659 835 743 pollues
855 678 967 720 nonten
984 659 1134 730 Baitai,
1156 681 1255 742 neque

109 755 250 805 assumes
273 764 384 807 nomen
406 745 538 806 Domini
570 745 634 804 Dei
655 743 701 802 tui
723 745 757 802 in
775 763 902 807 vanum.
944 740 1022 802 ldeb
1043 740 1178 803 omnino
1197 743 1253 804 ad*

108 825 267 887 monendi
297 838 373 889 sunt
406 847 516 888 omnes
543 826 719 908 diligenter
746 833 783 885 ut
805 833 942 886 caveant
963 823 1164 906 periurium,
1188 847 1254 887 non

110 910 219 970 solum
237 907 270 967 iu
288 917 398 970 saneto
419 909 587 993 evangelio
611 910 662 971 vel
679 908 713 968 in
732 907 840 986 altari,
860 929 916 969 seu
937 906 970 966 in
988 906 1180 968 Sanctorum
1201 929 1254 970 re-

110 991 237 1073 liquiis,
261 991 315 1052 sed
335 992 415 1053 etin
437 990 600 1053 communi
616 990 758 1074 loquela.
800 991 885 1070 Quia
900 997 977 1050 sunt
999 988 1102 1071 aliqui
1118 990 1177 1072 qui
1196 1009 1256 1074 per

112 1073 285 1136 caritatem
304 1083 337 1134 et
358 1075 528 1136 veritatem
547 1075 666 1152 iurant,
689 1082 722 1135 et
739 1082 856 1136 cavent
869 1094 903 1135 se
919 1073 937 1132 a
954 1072 1136 1134 iuramento
1155 1074 1258 1135 nomi*

113 1157 163 1216 nis
178 1155 254 1232 Dei,
275 1165 307 1216 et
322 1156 472 1218 nesciunt
486 1157 575 1238 quod
594 1157 681 1218 idem
702 1165 750 1217 est
765 1157 853 1218 Deus
879 1155 970 1237 quod
998 1165 1044 1216 est
1072 1155 1187 1218 caritas
1223 1165 1268 1218 et·

111 1239 244 1314 veritas,
263 1237 389 1301 dicente
409 1239 562 1322 Apostolo
587 1240 730 1300 Iohanne
750 1239 827 1322 quia
843 1241 930 1300 Deus
944 1238 1058 1300 caritas
1085 1248 1142 1301 est.
1173 1241 1255 1301 Item

112 1323 182 1404 ipse
210 1321 369 1382 Dominus
392 1323 426 1383 in
444 1322 629 1404 evangelio:
651 1321 718 1402 Ego
737 1344 806 1382 sum
821 1324 870 1381 via
888 1334 918 1380 et
937 1323 1060 1386 veritas.
1102 1323 1181 1385 Ideo
1197 1323 1255 1406 qui

113 1405 148 1462 in
171 1402 309 1464 veritate
333 1414 365 1464 et
392 1404 524 1466 caritate
553 1405 649 1482 Iurat,
679 1406 713 1463 in
739 1407 810 1465 Deo
833 1403 926 1464 iurat.
968 1403 1049 1464 Item
1076 1404 1256 1466 cavendum

114 1496 226 1548 estne
258 1487 440 1548 Pharisaica
476 1487 703 1569 superstitione
735 1484 852 1568 aliquis
873 1487 946 1568 plus
975 1508 1090 1546 aurum
1116 1487 1257 1550 honoret

115 1589 214 1650 quam
235 1567 347 1647 altare,
369 1591 409 1630 ne
429 1569 513 1632 dicat
535 1569 565 1631 ei
595 1569 773 1631 Dominus:
796 1569 899 1628 Stulte
925 1581 954 1628 et
979 1590 1084 1641 coece,
1105 1569 1188 1652 quid
1207 1584 1255 1632 est

114 1652 230 1720 vnaius,
249 1673 361 1711 aarum
377 1674 417 1712 an
438 1654 538 1712 altore
556 1652 643 1736 quod
656 1651 836 1735 sanctificat
852 1653 989 1711 ozerum?
1011 1651 1076 1713 Sed
1100 1661 1133 1713 et
1158 1653 1253 1715 nobis

114 1733 288 1794 honestum
301 1734 431 1796 videtur
453 1735 561 1816 utqui
581 1735 616 1794 in
634 1735 752 1796 sanctis
765 1732 862 1794 habet
883 1733 1048 1813 imerali),
1075 1733 1138 1796 hoe
1167 1736 1253 1798 ieiu-

117 1836 180 1875 nus
194 1814 380 1876 faciat-cum
394 1817 481 1877 omni
501 1817 666 1878 honestate
687 1828 719 1879 et
734 1817 850 1878 timore
870 1817 943 1878 Dei.
983 1816 1026 1876 Et
1045 1817 1124 1878 sciat
1149 1840 1182 1880 se
1200 1841 1253 1880 ra-

116 1898 239 1958 tionem
252 1898 457 1960 redditurum
478 1902 549 1960 Deo
566 1901 790 1982 unusquisque
821 1908 964 1964 uestrum
985 1899 1173 1983 ubicunque
1201 1903 1254 1982 sit,

116 1981 183 2042 sive
197 1980 283 2040 intra
297 1981 486 2060 Ecclesiam,
502 1981 570 2044 sive
591 1993 681 2043 extra
697 1980 883 2044 Ecclesiam.
924 1983 968 2044 Et
991 1992 1027 2043 nt
1049 1984 1179 2066 parvuli
1196 1987 1254 2066 qni

116 2062 185 2124 sine
200 2062 387 2124 rationabili
412 2074 514 2127 aetate
544 2074 631 2142 sunt,
649 2086 714 2124 non
732 2073 888 2147 cogantur
906 2064 1021 2127 iurare.
1063 2067 1106 2126 Et
1118 2068 1176 2149 qui
1198 2090 1253 2129 se-

116 2143 181 2206 mel
195 2145 378 2226 periuratus
396 2147 507 2224 fuerit,
528 2169 588 2208 nec
605 2147 695 2208 testis
717 2147 759 2208 sit
779 2157 851 2231 post
875 2147 968 2226 haee,
992 2170 1052 2209 nec
1078 2150 1119 2210 ad
1146 2171 1253 2211 sacra-

116 2229 419 2369 meZtum6accedat,
443 2229 553 2291 necin
571 2252 735 2292 suacausa
757 2230 810 2292 vel
833 2229 965 2293 alterins
988 2227 1111 2292 iurator
1129 2233 1253 2295 existat.

115 2312 168 2370 Idi
193 2329 244 2374 .c.
282 2331 309 2369 2.

406 2419 456 2478 De
475 2421 614 2498 auguriis
631 2418 685 2479 vel
702 2419 774 2478 aliis
789 2419 965 2504 maleficiis,

195 2519 301 2584 LXII.
344 2523 504 2584 Habemus
521 2524 554 2583 in
577 2525 665 2606 Lege
686 2525 817 2586 Domini
837 2528 1039 2588 mandatum:
1058 2531 1131 2590 Non
1153 2536 1252 2612 augu-

113 2604 253 2664 riamini.
293 2605 335 2666 Et
354 2605 388 2664 in
416 2608 685 2669 Deuteronomio:
708 2608 806 2670 Nemo
832 2610 874 2668 sit
899 2612 954 2691 qui
972 2614 1090 2672 ariolos
1111 2615 1252 2675 sciscite-

114 2698 179 2757 tur,
201 2685 257 2746 vel
269 2689 390 2747 somnio
406 2689 564 2761 observet,
587 2691 634 2748 vel
656 2691 701 2750 od
712 2694 842 2770 augurio
865 2693 1018 2754 intendet.
1045 2696 1128 2754 Item
1146 2697 1252 2760 ,Nemo

113 2769 155 2852 εζι
171 2765 334 2850 maleficus
355 2791 411 2830 nee
432 2772 622 2844 incantator,
647 2794 701 2832 nee
726 2773 882 2852 Phytonis
905 2777 1120 2849 consultori).
1175 2779 1253 2841 Ideo

111 2849 328 2932 praecipimus
346 2861 382 2911 ut
406 2872 466 2912 nec
491 2854 711 2916 cauculatores
734 2853 768 2931 lt)
794 2866 872 2932 (nec
899 2855 1115 2921 incantatores
1141 2861 1168 2936 l)
1193 2883 1254 2925 nec

113 2933 311 3012 tempestarii
328 2935 381 2995 vel
410 2934 601 3020 obligatores
625 2937 714 2999 fiant.
753 2939 796 2998 Et
825 2936 1014 3021 ubieunque
1038 2951 1124 3022 sunt,
1148 2965 1255 3007 emen-

113 3014 234 3078 dentur
250 3016 303 3077 vel
327 3016 529 3083 damnentur.
571 3020 652 3080 Item
679 3022 719 3082 de
744 3020 911 3082 arboribus
940 3023 994 3084 vel
1014 3006 1170 3104 fodtibus,
1197 3029 1254 3088 ubi

112 3097 217 3177 aliqui
238 3099 329 3158 stulti
347 3101 518 3162 luminaria
534 3102 586 3163 vel
604 3103 681 3164 alias
696 3101 933 3164 observationes
953 3105 1090 3185 faciunt,
1117 3111 1252 3172 'omnino
1308 3173 1310 3180 ,

112 3179 300 3272 mandamns
314 3191 351 3242 ut
371 3183 429 3244 iste
451 3184 606 3267 pessimus
622 3207 708 3264 usus,
724 3194 755 3246 et
771 3188 842 3247 Deo
857 3188 1047 3252 execrabilis
1062 3191 1252 3277 ubicunque

112 3269 293 3341 invenitur,
307 3265 440 3326 tollatur
464 3275 497 3328 et
513 3267 704 3328 destruatur.
748 3267 833 3329 thiat.
848 3289 874 3343 e.
896 3268 946 3329 63.

495 3372 545 3431 De
567 3371 641 3434 odio
665 3373 712 3433 vel
727 3373 862 3434 invidia.

194 3473 320 3537 LXIII.
362 3477 552 3539 Praedicare
565 3499 696 3542 necesse
714 3489 761 3542 est
779 3489 936 3562 qnantum
949 3483 1070 3546 malum
1082 3486 1124 3547 sit
1143 3489 1254 3552 odium

113 3558 164 3619 vel
187 3558 323 3620 invidia.
366 3561 404 3619 In
424 3561 496 3642 lege
523 3561 781 3646 enimscriptnm
799 3572 861 3624 est:
883 3565 957 3626 Non
986 3567 1093 3630 oderis
1109 3570 1251 3651 fratrem
1300 3626 1304 3640 ,

113 3652 199 3700 taum
221 3641 255 3699 in
272 3641 367 3700 corde
387 3655 454 3713 tuo,
473 3641 533 3702 sed
546 3645 671 3727 publice
688 3665 782 3726 argue
803 3667 881 3708 eum.
896 3649 1147 3713 Itemlohannes
1159 3675 1253 3714 evan·
1312 3701 1315 3708 -
1340 3652 1344 3657 ’

113 3720 241 3802 gelista:
267 3723 330 3806 Qui
347 3723 417 3785 odit
423 3723 565 3804 fratrem
580 3748 681 3799 suum,
701 3729 859 3788 homicida
874 3743 929 3791 est.
958 3732 1040 3792 Item
1065 3733 1098 3792 in
1116 3757 1253 3818 cvange-
1427 3729 1429 3736 ¹

22 3813 24 3820 ’
112 3803 171 3875 Ιίο;
195 3803 235 3864 Si
246 3808 424 3888 peccaverit
438 3809 473 3866 in
486 3819 515 3866 te
529 3806 733 3887 sratertuus,
759 3810 841 3870 vade
869 3825 902 3872 et
921 3817 1046 3898 corripe
1073 3838 1142 3875 euin
1168 3821 1253 3880 inter

114 3899 139 3945 te
162 3899 193 3948 et
212 3889 317 3971 ipsum
340 3889 460 3959 solum3
482 3898 514 3952 et
529 3891 665 3973 reliqua.
687 3892 771 3957 Ibid.
791 3914 817 3954 c.
838 3893 888 3970 64.

114 4029 345 4052 nnn—..m

143 4107 175 4174 h)
193 4110 227 4160 al.
246 4127 307 4168 mss.
327 4110 410 4164 audet
426 4112 530 4166 iurare.
754 4113 785 4180 lc)
803 4115 836 4165 sl.
855 4133 914 4172 mss
934 4119 1137 4188 calculatorem
1167 4125 1255 4195 augb-

144 4181 168 4244 ἰ]
185 4181 220 4233 al.
237 4199 297 4236 mat.
317 4183 484 4238 consolator.
796 4187 913 4239 alatores
923 4207 934 4253 ‚⁴
955 4189 1149 4258 'auguratores

742 4254 776 4318 l)
794 4256 901 4312 Desunt
917 4257 945 4314 in
965 4260 999 4310 al.
1016 4277 1074 4311 snas.
