2910 4984
268 290 342 364 8⁵0
645 327 650 338 ·
680 303 965 362 carirnnaarun

267 469 333 532 que
363 444 516 531 genitoris
543 442 661 524 nostri,
691 443 851 525 legitimae
877 449 912 505 et
937 425 1142 504 rationabilis
1171 445 1267 516 atque
1293 437 1373 500 utiles

266 531 422 597 Ecclesiis
442 529 543 590 iactae
572 535 657 604 surrt,
679 537 894 609 permaneant.
935 528 1126 607 Ubicunque
1148 539 1229 583 vero
1257 518 1373 582 inutiles

267 624 301 678 et
321 611 539 674 incommodae
559 620 654 691 atque
671 608 914 670 inrationabiles
937 611 1039 670 factae
1066 615 1151 682 sunt,
1174 601 1373 664 dissolvantur

267 705 300 760 et
321 695 456 778 recipiat
480 694 701 774 unusquisque
721 691 810 774 quod
832 690 932 753 dedit.
980 691 1042 753 Ubi
1068 704 1144 753 vero
1174 693 1300 744 mortua
1322 706 1371 744 ma·

266 799 328 840 nus
342 777 526 852 interiacet,
548 784 602 836 aut
622 775 683 833 alia
701 773 866 854 quaelibet
883 795 987 852 causa,
1007 793 1092 855 quae
1112 766 1314 830 rationabilis
1331 788 1370 828 es-

264 883 298 922 se
319 857 621 925 videatnrinventa
640 858 750 934 fuerit,
773 855 948 938 diligenter
967 856 1179 938 describatur,
1201 857 1235 909 et
1253 849 1292 910 ad
1314 871 1369 911 nos-

260 952 343 1006 tram
362 941 509 1002 notitiam
524 942 714 1024 perferatur.
756 938 840 1000 Idid.
860 959 887 1000 c.
909 938 938 1006 5.
1099 947 1103 956 “

306 1049 354 1112 De
376 1067 412 1109 eo
432 1049 486 1131 qui
502 1046 718 1132 contpr'ob'atus
731 1039 843 1187 filim·
856 1057 949 1107 testes
965 1045 999 1107 in
1015 1045 1194 1131 periurium
1213 1041 1338 1102 scienter

725 1147 758 1188 m
784 1149 900 1190 arasse.

341 1237 424 1302 clx.
465 1233 661 1313 Quicunque
685 1233 906 1314 comprobatus
932 1233 1032 1296 fuerit
1052 1232 1092 1294 de
1106 1252 1146 1292 eo
1168 1227 1258 1311 qnod
1278 1227 1365 1290 seien-

258 1331 309 1383 ter
331 1329 426 1380 testes
448 1317 480 1376 in
501 1315 679 1401 periurium
701 1313 896 1390 induxisset,
917 1318 977 1379 sub
1000 1315 1210 1378 fideiussione
1238 1311 1277 1372 ad
1298 1311 1365 1394 pala·

257 1403 339 1464 tium
355 1411 497 1462 nostrum
517 1396 630 1461 venire
650 1397 872 1478 compeliatur,
893 1410 930 1460 ut
951 1399 1007 1460 nbi
1025 1419 1099 1460 eum
1117 1395 1285 1457 Fidelibns
1303 1415 1363 1454 nos-

257 1487 315 1549 tris
334 1485 572 1548 consideremus
594 1479 727 1563 quidde
743 1479 798 1540 tali
813 1479 945 1544 homine
959 1481 1149 1544 faciendum
1167 1478 1220 1541 sit.
1248 1473 1292 1542 lb.
1306 1495 1328 1536 c.
1339 1473 1363 1538 6.

522 1608 564 1670 Ut
578 1627 717 1670 nummos
736 1607 832 1668 bonos
855 1607 960 1670 nullus
977 1621 1111 1696 respuat.

338 1721 406 1782 CX.
446 1719 495 1780 De
512 1713 606 1778 bonis
627 1712 785 1792 denariis,
807 1736 888 1795 qnos
902 1717 1039 1798 populus
1053 1714 1203 1798 recipere
1216 1735 1277 1776 noo
1294 1713 1359 1791 vult,

255 1803 404 1869 volumus
427 1811 462 1860 nt
489 1800 550 1860 boe
576 1797 764 1866 observetur
785 1807 817 1857 et
834 1803 983 1869 tencatur·
1004 1798 1092 1880 quod
1107 1798 1144 1858 in
1165 1797 1265 1880 priori
1286 1798 1359 1878 Capi·

254 1887 359 1950 tulare
382 1893 490 1944 nostro
511 1879 726 1962 conscriptam
746 1884 809 1956 est,
836 1880 871 1940 id
895 1890 962 1958 est,
983 1880 1017 1940 in
1039 1880 1125 1940 libro
1141 1889 1273 1962 quartam
1293 1877 1360 1960 capi·

253 1971 324 2032 tulo
345 1987 412 2027 xxx.
455 1965 635 2046 Quicunque
658 1961 738 2021 liber
758 1961 850 2022 bomo
869 1962 917 2021 vel
931 1965 965 2022 in
985 1964 1145 2044 emptione
1164 1963 1219 2022 vel
1233 1963 1265 2021 in
1279 1960 1359 2022 dediti
1418 1981 1419 1990 ¹

251 2049 409 2113 'solutione
434 2046 597 2107 denarium
616 2043 736 2103 mer'um
755 2055 786 2102 et
813 2045 888 2106 bene
906 2057 1088 2127 pensantem
1107 2046 1249 2126 recipere
1268 2043 1358 2120 polue-
1418 2083 1419 2100 i

253 2135 310 2203 rit,
332 2129 467 2191 bannum
487 2139 639 2196 nostrum,
661 2123 699 2183 id
718 2137 764 2184 est
785 2128 950 2203 sexaginta
970 2125 1101 2204 solidos,
1123 2135 1294 2208 componat.
1328 2122 1357 2182 Si

250 2233 330 2276 vero
352 2213 438 2271 serui
461 2208 664 2269 ecelesiastici
683 2221 737 2267 aut
746 2205 895 2290 fiscalini
920 2211 1040 2282 nostri,
1071 2222 1128 2270 aut
1151 2209 1298 2269 Comitum
1314 2215 1356 2265 aut

255 2292 470 2357 Vassallorum
496 2303 686 2362 nostrorum,
708 2291 766 2351 ltoc
784 2288 895 2374 ,faeere
913 2293 1193 2372 praesumpserint,
1213 2289 1355 2368 sexaginte

249 2377 364 2441 ictibus
391 2373 550 2456 vapulent.
598 2371 640 2432 Et
667 2372 697 2430 si
723 2385 844 2432 actores
871 2373 973 2433 nostri
986 2386 1040 2433 aut
1056 2374 1193 2433 aliorum
1214 2368 1356 2446 velg'Adeo·

251 2461 315 2521 euti
340 2477 392 2518 eos
413 2455 521 2531 Missis
549 2454 666 2513 nostris
688 2454 742 2514 uel
763 2453 934 2518 comitibus
954 2455 1034 2513 iussi
1050 2466 1252 2538 praesentare
1271 2451 1355 2512 nolue-

250 2543 328 2612 rint,
348 2535 546 2623 prnedietum
568 2535 719 2605 bannum,
742 2532 779 2594 id
798 2549 865 2607 est,
896 2537 1061 2614 sexaginte
1081 2536 1222 2612 solidos,
1249 2552 1355 2616 contpo·

249 2636 334 2683 nant.
374 2621 417 2681 Et
439 2619 479 2678 ad
497 2617 580 2678 banc
597 2616 858 2678 constitutionem
872 2627 1012 2678 nostram
1027 2617 1264 2700 adimplendam
1280 2613 1356 2696 Epis-

250 2704 339 2786 scopi
365 2711 396 2764 et
417 2701 576 2776 Abbates,
602 2698 669 2760 sire
699 2699 818 2780 reliqui
853 2699 908 2780 qni
935 2699 1093 2760 beneficia
1115 2709 1227 2761 nostra
1245 2695 1354 2770 babent,

250 2786 407 2851 adiuvent
426 2783 566 2844 Comites
583 2780 615 2840 in
639 2780 703 2842 suis
719 2779 902 2843 bominibus
927 2781 1168 2864 distringendis.
1209 2781 1250 2842 Et
1267 2779 1289 2840 si
1304 2779 1355 2838 Co·
1417 2799 1418 2820 ³

249 2869 344 2930 mites
362 2865 445 2926 banc
465 2874 604 2926 nostram
623 2863 893 2924 constitutionem
911 2864 1127 2946 neglexerint,
1151 2865 1214 2926 boc
1230 2884 1284 2946 per
1297 2860 1354 2921 llis

248 2970 300 3014 sos
317 2957 441 3013 nostros
460 2947 500 3008 ad
517 2949 655 3008 nostram
679 2946 825 3005 notitiam
851 2947 1043 3028 perferatur.
1081 2945 1168 3008 Ibid.
1189 2967 1215 3008 c.
1235 2965 1262 3025 7.

437 3053 486 3113 De
505 3050 644 3112 collectis
664 3051 756 3110 malis
781 3051 970 3112 omnimodis
991 3051 1182 3118 inhibendis.
1204 3102 1221 3110 ..

332 3159 417 3224 CXI.
457 3157 619 3218 Collectae
637 3155 677 3217 ad
692 3155 774 3216 male
793 3157 976 3218 faciendum
997 3158 1065 3219 fieri
1089 3154 1353 3236 omnimodis'pro·

247 3240 435 3306 bibeantur.
476 3240 518 3299 Et
539 3237 725 3320 ubicunque
760 3239 943 3301 huiusmodi
973 3242 1244 3324 praesumptiones
1269 3239 1352 3297 factae

248 3326 385 3401 inerint,
409 3323 505 3404 digna
528 3320 751 3382 emendatione
774 3322 984 3403 corrigantur.
1025 3324 1067 3383 Et
1084 3324 1110 3384 si
1130 3345 1190 3406 per
1208 3320 1353 3402 negligen-

165 3459 168 3468 Α
247 3407 325 3468 tiam
351 3405 485 3468 Comitis
512 3405 565 3466 vel
595 3403 697 3463 laetae
722 3413 797 3464 sunt
821 3405 872 3464 vel
898 3404 1119 3467 inemendatae
1138 3405 1350 3472 remanserunt,

240 3489 310 3564 ,boc
336 3489 377 3550 ad
403 3497 540 3548 nostram
567 3485 713 3545 notitiam
735 3485 928 3566 perferatur.
969 3486 1091 3547 Auctor
1120 3509 1198 3549 vero
1225 3483 1307 3558 laeti,
1331 3479 1352 3540 si

246 3571 349 3633 inerit
369 3568 575 3650 Praepositae
597 3567 650 3629 rel
667 3566 858 3645 Advocatas,
880 3569 945 3630 sive
970 3570 1195 3644 centenarius,
1215 3566 1263 3629 rel
1287 3585 1351 3644 qna·

248 3653 329 3715 libet
343 3653 407 3714 alia
425 3649 580 3732 dignitate
595 3648 740 3731 praedita
753 3649 855 3711 libera
869 3673 1016 3732 persona,
1031 3661 1100 3734 post
1120 3650 1252 3733 legalem
1266 3665 1352 3707 emen·

248 3736 411 3800 dationem
432 3734 464 3792 in
488 3734 560 3794 loeo
581 3733 708 3808 tactam,
730 3732 789 3794 sub
811 3733 1049 3795 fideiussoribus
1074 3735 1114 3794 ad
1135 3742 1352 3810 uostrnmprae·
1416 3759 1417 3782 i

247 3819 385 3882 sentiam
410 3814 528 3881 veniat
572 3814 746 3875 Multitudo
778 3836 867 3890 vero,
888 3815 954 3878 sive
977 3817 1017 3878 de
1040 3817 1137 3879 serris
1157 3816 1224 3877 sive
1238 3813 1274 3873 de
1288 3809 1350 3869 libe·

246 3900 291 3964 ris
312 3901 364 3978 sit,
387 3897 529 3981 legitima
553 3896 779 3957 emendatione
799 3898 963 3960 multetur.
1003 3899 1090 3962 Ibid.
1110 3921 1136 3964 c.
1157 3919 1202 3958 ro.

291 4030 332 4094 Ut
345 4041 456 4113 pontes
471 4024 590 4110 publici
610 4027 664 4106 qui
675 4015 827 4086 destructi
832 4011 979 4108 fuerint,¹
997 4028 1112 4090 iterum
1132 4032 1313 4096 extruentur.

332 4135 430 4198 cxli.
471 4133 519 4194 Dc
544 4131 697 4215 pontibus
719 4130 858 4213 publicis
884 4131 1055 4195 destructis
1081 4129 1199 4216 placuit
1223 4124 1305 4204 nobit
1322 4135 1348 4184 ut

250 4219 287 4280 lai
314 4216 372 4300 qui
395 4215 570 4276 iussionem
595 4223 735 4274 nostram
753 4211 788 4272 in
813 4215 998 4295 reparandis
1015 4215 1168 4298 pontibus
1178 4219 1348 4292 contempse-
