2926 4984
194 223 268 302 576
619 244 912 306 caurummuu

192 377 382 466 negotium,
413 378 540 442 nonsit
562 390 739 464 mutatum,
770 385 833 446 nisi
853 385 938 448 forte
962 385 1079 448 vitium
1105 385 1165 451 sibi
1191 409 1212 447 a
1234 410 1326 450 ven·

192 465 297 527 ditore
316 462 455 523 celatum
471 463 644 524 invenerit.
687 467 720 526 Si
743 477 851 528 autem
877 468 1030 529 venditor
1056 469 1174 531 dixerit
1196 469 1323 549 vitium,

192 557 256 609 stet
271 545 404 628 emptio,
422 553 453 604 et
470 545 592 606 nonsit
611 547 783 610 immutata.
812 551 846 611 Si
863 563 970 611 autem
988 574 1053 612 non
1065 553 1192 629 dixerit,
1205 553 1323 613 matari

191 637 298 714 potest
319 628 350 686 in
372 626 427 685 illa
445 627 516 708 die,
540 637 572 688 et
588 629 621 688 in
639 630 700 690 alia
719 632 785 693 sive
807 633 840 691 in
859 633 954 693 tertia
974 633 1037 695 die.
1072 637 1114 695 Et
1138 635 1164 694 si
1186 636 1324 716 amplius

192 714 232 774 de
256 710 358 772 tribus
379 711 527 772 noctibus
551 711 634 772 illud
650 712 809 790 habuerit,
829 726 939 798 postea
963 738 1027 776 non
1047 726 1153 798 potest
1177 727 1322 796 mutare,

191 794 254 855 nisi
269 794 352 853 forte
368 813 440 854 eum
452 793 599 855 invenire
610 796 693 854 infra
706 806 769 856 tres
781 798 847 858 dies
859 820 922 858 non
937 798 1065 880 poterit.
1085 801 1178 860 Tunc
1193 801 1326 881 quando

104 904 108 912 =
191 877 366 952 invenerit,
381 875 526 956 recipiat,
540 878 738 960 quiavitium
747 881 904 941 vendidit.
922 882 999 941 Etsi
1010 881 1154 942 noluerit
1165 880 1324 962 recipere,

192 960 280 1021 iuret
294 980 368 1018 cum
382 956 447 1021 suis
468 963 748 1024 sacramentalibus
764 964 851 1044 quod
868 963 982 1023 vitium
1002 964 1046 1023 ibi
1061 964 1189 1024 nullum
1205 963 1327 1025 sciebat

192 1042 228 1103 in
251 1042 310 1102 illa
329 1041 382 1102 die
398 1041 529 1122 quando
547 1045 713 1126 negotium
727 1046 822 1116 fecit;
847 1054 878 1105 et
896 1054 957 1106 stet
976 1047 1107 1106 factum.

199 1148 241 1211 Ut
255 1149 311 1233 qui
322 1167 413 1208 arras
432 1142 558 1208 dederit
568 1169 629 1232 pro
652 1169 835 1288 qaacpqnque
859 1171 905 1228 re,
923 1155 1061 1236 pretium
1082 1150 1218 1213 reddere
1238 1173 1327 1214 com-

684 1253 723 1312 pe
752 1245 833 1296 utar.

209 1323 211 1327 ¹
277 1331 484 1401 CCCLXlll.
525 1336 591 1416 Qui
605 1357 689 1396 arras
700 1336 827 1397 dederit
839 1359 897 1420 pro
911 1359 1106 1423 quacunque
1122 1363 1171 1420 re,
1187 1341 1328 1425 pretium

195 1427 328 1502 cogatur
345 1421 481 1503 implere
504 1420 592 1502 quod
615 1419 738 1501 placuit
758 1420 904 1501 emptori.

393 1520 434 1586 Ut
450 1526 635 1609 peregrinos
650 1537 844 1584 transeuntes
867 1546 956 1588 nemo
977 1528 1135 1609 inquietet.

258 1628 464 1694 CCCLXIV.
484 1630 612 1693 Placuit
623 1651 663 1690 ne
676 1619 864 1713 peregrinis
876 1643 1080 1695 transeuntes
1094 1635 1264 1719 quisquam
1276 1637 1330 1698 in-

195 1711 339 1794 quietare
361 1723 560 1794 praesumat,
585 1714 695 1794 eisque
715 1719 833 1773 no‘cere
855 1715 990 1792 audeat,
1013 1717 1089 1797 quia
1118 1718 1173 1777 alii
1196 1731 1330 1803 propter

187 1791 312 1872 Deum,
335 1795 390 1854 alii
406 1807 539 1878 propter
557 1818 626 1858 suas
648 1794 834 1855 discurrunt
855 1798 1070 1860 necessitates.
1097 1801 1195 1877 Quod
1216 1803 1242 1864 si
1266 1803 1329 1862 ali-

194 1878 267 1961 quis
282 1881 551 1959 praesumptiosus
571 1877 671 1938 fuerit
682 1877 738 1958 qui
752 1880 925 1960 peregrino
941 1881 1098 1956 nocuerit,
1120 1884 1176 1944 vel
1195 1905 1269 1944 eum
1283 1907 1330 1944 as-

195 1960 350 2036 sallierit,
383 1972 438 2022 aut
467 1960 705 2041 dispoliaverit,
742 1961 891 2038 laeserit,
933 1963 1134 2044 plagaverit,
1165 1966 1328 2048 ligaverit,

194 2042 392 2118 vendiderit,
413 2043 467 2103 vel
483 2042 648 2116 occiderit,
670 2041 731 2121 ipsi
753 2044 927 2124 peregrino
942 2044 1131 2127 singillatim
1154 2047 1333 2129 dupliciter

195 2124 281 2188 sicut
304 2124 344 2185 de
363 2125 427 2184 alio
442 2124 572 2185 homine
589 2125 671 2185 solet
690 2125 851 2204 componi,
873 2137 930 2187 aut
942 2150 999 2187 suo
1013 2128 1141 2189 Seniori
1157 2131 1209 2190 vel
1228 2130 1329 2207 socio,

197 2229 272 2270 cum
287 2229 342 2268 sua
357 2207 429 2288 lege
448 2215 628 2288 componat.
651 2206 775 2283 Quodsi
801 2218 945 2268 mortuas
968 2210 1078 2287 fuerit,
1101 2221 1134 2271 et
1159 2212 1331 2272 Seniorem

196 2291 243 2351 ibi
264 2289 317 2350 vel
332 2289 455 2350 socium
478 2310 543 2349 uon
565 2286 730 2364 hahuerit,
756 2297 835 2350 tunc
861 2290 1038 2373 Episcopus
1063 2300 1118 2352 ant
1141 2295 1331 2356 Sacerdotes

198 2371 344 2435 eiusdem
358 2371 431 2454 pagi
450 2372 549 2454 ipsam
569 2370 836 2452 compositionem
858 2372 892 2430 in
913 2373 1028 2456 duplo,
1060 2375 1143 2435 sicut
1174 2375 1213 2437 de
1241 2375 1330 2436 indi-

197 2477 291 2538 gena,
315 2453 527 2536 distringente
546 2452 656 2512 Iudice
675 2452 853 2534 accipiant,
876 2464 908 2514 et
930 2456 963 2515 in
985 2478 1073 2517 suam
1094 2458 1332 2541 eleemosynam
1430 2489 1432 2494 ·
1455 2503 1459 2522 .

197 2539 255 2598 illa
271 2535 432 2606 tribuant;
456 2546 489 2596 et
514 2535 649 2615 insuper
667 2535 831 2612 sexaginta
851 2537 970 2598 solidos
994 2539 1070 2600 fisco
1100 2550 1232 2621 cogatur
1253 2563 1331 2622 per-

3 2645 14 2652 ·
198 2621 334 2682 solvere.
363 2619 406 2678 Et
428 2617 454 2679 si
475 2618 683 2703 peregrinum
702 2618 867 2677 virentem
886 2620 1067 2701 reliquerit,
1093 2629 1221 2682 omnem
1239 2621 1331 2683 iuiu-

197 2701 320 2765 riamei
333 2703 460 2777 factam,
485 2709 517 2760 et
532 2699 691 2781 quicquid
704 2699 753 2759 illi
770 2699 855 2776 tulit,
871 2700 1054 2782 dupliciter,
1076 2714 1112 2763 ut
1129 2704 1331 2786 praedictum

199 2793 257 2863 est,
276 2805 336 2868 per
349 2784 476 2866 singula
493 2783 543 2856 illi
567 2790 750 2864 componat,
776 2783 858 2843 sicut
878 2783 958 2843 solet
984 2785 1023 2844 de
1049 2785 1133 2845 infra
1158 2786 1331 2868 provincia

198 2868 342 2950 aliquem
353 2886 558 2948 componere.
600 2865 635 2925 si
656 2873 764 2923 autem
782 2886 855 2924 eum
870 2865 1043 2945 occiderit,
1062 2877 1098 2927 ut
1115 2868 1252 2928 liberum
1272 2868 1332 2929 ho·

197 2949 320 3011 minem
339 2949 379 3010 de
396 2949 463 3032 ipsa
485 2945 697 3031 provincialia
712 2947 814 3029 duplo
836 2960 1022 3030 componat;
1048 2959 1079 3010 et
1102 2950 1169 3032 ipsa
1191 2951 1332 3033 pecunia

198 3055 217 3092 a
242 3031 425 3095 memoratis
448 3029 674 3091 Sacerdotibus
689 3029 722 3087 in
743 3051 800 3090 sua
822 3030 916 3090 detur
938 3031 1153 3115 eleemosyna;
1176 3033 1332 3116 quoniam

196 3113 357 3178 Dominus
371 3113 430 3174 ait:
471 3113 676 3192 Peregrinam
699 3124 728 3170 et
749 3110 904 3172 advenam
925 3134 989 3174 non
1010 3115 1218 3177 contristabis.

463 3219 512 3278 De
534 3237 569 3278 eo
591 3219 646 3297 qui
666 3237 715 3276 res
733 3217 853 3276 alienas
876 3216 1062 3285 vendiderit,

283 3297 478 3363 CCCLXV.
522 3299 556 3361 Si
586 3299 659 3380 quis
682 3299 866 3360 vendiderit
894 3320 947 3360 res
968 3301 1088 3364 alienas
1110 3304 1179 3366 sine
1209 3304 1332 3364 volun-

200 3393 265 3448 tate
286 3383 409 3445 domini
424 3381 492 3460 sni,
515 3389 570 3441 aut
586 3401 725 3459 servum,
748 3389 802 3440 aut
822 3381 995 3458 ancillam,
1013 3393 1067 3444 aut
1102 3406 1331 3468 quamcunque

199 3487 291 3545 rem,
319 3466 419 3550 ipsa'm
441 3465 566 3547 legibus
588 3463 718 3540 reddat,
752 3471 784 3520 et
804 3461 942 3523 similem
967 3464 1061 3524 aliam
1083 3469 1187 3529 addat.
1239 3468 1282 3527 Et
1304 3468 1333 3529 si

200 3551 305 3633 ipsum
319 3570 384 3609 non
402 3556 508 3632 potest
529 3546 676 3607 invenire
686 3591 695 3622 ,
717 3545 796 3606 duos
816 3545 998 3608 consimiles
1020 3557 1053 3609 et
1067 3549 1208 3633 aequalis
1223 3549 1333 3611 meriti

200 3633 323 3695 reddat.

270 3717 319 3774 De
333 3735 369 3774 eo
389 3715 443 3796 qni
462 3712 594 3772 alieuius
612 3707 814 3793 quadrupedi
828 3731 922 3770 unum
936 3710 1059 3773 oculum
1076 3717 1262 3774 excusserit.

284 3816 491 3884 CCCLXVI.
533 3817 568 3877 si
589 3816 660 3898 quis
679 3813 956 3894 alicuiuscaballo
971 3818 1023 3880 vel
1044 3817 1130 3896 bovi,
1151 3822 1205 3881 vel
1227 3820 1336 3882 cuins·

201 3905 283 3970 libet
298 3899 518 3986 quadrupedi,
547 3921 648 3958 anum
667 3898 805 3991 oculum,
817 3899 1011 3977 excusserit,
1032 3902 1231 3983 adpretietur
1248 3904 1337 3966 illud

201 4011 301 4074 pecus
320 3985 409 4068 qnod
425 3982 520 4060 valet,
542 3992 575 4044 et
590 3991 714 4065 partem
733 3989 859 4040 terttam
873 3992 1053 4064 componat.

330 4094 378 4152 De
397 4110 432 4150 eo
445 4090 500 4169 qui
515 4088 602 4147 iussa
618 4088 700 4165 regis
714 4087 764 4145 vel
774 4088 872 4147 Ducis
890 4087 1026 4169 aliquem
1040 4087 1200 4152 occiderit.

284 4169 512 4242 CCCLXVII.
553 4169 588 4232 si
606 4169 678 4252 quis
695 4167 835 4232 iussione
850 4169 958 4254 Regis,
973 4170 1026 4232 vel
1039 4170 1139 4234 Ducis
1161 4172 1250 4238 illius
1275 4176 1336 4260 qni
