2948 4990
188 323 265 411 604
645 347 935 408 cremnensium

273 485 322 546 De
344 485 394 546 lu's
411 486 468 568 qui
488 484 648 549 Ecclesiae
671 511 744 551 suas
767 511 824 576 nec
845 489 956 552 dotare
981 509 1037 552 nec
1064 488 1169 552 dotem
1192 489 1320 552 restitui

127 581 134 592 '
188 568 312 632 volunt.
355 567 398 629 Et
410 568 437 630 si
455 591 507 631 eas
527 571 637 632 dotare
653 573 821 634 noluerint
843 593 982 656 qnorum
999 582 1085 650 sunt,
1108 577 1163 630 aut
1177 570 1318 634 subtrac-

189 662 220 712 ta
243 651 380 713 reddere
408 652 590 731 noluerint,
611 653 788 738 Episcopus
808 656 957 737 proprius
980 654 1019 715 nd
1040 652 1217 715 dominium
1239 675 1316 715 suae

189 733 273 795 sedis
289 732 449 796 Ecclesias
464 746 597 796 revocet
615 733 946 820 suturis‘temporibus
965 735 1180 818 possidendas.
1220 735 1319 814 Quod

175 815 214 900 'si
240 815 357 896 aliquis
376 816 553 878 liberorum
566 818 616 880 his
629 819 844 894 resultaverit,
867 820 906 880 ab
920 820 1081 900 Episcopo
1099 815 1245 880 eiusdem
1269 818 1321 878 lo-

188 897 219 959 ci
246 897 414 980 Reliquiae
440 921 480 960 ex
500 899 551 960 his
572 901 760 962 auferantur
782 912 813 964 et
837 901 870 962 in
894 901 1021 963 meliori
1047 902 1119 962 loco
1142 907 1318 982 ponantur,

189 989 222 1042 et
245 979 330 1060 ipsae
353 981 559 1043 destruantur
574 983 626 1044 rel
645 991 840 1050 crementur.

229 1086 278 1145 De
296 1106 331 1147 eo
354 1088 410 1169 qui
432 1089 630 1173 semetipsum
651 1090 789 1166 occidit,
818 1101 872 1150 cut
904 1088 1015 1170 laqueo
1044 1109 1077 1148 se
1099 1083 1276 1172 suspendit.

271 1189 375 1257 LXX.
416 1194 465 1253 De
481 1213 520 1253 eo
540 1193 597 1275 qni
616 1194 821 1277 semetipsum
836 1192 965 1268 occidit,
987 1201 1041 1253 nut
1060 1192 1177 1273 laqueo
1195 1214 1228 1254 se
1246 1212 1319 1255 sus-

190 1273 315 1358 pendit,
338 1274 574 1336 consideratum
588 1284 636 1337 est
657 1286 693 1336 ut
708 1278 734 1337 si
755 1277 828 1361 quis
846 1274 1042 1358 compatiens
1069 1274 1149 1335 velit
1173 1274 1319 1335 eleemo-

189 1377 299 1438 synam
318 1355 404 1434 dare,
423 1357 562 1428 tribnat;
592 1367 624 1418 et
644 1358 821 1420 orationem
839 1359 872 1418 in
892 1355 1076 1441 psalmodiis
1095 1356 1200 1428 faciat.
1220 1355 1320 1416 Obla-

189 1438 331 1498 tionibus
346 1447 450 1498 tamen
478 1449 510 1498 et
526 1439 629 1501 Missis
654 1441 714 1522 ipsi
737 1450 881 1511 careant;
904 1440 979 1523 quia
1001 1437 1316 1520 incomprehensibi-

189 1518 233 1577 lia
256 1529 330 1579 snut
350 1520 469 1581 iudicia
487 1521 561 1599 Dei,
583 1531 613 1583 et
630 1523 883 1606 profunditatem
898 1519 1026 1584 consilii
1043 1520 1112 1583 eius
1134 1540 1230 1582 nemo
1256 1541 1319 1604 po·

188 1609 249 1662 test
269 1601 470 1684 investigare.
559 1672 564 1690 ἱ

337 1706 381 1768 Ut
393 1711 502 1769 incesti
529 1722 560 1770 et
583 1709 764 1793 parricidae
787 1711 938 1773 canonice
962 1716 1172 1772 coerceantur.

271 1814 384 1880 LXXI.
425 1816 473 1874 De
492 1815 681 1876 incestuosis
699 1826 731 1877 et
748 1815 925 1900 parricidis,
948 1822 985 1873 ut
1000 1809 1156 1875 canonice
1181 1832 1319 1874 coerce·

189 1905 298 1963 nutum
321 1896 403 1956 sicut
425 1897 464 1956 de
482 1897 540 1958 illo
558 1897 733 1958 iudicatum
755 1909 802 1960 est
826 1898 883 1979 qui
906 1905 1094 1956 materterae
1119 1915 1194 1956 suae
1218 1894 1319 1955 liliam

189 1977 360 2058 stupravit,
385 1988 420 2038 ut
433 1979 619 2061 coniugium
634 1982 717 2043 ultra
737 2001 800 2040 non
825 1988 965 2062 repetat,
990 1987 1022 2039 et
1041 1975 1175 2036 militiae
1199 1977 1317 2059 cingu-

192 2059 259 2119 lum
277 2059 490 2140 derelinquat‚
513 2071 613 2122 etant
632 2063 861 2124 monasterinm
881 2070 976 2144 petat,
997 2068 1051 2120 aut
1070 2058 1097 2120 si
1118 2057 1196 2120 foris
1211 2081 1318 2121 rema·

191 2140 432 2283 nerelvoluerit,
448 2151 590 2227 tempora
598 2145 816 2227 poenitentiae
829 2145 1008 2207 secundnm
1016 2144 1163 2204 Canones
1177 2141 1322 2225 pleniter

190 2245 264 2284 exso
281 2232 342 2283 vat.

214 2326 256 2389 Ut
279 2350 334 2389 nec
362 2353 381 2389 a
409 2328 529 2392 Clerico
555 2333 752 2415 phylacteria
770 2352 825 2394 nec
844 2333 882 2394 ub
910 2329 975 2392 ullo
992 2327 1083 2412 fiant
1105 2328 1295 2396 Christiano.

270 2435 400 2497 LXXII.
442 2438 486 2496 Ut
498 2437 618 2499 Clerici
634 2437 685 2498 vel
703 2438 790 2498 Laici
812 2434 1009 2520 phylacteria
1029 2433 1081 2494 vel
1099 2433 1193 2495 falsas
1219 2433 1320 2516 scrip-

188 2517 305 2592 tiones,
329 2527 384 2578 aut
398 2517 560 2600 ligaturas,
583 2542 664 2601 quae
686 2520 905 2602 imprudentes
925 2539 984 2600 pro
1004 2515 1146 2577 febribus
1168 2526 1224 2576 ant
1246 2517 1318 2578 aliis

186 2599 330 2682 pestibus
354 2599 505 2662 adiuvare
529 2613 641 2684 putant
651 2627 664 2679 ,·
683 2603 775 2662 nullo
800 2601 894 2661 niodo
908 2601 945 2660 ab
968 2599 1033 2658 illis
1048 2600 1100 2658 vel
1115 2620 1132 2656 a
1149 2620 1316 2680 quoquam

191 2682 374 2743 Christiano
394 2682 480 2760 fiant,
504 2685 580 2765 quin
594 2685 733 2767 magicae
750 2684 824 2744 artis
842 2682 981 2764 insignia
1001 2690 1092 2748 sunt;
1116 2681 1172 2741 sed
1191 2702 1249 2762 pro
1266 2681 1317 2739 in·

187 2763 351 2825 firmitate·
368 2765 450 2826 illud
475 2768 562 2846 quod
587 2767 729 2848 Apostoli
748 2775 780 2827 et
797 2767 945 2826 Canones
964 2771 1159 2842 sanxerunt,
1184 2763 1217 2824 id
1246 2772 1314 2841 est,

188 2847 349 2908 orationes
369 2857 401 2908 et
421 2849 502 2908 sacri
519 2849 584 2910 olei
599 2849 728 2926 unctio,
751 2849 815 2913 fiat.

255 2953 296 3018 Ut
310 2953 414 3014 nullus
435 2955 605 3032 Presbyter
624 2956 757 3096 amplizs
779 2974 871 3034 quum
889 2971 982 3011 unam
999 2949 1173 3011 Ecclesium
1193 2952 1256 3013 sibi

663 3039 719 3097 vin
743 3038 811 3097 icet.

268 3140 414 3205 LXXIII.
454 3141 582 3204 Placuit
593 3142 680 3204 omni
698 3141 842 3225 synodali
855 3139 1033 3202 conventui
1045 3149 1080 3200 ut
1100 3139 1210 3200 nullus
1224 3140 1317 3200 Pres-

187 3223 375 3308 byterorum
407 3225 544 3309 amplius
588 3247 684 3308 quam
719 3245 816 3284 unam
846 3223 1023 3285 Ecclesiam
1057 3222 1118 3284 sibi
1150 3221 1318 3283 vindicare

187 3317 376 3389 praesumat.

309 3413 358 3472 De
382 3413 499 3473 letania
524 3414 655 3485 maiore,
683 3425 717 3473 nt
736 3432 822 3473 more
843 3412 982 3472 Romano
1008 3412 1192 3474 celebretur.

268 3519 411 3580 LXXIV.
454 3521 497 3580 Ut
518 3518 637 3582 letania
659 3519 761 3579 maior
778 3539 866 3578 more
889 3517 1031 3578 Romano
1049 3517 1088 3576 ab
1110 3515 1258 3579 omnibus
1282 3517 1317 3577 iu

189 3602 325 3688 septimo
347 3602 419 3666 Kal.
440 3602 517 3662 Maii
536 3601 726 3662 celebretur.
779 3601 884 3684 Supra
904 3599 973 3666 Lib.
997 3599 1036 3660 V.
1057 3620 1083 3660 c.
1103 3599 1169 3662 150.

192 3705 235 3772 Ut
248 3710 352 3769 nullus
371 3709 464 3768 vitam
482 3709 548 3768 sine
563 3709 774 3768 communione
785 3706 900 3789 finiat,
917 3727 972 3766 nec
995 3709 1138 3767 unctione
1162 3705 1319 3768 benedicti

158 3787 165 3801 ‘
653 3791 717 3850 olei
736 3801 850 3850 careat.
1155 3866 1157 3870 .

269 3871 397 3936 LXXV.
439 3871 473 3933 Si
499 3871 681 3932 infirmitate
703 3871 870 3952 depressus
889 3870 960 3950 quis
981 3871 1090 3944 fuerit,
1119 3867 1216 3930 vitam
1243 3868 1315 3931 sine

188 3956 412 4018 communione
435 3975 500 4015 non
517 3954 617 4031 finiat,
641 3975 701 4013 nec
723 3954 876 4012 unctione
897 3953 1009 4012 sacrati
1030 3951 1092 4013 olei
1115 3960 1230 4016 careat.
1272 3951 1316 4011 Et

189 4041 215 4099 si
234 4038 331 4097 finem
350 4037 539 4120 perspiciat,
560 4039 760 4096 sacrosancto
777 4056 909 4117 corpore
928 4036 997 4096 Deo
1015 4035 1120 4094 anima
1138 4031 1207 4094 eius
1224 4033 1242 4093 b
1257 4033 1317 4094 Sa·
1391 4069 1393 4074 ·

189 4121 318 4182 cerdote
340 4121 488 4200 precihus
510 4119 761 4180 commendetur.
881 4173 884 4178 .

269 4205 472 4283 Quapropter
490 4202 638 4262 omnibus
653 4200 775 4282 placuit
799 4208 834 4258 ut
857 4200 967 4260 nullus
986 4198 1155 4283 Presbyter
1179 4196 1318 4279 amplius

189 4297 286 4367 'quam
307 4305 404 4344 unum
422 4284 600 4347 Ecclesiam
620 4283 680 4346 sibi
698 4281 856 4354 vindicet3
885 4283 961 4365 quia
977 4281 1060 4344 sicut
1077 4283 1213 4368 quisque
1222 4299 1321 4357 secu-
