2910 4984
517 323 520 330 ’
567 319 725 380 aontrto
762 317 924 384 onnam.
1140 395 1143 408 ι
1203 291 1278 369 859

151 459 275 520 indicio
294 467 389 540 atque
408 457 560 520 fidelitate
580 471 686 522 nostra
703 459 917 544 praecipimus
938 455 977 518 ab
999 453 1049 516 his
1082 456 1212 534 caveri,
1239 469 1277 520 et

152 544 233 604 haec
253 541 444 602 facientibus
463 563 523 603 nec
539 543 642 604 verbis
659 565 720 604 nec
744 544 836 604 factis
853 540 923 601 ullo
951 537 1046 598 modo
1060 540 1273 612 ·consentire;

152 623 307 709 quoniam
323 623 379 704 qni
400 623 478 682 talia
499 633 620 704 aguut,
649 625 802 708 Apostolo
826 623 1021 706 pollicente,
1051 641 1188 702 reguum
1211 623 1273 684 Dei

153 727 218 788 pon
243 716 491 786 consequentur.
531 707 671 790 Tempus
696 727 832 787 namque
856 714 902 766 est
917 703 1181 776 utmultitudini
1198 723 1274 786 per-

153 787 261 850 euntis
295 787 407 869 populi
436 787 590 869 parcatis,
630 810 713 870 qnae
739 787 903 870 sequendo
936 785 1274 869 exemplapeccantis

153 868 315 952 Principis
330 869 461 931 cadebat
474 871 507 929 in
525 880 659 952 puteum
676 872 787 932 mortis
794 893 803 940 ;
832 868 909 953 quia
927 877 1193 952 quantoscunque
1220 869 1273 932 vel

147 951 214 1036 'per
234 952 318 1012 bona
333 953 480 1034 exempla
500 953 539 1014 ad
563 953 658 1015 vitam
679 951 827 1014 coelestis
840 951 960 1036 patriae
984 949 1276 1030 contrahimus,.vel

153 1054 214 1116 per
239 1034 321 1093 mala
348 1035 493 1114 exempla
516 1034 557 1096 ad
572 1035 794 1118 ¹{perditionem
832 1043 1002 1117 sequentes
1032 1032 1214 1115 praeimus,
1235 1031 1276 1094 de

143 1115 252 1175 ¹tantis
266 1116 380 1197 procul
400 1117 497 1177 dubio
522 1115 560 1178 ab
580 1127 710 1180 aeterno
729 1117 840 1179 Iudice
852 1116 905 1178 rel
923 1135 1042 1198 poenas
1062 1115 1117 1176 vel
1137 1115 1278 1197 praemia

155 1197 318 1278 accepturi
340 1219 459 1260 sumus.
500 1197 534 1262 si
552 1201 639 1261 enim
656 1221 733 1283 gens
753 1209 878 1277 nostra,
905 1200 990 1259 sicut
1016 1217 1076 1279 per
1104 1196 1178 1260 istas
1199 1217 1277 1281 pro·

156 1280 280 1340 vincias
301 1280 503 1362 divulgatum
522 1291 591 1358 est,
613 1293 646 1346 et
667 1281 758 1344 nobis
772 1283 805 1342 in
821 1280 958 1343 Francia
983 1287 1015 1341 et
1040 1279 1074 1338 in
1099 1278 1191 1340 ltalia
1215 1280 1277 1340 im·

155 1371 366 1443 properatur,
386 1373 418 1423 et
438 1363 476 1422 ab
493 1362 567 1445 ipsis
577 1366 712 1448 Paganis
732 1363 961 1447 improperium
977 1370 1042 1438 est,
1064 1360 1176 1442 spretIs
1194 1361 1291 1443 lege.

155 1443 437 1524 transmarimis,
460 1443 670 1510 adulterando
684 1458 717 1510 et
737 1445 929 1508 luxurianda
951 1443 991 1504 ad
1013 1443 1113 1504 instar
1135 1441 1279 1506 Sodomi-

155 1536 250 1587 tanae
269 1529 372 1608 gentis
387 1528 520 1589 'foedam
539 1528 636 1590 vitam
654 1529 800 1607 duxerit,
823 1528 933 1590 detali
955 1523 1182 1590 commixtione
1210 1545 1280 1587 me-

137 1607 552 1675 ,1retricumacstimandum
566 1620 612 1672 est
631 1613 806 1694 degeneres
828 1610 964 1694 populos
984 1618 1017 1670 et
1029 1605 1213 1689 ignobiles,
1247 1616 1281 1667 et

155 1692 302 1751 furentes
316 1691 470 1768 libidine,
492 1693 561 1753 fore
580 1691 805 1776 procreandos,
828 1691 917 1754 etad
944 1699 1123 1752 extremum
1146 1688 1280 1751 nniver-

155 1794 223 1836 sam
239 1771 367 1854 plebem
389 1775 429 1836 ad
448 1774 607 1835 deteriora
620 1786 654 1836 et
673 1775 901 1857 ignorabiliora
915 1781 1111 1856 vergentem,
1126 1779 1158 1832 et
1176 1771 1280 1832 noris·

158 1854 236 1915 sime
255 1875 314 1916 nec
341 1855 375 1916 in
391 1856 478 1916 bello
494 1858 630 1917 seculari
645 1859 771 1934 fortem,
794 1879 854 1918 nec
872 1853 984 1916 in-fide
1000 1852 1156 1931 stabilem,
1176 1863 1279 1915 etuec

156 1936 378 1998 honorabilem
390 1937 572 1999 hominibus
590 1961 649 2001 nec
668 1943 738 2000 Deo
757 1939 925 2000 amabilem
941 1957 1008 1999 esse
1026 1943 1210 1997 venturam:
1233 1933 1279 1996 si·
1352 1974 1353 1978 =

158 2027 214 2078 cut
228 2016 298 2080 aliis
322 2021 469 2100 gentibus
489 2021 659 2104 Hispaniae
683 2007 720 2083 et*
736 2011 928 2084 Prouincias
953 2029 985 2080 et
1009 2017 1279 2099 Burgundionum

156 2099 286 2184 populis
306 2103 459 2185 contigit,
482 2125 563 2183 quae
591 2103 636 2165 sic
654 2103 672 2164 d
691 2106 761 2164 Deo
777 2107 965 2164 recedentes
983 2099 1160 2163 fornicatae
1184 2108 1277 2176 suut,

158 2183 263 2244 donec
284 2183 384 2245 ludex
407 2185 607 2264 omnipotens
623 2187 735 2247 talium
754 2185 926 2246 criminum
942 2183 1074 2244 ultrices
1087 2203 1206 2265 poenas
1219 2201 1277 2263 per
1376 2187 1382 2198 '

146 2265 371 2345 ignorantiam
392 2267 470 2350 legis
488 2268 569 2344 Dei,
592 2281 697 2350 etper
727 2270 917 2329 Sarracenos
948 2266 1061 2326 venire
1099 2272 1133 2326 et
1155 2263 1302 2342 servire·

158 2347 312 2428 permisit.
351 2349 394 2410 Et
416 2349 591 2410 notandum
611 2350 699 2432 quod
731 2350 764 2409 in
785 2351 843 2410 illo
869 2348 989 2410 'scelere
1016 2346 1105 2407 aliud
1139 2344 1277 2406 immane

158 2427 313 2509 flagitium
336 2431 538 2508 subterlatet,
567 2431 603 2492 id
634 2443 697 2510 est,
725 2431 943 2498 homicidium.
984 2429 1080 2508 Quia·
1101 2428 1178 2489 dum
1200 2427 1276 2488 ittae

161 2510 368 2590 meretrices,
389 2513 455 2574 sive
468 2515 724 2593 monasteriales,
747 2515 814 2576 sire
835 2512 1013 2588 seculares,
1035 2511 1116 2570 male
1136 2531 1276 2591 concep-

157 2601 204 2652 tas
225 2593 352 2655 soboles
369 2595 401 2654 in
418 2595 555 2677 peccatis
574 2607 773 2678 genuerunt,
795 2617 888 2674 saepe
907 2594 1043 2653 maxima
1059 2614 1100 2653 ex
1114 2600 1203 2672 parte
1221 2613 1277 2652 oc-

157 2673 287 2745 cidunt;
311 2698 373 2736 uon
397 2679 565 2758 implentes
584 2679 703 2741 Christi
726 2679 888 2740 Ecclesias
916 2676 991 2736 liliis
1016 2673 1192 2756 adoptivis,
1221 2673 1279 2736 sed

157 2758 298 2818 tumulos
313 2760 519 2842 corporibus,
543 2772 574 2822 et
589 2760 711 2823 inferos
728 2761 850 2822 miseris
865 2758 1056 2819 animalibus
1072 2756 1197 2818 satiant.
1217 2755 1279 2816 Ab·

147 2837 199 2898 *sit
212 2839 299 2900 enim
314 2850 349 2901 ut
363 2864 421 2924 pro
439 2842 555 2905 talibus
571 2844 728 2926 pereatis,
751 2853 784 2903 et
797 2865 853 2903 nos
867 2842 962 2902 simul
984 2862 1059 2900 cum
1070 2859 1170 2920 regno
1189 2838 1279 2900 cada·

157 2941 227 2980 mus
246 2922 409 3006 gloriaque
428 2924 525 2985 totius
544 2926 635 3007 regni
666 2935 791 3008 pereat;
814 2924 965 3006 quoniam
992 2943 1032 2983 ex
1055 2919 1279 3002 praecedenti-

157 3002 216 3077 bus
232 3004 417 3086 agnovimus
435 3028 515 3088 quae
531 3005 706 3085 secuturis,
729 3007 790 3068 nisi
809 3007 954 3088 praevisa
969 3004 1112 3080 fuerint,
1145 3010 1280 3085 possunt

158 3084 301 3146 evenire.
333 3088 446 3148 ''Satius
467 3098 513 3148 est
532 3111 661 3172 quoque
680 3091 770 3150 nobis
787 3090 903 3150 talibus
916 3086 1055 3162 carere,
1084 3107 1180 3166 quam
1206 3105 1280 3145 cum

157 3165 207 3228 hie
229 3188 344 3244 ruere,
364 3191 563 3252 regnumque
579 3172 617 3231 ab
635 3172 771 3234 ethnicis
791 3181 885 3252 atque
909 3171 977 3232 eius
995 3167 1204 3250 popularibus
1226 3169 1280 3226 fu-

157 3258 230 3313 tur.)
247 3258 387 3332 tempore
402 3252 562 3313 adnullari
578 3254 631 3316 rel
647 3255 813 3336 possideri.
843 3253 932 3315 Scire
960 3251 1045 3312 enim
1062 3272 1117 3312 vos
1135 3249 1280 3334 cupimus

143 3333 234 3414 quia
250 3332 438 3414 quicunque
452 3357 548 3417 super
562 3335 613 3397 his
635 3347 690 3397 aut
706 3337 828 3397 faciens
845 3344 901 3395 aut
915 3334 1056 3394 libenter
1075 3332 1280 3393 consentiens

157 3413 310 3475 inventus
329 3417 441 3494 fuerit,
464 3439 522 3480 nos
545 3439 619 3480 eum
637 3418 727 3480 iuxta
745 3417 941 3502 praedictam
966 3417 1139 3476 Romanam
1160 3413 1281 3498 Legem

157 3495 242 3556 velle
254 3497 381 3582 punire.

156 3626 206 3690 De
228 3647 263 3690 eo
284 3629 350 3712 qui,
371 3630 504 3713 proprio
519 3650 620 3692 uxore
637 3627 800 3773 glereligta,
825 3630 879 3692 uel
903 3630 970 3690 sine
988 3629 1082 3714 culpa
1101 3624 1279 3709 interserta,
1322 3649 1324 3654 ⁸

616 3736 636 3774 a
650 3735 713 3774 ram
761 3714 834 3778 urit.

243 3837 360 3905 CLXI.
403 3841 599 3924 Quicunque
632 3842 762 3925 propria
790 3861 890 3902 uxore
920 3838 1094 3918 derelicta,
1134 3839 1187 3898 vel
1211 3838 1280 3898 sine

156 3924 252 4006 culpa
278 3921 469 4000 interfecta,
498 3924 592 3983 aliam
619 3926 766 4002 duxerit,
790 3923 884 3985 armis
915 3921 1087 4006 depositis,
1120 3919 1281 4000 publicam

156 4014 227 4088 agat
244 4003 484 4087 poeniteutiam.
524 4005 611 4067 Etsi
647 4017 818 4069 contumax
842 4004 960 4078 suerit,
989 4001 1283 4086 comprehendatur

156 4088 175 4148 ia
195 4087 338 4165 Comite,
361 4097 393 4149 et
413 4089 501 4149 ferro
519 4089 696 4167 vinciatur,
721 4089 804 4150 et'in
830 4086 975 4149 custodia
992 4087 1155 4164 mittatur,
1178 4084 1281 4148 donee

156 4190 207 4230 res
225 4169 265 4232 ad
281 4177 420 4233 nostram
438 4169 583 4234 notitiam
599 4171 786 4238 deducatur.
827 4171 932 4256 Supra
952 4191 978 4232 c.
1002 4169 1066 4237 118.
