2910 4986
514 307 629 367 LIBER
658 305 870 372 secudans.
1186 292 1258 370 445

124 449 394 530 cussiacensis,
418 448 592 514 Advocatis
614 449 749 527 nostris,
777 470 814 511 ac
833 445 1055 510 vicedominis
1076 449 1259 518 Abbatissa·

128 559 217 614 ram,
236 554 371 595 necnon
392 541 426 594 et
446 554 556 595 eorum
578 532 634 615 qui
654 541 786 616 propter
803 531 944 615 aliquam
965 531 1185 597 inevitabilem
1203 559 1260 598 ne·

126 620 305 684 cessitatem
328 615 396 698 ipsi¹
408 615 519 678 venire
540 636 606 675 non
626 623 781 697 possunt,
813 615 852 675 ad
880 615 988 675 locum
1010 634 1122 682 unum.
1162 618 1205 678 Et
1231 618 1260 682 si

124 721 256 765 necesse
272 698 376 758 fucrit
388 707 523 781 propter
537 697 811 780 opportunitatem
828 695 1049 758 conveniendi
1074 696 1107 756 in
1135 698 1260 763 duobus
1306 733 1309 744 ·
1403 715 1407 722 '

123 786 176 848 vel
195 783 301 844 tribus
326 780 425 857 locis,
448 779 500 842 vel
520 779 657 841 maxime
679 788 811 862 propter
835 799 992 862 pauperes
1018 780 1150 860 populi,
1173 782 1260 844 idem

124 875 306 930 conventus
323 863 479 942 habeatur
503 862 560 944 qui
586 862 735 923 omnihus
765 870 936 943 congruat;
960 869 993 920 et
1014 859 1129 924 haheat
1156 887 1259 928 unus·

124 951 264 1033 quisque
291 947 406 1006 Comes
425 943 572 1007 Vicarios
598 954 632 1006 et
655 944 866 1011 Centenarios
882 964 959 1004 suos
981 965 1107 1022 secum,
1130 968 1259 1010 necnon

124 1042 157 1095 et
176 1032 216 1092 de
236 1027 352 1112 primis
371 1026 536 1108 scabineis
552 1027 624 1088 suis
645 1036 711 1088 tres
734 1037 787 1087 aut
813 1035 959 1108 quatuor.
1001 1026 1044 1087 Et
1061 1027 1094 1086 in
1116 1050 1154 1090 eo
1179 1053 1260 1092 con·

123 1123 223 1176 ventu
249 1113 388 1193 primum
414 1109 613 1189 Christianae
641 1107 809 1191 religionis
840 1117 871 1168 et
898 1108 1107 1170 ecclesiastici
1134 1113 1259 1175 ordinis

124 1193 258 1257 collatio
276 1194 338 1252 liat.
381 1190 509 1252 Deinde
530 1192 695 1274 inquirant
710 1191 797 1253 Missi
823 1191 922 1252 nostri
945 1189 983 1250 ab
999 1191 1157 1254 universis
1177 1217 1260 1275 qua-

125 1279 204 1340 liter
218 1274 441 1357 unusquisque
463 1273 596 1334 illorum
612 1274 669 1354 qui
688 1274 727 1335 nd
746 1258 817 1352 hoc
839 1272 855 1331 d
882 1273 973 1332 nobis
993 1274 1158 1336 constituti
1172 1285 1259 1356 sunt,

126 1359 268 1422 officium
277 1357 338 1420 sihi
350 1354 552 1417 commissum
562 1356 739 1417 secundum
750 1349 811 1417 Dei
823 1354 1022 1416 voluntatem
1034 1375 1070 1416 ac
1085 1356 1260 1424 iussionem

126 1451 269 1503 nostram
283 1439 484 1501 administret
498 1438 532 1498 in
547 1440 685 1520 populo,
709 1447 741 1499 et
757 1460 853 1518 quam
866 1439 1047 1499 concordes
1064 1447 1162 1521 atque
1181 1463 1261 1502 una·

126 1525 232 1584 nimes
250 1523 291 1585 ad
312 1522 374 1582 hoc
396 1522 478 1598 sint,
500 1524 553 1582 vel
572 1521 713 1601 qualiter
728 1520 868 1582 vicissim
886 1514 946 1580 sihi
970 1515 1128 1581 auxilium
1151 1524 1259 1584 ferant

126 1608 167 1667 ad
191 1605 369 1666 ministeria
388 1625 450 1664 sua
466 1604 657 1686 perage-ada.
698 1604 740 1672 Et
765 1612 828 1662 tam
854 1602 1028 1680 diligenter
1051 1625 1087 1664 ac
1116 1602 1258 1668 studiose

125 1688 212 1749 banc
231 1685 510 1768 investigationem
524 1681 662 1763 faciant,
686 1694 722 1744 ut
739 1705 865 1744 omnem
881 1684 929 1744 rei
951 1685 1116 1746 veritatem
1128 1709 1188 1770 per
1203 1709 1257 1750 eos

129 1789 321 1852 cognoscere
342 1769 514 1830 valeamus.
555 1771 598 1830 Et
618 1768 645 1829 si
663 1767 770 1848 aliqua
786 1766 857 1826 tali's
875 1788 969 1827 causa
988 1767 1029 1827 ad
1045 1789 1157 1829 eorum
1176 1771 1260 1830 noti·

127 1852 206 1912 tiam
223 1852 344 1934 perlata
365 1851 465 1911 fuerit
489 1872 570 1932 quae
596 1851 727 1910 illorum
750 1849 872 1908 auxilio
898 1849 1057 1931 indigeat,
1079 1853 1259 1914 secundum

125 1934 295 2016 qualitates
325 1931 491 1994 causarum
514 1951 596 2016 qnae
620 1933 654 1991 in
682 1939 791 1992 nostro
815 1930 994 2012 Capitulari
1024 1934 1258 2012 continentur,

123 2028 204 2077 tunc
224 2016 373 2078 volumus
392 2025 428 2075 ut
448 2016 527 2078 illuc'
548 2023 706 2096 pergant,
729 2020 761 2074 et
774 2034 816 2074 ex
834 2022 941 2074 nostra
965 2015 1156 2078 auctoritate
1172 2017 1258 2079 illud

123 2099 287 2180 corrigere
305 2098 463 2161 studeant..
505 2097 588 2162 Iln'd.
606 2118 632 2163 c.
653 2097 701 2160 28·
728 2105 736 2118 “

122 2207 182 2270 De
204 2205 296 2265 rebus
317 2203 363 2263 ad
380 2203 592 2263 venerabilem
613 2202 715 2262 locum
733 2201 960 2285 pertinentibus
984 2220 1047 2263 non
1069 2205 1257 2270 alienandis.

208 2285 336 2348 XXlX.
379 2285 475 2345 Nulla
498 2285 722 2345 sua-Romana
746 2285 870 2345 ditione
900 2285 1071 2346 constituta
1092 2288 1257 2366 Ecclesia,

123 2370 177 2433 vel
210 2367 452 2430 xenodochium
481 2365 532 2428 vel
559 2365 864 2449 ptochotrophium,
886 2368 940 2428 vel
965 2370 1183 2429 nosocomium
1203 2372 1257 2431 vel

123 2449 454 2534 orphanotrophium,
484 2448 537 2508 vel
559 2448 835 2531 gerontocomium
863 2449 916 2509 vel
947 2450 1256 2531 brephotrophium,

122 2537 179 2597 vel
204 2532 434 2594 monasterium
460 2539 526 2590 tam
556 2530 788 2591 Monacborum
814 2551 909 2611 quam
932 2531 1257 2611 sanctimonialium,

122 2615 417 2678 Archimandritam
441 2613 563 2675 babens
587 2613 638 2675 vel
662 2613 1016 2689 Archimandritissam,
1045 2623 1155 2673 contra
1176 2613 1268 2675 haec¹

122 2719 220 2780 agere
242 2705 430 2778 praesumat.
472 2697 557 2777 Ergo
573 2695 623 2756 his
646 2696 793 2756 omnibus
818 2717 883 2756 non
909 2697 1005 2756 liceat
1025 2695 1165 2756 alienare
1186 2718 1256 2758 rem

121 2779 339 2855 immobilem,
365 2780 432 2840 sive
447 2779 593 2854 domum,
617 2779 683 2839 sive
706 2799 836 2858 agrum,
855 2777 1086 2854 sivehortum,
1099 2778 1177 2839 sive
1197 2801 1257 2840 ru·
1308 2836 1310 2841 .

121 2862 240 2924 sticum
255 2862 467 2942 mancipium,
486 2862 537 2922 vel
555 2882 654 2943 panes
673 2860 805 2932 civiles,
826 2881 932 2940 neque
954 2860 1169 2922 creditoribus
1187 2883 1258 2945 spe·

119 2945 214 3020 cialis
234 2943 432 3027 hypothecae
448 2943 543 3004 titulo
563 2943 715 3024 obligare.
756 2941 971 3002 Alienationis
993 2953 1099 3002 autem
1119 2945 1257 3005 verbum
1279 3007 1281 3012 ,

122 3026 290 3088 contineat
311 3027 552 3102 venditionem,
575 3026 800 3094 donationem,
826 3025 1114 3104 permutationem,
1137 3038 1171 3086 et
1187 3049 1256 3088 em-

119 3109 308 3192 phiteuseos
325 3118 516 3189 perpetuum
534 3117 740 3168 contractum.
784 3106 848 3166 Sed
867 3128 977 3168 omnes
995 3108 1126 3168 omnino
1147 3109 1258 3171 Sacer·

122 3193 214 3254 dotes
235 3190 273 3250 ab
285 3189 468 3250 huiusmodi
491 3189 685 3250 alienatione
703 3211 736 3250 se
755 3187 951 3264 abstineant,
969 3212 1088 3271 poenas
1104 3192 1255 3254 timentes

121 3295 199 3355 quas
221 3273 384 3333 Leoniana
401 3272 595 3332 Constitutio
611 3271 770 3345 minatur,
793 3270 908 3346 idest,
929 3281 964 3331 ut
990 3273 1015 3332 is
1043 3273 1175 3353 quidem
1196 3275 1254 3356 qui

120 3354 371 3435 comparaverit,
386 3376 453 3414 rem
467 3355 539 3413 loco
555 3353 734 3415 venerabili
750 3352 865 3412 reddat
878 3352 969 3414 cuius
983 3363 1015 3415 et
1028 3365 1121 3416 antea
1136 3358 1254 3434 fuerat,

119 3437 247 3498 scilicet
268 3458 341 3497 cum
372 3435 530 3496 fructibus
559 3436 694 3517 aliisque
722 3434 945 3496 emolumentis
977 3458 1058 3518 quae
1085 3437 1118 3497 in
1146 3439 1254 3501 medio

118 3529 262 3600 tempore
288 3520 371 3578 facta
397 3529 492 3587 sunt;
532 3538 743 3579 oeconomum
770 3524 877 3576 autem
901 3519 1064 3580 Ecclesiae
1091 3532 1254 3602 praestare

119 3621 213 3660 omne
228 3601 357 3660 lucrum
373 3602 460 3682 quod
473 3621 512 3660 ex
525 3599 709 3661 huiusmodi
722 3597 883 3680 prohibita
897 3602 1090 3662 alienatione
1105 3605 1252 3680 senserit,

119 3683 169 3744 vel
187 3683 245 3762 qui
265 3683 430 3743 Ecclesiae
453 3683 605 3743 damnum
624 3681 783 3758 effecerit,
806 3681 1019 3754 aministerio
1046 3685 1251 3762 submoveat,

119 3765 160 3824 ita
191 3775 228 3824 ut
257 3764 290 3822 in
322 3775 485 3845 posterum
510 3785 702 3828 oeconomus
726 3786 791 3823 non
819 3764 869 3825 sit.
918 3767 989 3825 Non
1016 3767 1120 3826 solum
1144 3777 1252 3828 autem

119 3847 202 3928 ipse,
237 3847 295 3906 sed
323 3847 418 3906 etiam
447 3845 645 3908 successores
676 3847 745 3907 eins
773 3845 833 3905 hac
864 3847 935 3928 lege
963 3857 1152 3925 teneantur,
1185 3851 1251 3911 sive

117 3925 497 4008 ipseArchioeconomus
523 3930 731 4005 alienaverit,
761 3930 828 3990 sive
849 3929 1024 4010 respiciens
1054 3930 1251 3990 alienantem
1303 3942 1307 3950 “

117 4011 312 4094 Episcopum
332 4011 632 4092 nonprohibuerit;
651 4009 869 4088 multomagis
889 4011 915 4070 si
937 4011 1148 4072 consenserit.
1190 4015 1251 4072 Ta-

118 4090 293 4154 bellionem
305 4102 411 4152 autem
426 4093 483 4176 qni
497 4093 573 4154 talia
587 4093 758 4156 interdieta
775 4092 987 4154 instrumenta
996 4101 1035 4167 0)
1047 4093 1248 4178 conscripsit,

127 4195 385 4218 ῆ--ὲη-ι-

148 4255 186 4314 ο)
200 4250 237 4302 al.
255 4266 318 4310 msa,
335 4255 492 4300 rnamenta.
553 4307 555 4314 y
