2910 4986
493 334 608 390 arasa
642 331 828 403 cusanus.
1083 343 1090 348 ·
1146 312 1221 388 481

99 477 162 554 dis,
187 483 219 538 et
237 471 276 534 de
296 471 391 536 faidis
401 474 561 558 pacandis,
583 474 623 535 de
640 471 822 535 homicidiis
844 471 1070 554 prohibendis,
1093 473 1132 536 de
1147 495 1223 558 per-

99 560 187 620 iuriis
206 567 238 620 et
262 556 350 616 falsis
364 558 496 618 testibus
518 557 768 640 compescendis,
783 556 829 616 de
844 552 896 617 his
915 556 1061 617 omnibus
1082 556 1134 616 vel
1155 579 1225 620 cae·

98 641 173 702 teris
192 639 243 700 his
261 637 417 700 similibus
436 639 497 700 hoc
515 639 713 721 quodmodo
735 637 974 713 constituimus,
1006 636 1152 701 omnibus
1172 641 1226 702 ad·

99 723 267 784 nuntietur
287 719 367 780 etin
391 722 537 782 futurum
552 721 748 786 observetur.
788 719 873 782 Ibid.
887 742 911 781 c.
928 741 972 780 ια.

290 829 345 888 De
367 828 539 887 Missurum
558 825 786 888 dorninicornm
800 826 1029 888 observatione.

178 909 261 973 LVI.
302 909 369 969 Hoc
385 910 534 971 volumus
545 918 581 968 ut
592 909 678 968 Missi
695 907 797 969 nostri
810 908 989 985 observent,
1013 921 1047 971 ut
1066 907 1225 992 quicquid

102 993 139 1054 de
152 990 204 1050 his
223 991 325 1052 causis
351 991 403 1052 vel
431 992 524 1052 simul
552 990 604 1052 vel
632 990 819 1072 singillatim
849 993 1017 1051 emendare
1042 993 1226 1074 potuerint,

103 1072 293 1144 emendent;
318 1083 349 1133 et
370 1095 504 1154 eaquae
531 1073 793 1148 emendaverint,
817 1071 989 1154 diligenter
1014 1074 1138 1156 scriptis
1165 1095 1227 1134 no-

102 1165 188 1236 tentg
213 1163 245 1214 et
265 1153 326 1216 hcc
343 1155 387 1217 sic
402 1176 553 1238 peragere
572 1165 707 1232 curent,
737 1153 888 1236 quatinus
923 1155 1004 1216 iuste
1032 1153 1229 1237 reprehendi

103 1239 299 1318 iquoquam
321 1237 504 1298 nullatenus
526 1238 657 1319 possint.
717 1239 759 1296 Et
785 1235 997 1315 quaefacere
1024 1238 1143 1299 dehent
1174 1244 1229 1298 aut

102 1328 254 1403 possunt,
278 1319 752 1402 nullatenuspraetermittant:
775 1319 872 1377 immo
887 1327 1017 1379 caveant
1047 1341 1107 1396 ne,
1140 1319 1230 1400 quod

102 1401 182 1462 absit
198 1409 254 1460 aut
273 1403 372 1482 gratia
388 1403 541 1480 alicuius,
564 1411 617 1460 aut
633 1400 765 1462 honoris
782 1409 837 1459 aut
852 1400 975 1461 timoris
992 1402 1059 1464 sive
1073 1399 1140 1462 odii
1156 1423 1230 1461 cau·

102 1486 152 1560 sat,
176 1482 260 1542 illud
285 1485 373 1564 qnod
394 1505 486 1566 agere
504 1482 641 1560 debent,
666 1483 820 1542 omittant.
842 1481 884 1541 Et
902 1505 1099 1566 summopere
1117 1483 1230 1544 stude·
1260 1494 1264 1506 ’

106 1573 160 1624 ant
175 1573 211 1624 ut
220 1563 282 1624 hoc
297 1567 385 1646 quod
399 1587 458 1648 per
467 1587 499 1626 se
509 1565 635 1626 efficere
647 1586 711 1625 non
721 1573 861 1646 possunt,
871 1564 962 1624 nobis
974 1576 1085 1626 notam
1098 1566 1227 1629 saciant.

102 1647 142 1706 Et
163 1647 355 1707 omnimodis
377 1647 585 1728 praevideant
598 1656 633 1706 ut
657 1669 716 1730 per
734 1644 860 1728 singula
880 1646 1040 1728 capitula,
1063 1657 1126 1706 tam
1151 1667 1227 1708 ver-

101 1729 148 1788 bis
168 1749 263 1812 quam
290 1728 426 1812 scriptis,
449 1730 488 1790 de
508 1729 654 1790 omnibus
674 1750 755 1811 quae
776 1728 846 1787 illic
869 1730 1053 1810 peregerint
1069 1728 1160 1791 nobis
1179 1750 1229 1789 ra-

101 1811 224 1872 tionem
241 1807 377 1872 reddere
396 1812 532 1874 valeant.
575 1811 658 1873 Ibid.
679 1833 704 1870 c.
724 1811 769 1871 15.

269 1919 323 1977 De
338 1917 466 2000 placitis
489 1916 634 1977 astiteris
650 1916 832 1977 bonainibns'
850 1917 1060 1980 observandis.

139 1997 243 2061 LVII.
285 2002 333 2058 De
364 1999 489 2081 placitis
516 1998 677 2078 siquidem
708 2020 787 2080 qnos
814 1999 908 2060 liberi
940 1999 1086 2061 homines
1119 1999 1228 2061 obser-

103 2102 179 2144 vare
209 2081 330 2142 debent
355 2080 539 2142 constitutio
570 2080 723 2162 genitoris
746 2081 1005 2161 nostri‘penitus
1033 2083 1229 2144 observanda

103 2174 199 2245 atque
226 2163 365 2222 tenenda
389 2173 445 2240 est,
468 2172 504 2222 ut
520 2161 673 2223 videlicet
695 2164 729 2222 in
756 2184 840 2222 anno
865 2163 924 2223 tria
952 2165 1152 2225 solummodo
1178 2187 1229 2245 ge·

103 2245 229 2306 neralia
252 2244 370 2325 placita
393 2245 580 2320 observent,
609 2253 640 2305 et
665 2245 775 2306 nullus
797 2265 850 2305 eos
871 2247 1006 2325 amplius
1027 2246 1142 2328 placita
1168 2249 1227 2306 ob-

102 2348 232 2388 servare
252 2326 441 2409 compellat;
464 2326 525 2388 nisi
543 2327 626 2387 forte
647 2327 785 2408 quilibet
803 2335 857 2385 aut
876 2338 1040 2387 accusatus
1055 2329 1230 2398 fucrit‚aut

101 2409 205 2469 alium
224 2408 438 2486 accusaverit,
469 2418 523 2469 aut
542 2409 581 2468 ad
600 2409 817 2470 testimonium
838 2409 1082 2488 perhibendumv
1099 2421 1228 2468 vocatus

100 2493 210 2552 fuerit.
253 2491 302 2551 Ad
324 2499 448 2552 caetera
464 2511 541 2553 vero
559 2511 640 2572 quae
660 2489 845 2552 Centenarii
862 2499 974 2550 tenent
993 2513 1058 2552 non
1072 2489 1151 2550 alius
1169 2512 1226 2550 ve-

101 2573 175 2634 nire
196 2573 354 2650 iubeatur,
378 2572 439 2633 nisi
461 2572 517 2655 qui
547 2582 601 2632 ant
624 2573 737 2655 litigat,
760 2581 814 2631 aut
840 2571 976 2650 iudicat,
1007 2583 1061 2634 aut
1083 2571 1228 2634 testifica·

99 2663 162 2715 tur.
207 2653 326 2715 Ibide.
349 2657 393 2730 14.

282 2741 335 2797 De
363 2736 468 2799 debito
494 2736 538 2796 ad
555 2758 631 2820 opus
652 2734 840 2797 dominicum
862 2735 1048 2801 rewadiato.

139 2818 260 2880 LVIII.
302 2821 343 2878 Ut
363 2820 401 2879 de
424 2820 531 2880 debito
549 2819 637 2900 quod
655 2819 694 2878 ad
713 2839 791 2899 opus
809 2828 952 2880 nostrum
969 2819 1068 2879 fuerit
1090 2816 1227 2879 rewadi-

96 2911 192 2962 atum
209 2900 281 2959 talis
301 2901 511 2962 consideratio
529 2901 592 2977 liat,
615 2909 651 2959 ut
667 2900 692 2961 is
713 2900 769 2980 qni
787 2899 972 2981 ignoranter
985 2900 1138 2982 peccavit,
1161 2921 1226 2960 non

96 2993 207 3044 totum
225 2983 402 3042 secundum
422 2984 528 3065 legem
553 3003 743 3064 componere
768 2993 910 3064 cogatur,
939 2983 996 3043 sed
1023 2984 1111 3044 iuxtd
1139 2983 1227 3064 quod
1264 3055 1267 3070 Ι

94 3063 253 3146 possibile
278 3064 380 3124 visum
409 3065 526 3134 fucrit;
567 3065 593 3126 is
615 3087 694 3125 vero
719 3063 775 3145 qui
804 3074 927 3138 tantum
954 3065 1036 3124 malai
1062 3065 1226 3126 voluntate

94 3145 255 3228 peccavit,
276 3155 372 3206 totam
388 3146 467 3228 legis
478 3146 741 3229 compositionem
754 3156 885 3228 cogatur
901 3144 1165 3209 essxsolvechbm.
1182 3147 1225 3209 15.

137 3251 263 3316 Deliis
289 3252 343 3331 qui
360 3250 404 3310 ad
426 3251 579 3336 palatium
602 3251 652 3390 neb
675 3253 709 3328 in
732 3252 850 3310 bostem
868 3257 1016 3334 pergunt,
1043 3255 1091 3314 vel
1108 3251 1182 3314 inde
1236 3279 1249 3292 ν

136 3415 225 3480 LIX.
267 3417 309 3475 Ut
329 3415 437 3474 nullus
454 3415 494 3474 ad
509 3345 734 3496 palatisemiuizdl
749 3414 782 3474 in
803 3413 928 3474 hostem
943 3437 1091 3500 pergens,
1113 3389 1167 3478 vel
1183 3418 1223 3480 de

94 3497 221 3580 palatio
246 3499 295 3557 vel
321 3498 360 3556 de
383 3497 474 3556 hoste
492 3497 631 3572 rediens,
652 3497 807 3556 tributum
822 3497 909 3578 quod
934 3499 1107 3574 tbcnsturas
1128 3502 1151 3578 ι)
1170 3523 1225 3562 vo·

97 3590 188 3656 cant,
210 3581 334 3640 solvere
352 3589 492 3660 cogatur.
534 3577 611 3638 Ibicl
626 3600 651 3638 c.
678 3579 721 3639 16.

474 3685 530 3745 De
548 3683 696 3766 pontibus
716 3684 860 3767 publicis.

136 3762 211 3826 LX.
254 3767 297 3824 Ut
322 3773 435 3846 pontes
449 3764 571 3847 publici
596 3764 652 3845 qui
671 3785 730 3845 per
746 3766 888 3826 bannum
910 3765 980 3826 lieri
1000 3766 1156 3847 solebant,
1172 3790 1226 3831 an·

95 3871 140 3918 no
162 3856 333 3930 praesente
353 3847 387 3906 in
405 3848 492 3908 omni
515 3848 586 3908 loco
610 3855 838 3907 restaurentur.
881 3848 966 3908 Ibid.
986 3871 1011 3914 c.
1037 3871 1079 3930 ¹7·
1188 3915 1190 3924 Α

285 3955 333 4012 De
353 3953 495 4024 Clemens,
518 3952 697 4022 Monoclais,
720 3965 750 4010 et
767 3951 872 4011 Servis
885 3949 1045 4031 fugitivis.

139 4032 233 4095 LXI.
275 4037 317 4094 Ut
331 4034 450 4095 Clerici
470 4046 501 4094 ct
518 4033 679 4111 Monachi,
695 4045 727 4094 et
746 4034 831 4094 servi
846 4035 992 4116 fugitivi,
1007 4035 1054 4096 'ad
1079 4035 1150 4096 loca
1169 4059 1224 4099 sua

92 4116 207 4176 redIre
235 4116 415 4178 iubeantur.
457 4117 540 4178 leid.
564 4138 590 4177 c.
609 4116 654 4180 18.
719 4187 720 4192 η

126 4271 168 4340 ι’)
189 4271 222 4322 al.
240 4287 305 4325 mss·
318 4271 484 4322 transituros
493 4287 503 4334 ,·
522 4280 679 4332 trasturas,·
696 4277 832 4320 straturus
841 4284 850 4332 ,·
869 4278 1028 4337 tracturos,-
1046 4271 1181 4326 tristavere.

836 4365 974 4435 31Ι
