2910 4986
171 284 244 358 456
620 294 908 355 osrnnsmaun

191 444 242 506 De
256 442 304 500 bis
323 439 380 522 qni
396 449 533 523 propter
549 441 715 523 propriam
734 437 884 497 iustitiam
897 432 1097 497 dilatandam
1112 433 1280 520 sugantur.

253 544 348 608 XXI.
391 545 476 604 Sunt
487 554 519 605 et
540 544 595 604 alii
613 545 670 624 qui
687 543 842 604 iustitiam
863 543 989 625 legibus
1007 541 1151 623 recipere
1167 543 1301 622 debent,

171 641 204 694 et
226 630 398 690 intantum
414 626 498 686 fiunt
522 628 555 686 in
581 627 770 706 quibusdam
793 626 872 687 Iocis
887 625 1009 708 fatigati
1035 631 1061 702 t)
1092 646 1193 706 usque
1223 627 1303 686 dum

170 715 303 776 illorum
322 709 476 770 iustitiam
491 731 549 791 per
564 710 787 770 fideiussorum
803 721 915 770 manns
939 709 1088 782 tradant,
1113 708 1156 766 itn
1178 717 1214 768 ut
1238 707 1302 767 ali*

170 795 251 877 quid
274 793 325 855 vel
338 813 471 872 parvum
491 792 614 873 possint
635 792 752 852 habere
763 838 773 870 ,
795 801 826 852 et
839 792 988 853 fortiores
1002 788 1177 872 suscipiant
1198 791 1302 851 maio·

167 891 240 943 'rem
256 875 448 962 portionem.
492 875 575 936 Ibid.
589 896 615 934 c.
627 897 656 956 9.

372 995 375 1002 ’
405 981 454 1044 De
479 983 575 1040 armis
594 980 638 1040 od
655 981 805 1063 placitum
817 1003 880 1042 non
893 980 1072 1068 portandis.

207 1117 211 1124 ’
251 1089 364 1155 XXII.
405 1091 449 1148 Ut
464 1089 573 1150 nullus
595 1087 635 1146 ad
659 1086 793 1153 mallum
813 1087 865 1148 vel
890 1087 930 1149 ad
952 1088 1108 1170 placitum
1131 1087 1215 1147 infra
1242 1110 1303 1168 pa·

174 1176 274 1324 ἑπίἐιξὲ
287 1196 373 1318 agripp
385 1218 394 1252 ,
416 1170 528 1249 idest,
551 1178 678 1233 scutum
695 1180 727 1231 et
749 1171 912 1249 lanceam,
941 1179 1057 1256 portet.
1078 1171 1213 1256 Capitol.
1234 1171 1303 1234 Ill.

613 1361 662 1424 De
684 1359 868 1424 latronibus.

255 1468 385 1538 XXIII.
428 1472 476 1532 De
494 1467 671 1530 latronibus
687 1467 911 1548 praecipimus,
933 1468 1122 1553 quicunque
1142 1480 1213 1553 post
1226 1469 1307 1530 Mis·

174 1575 240 1618 sam
258 1555 360 1615 sancti
378 1553 528 1614 Iohannis
551 1551 667 1612 latroni
696 1551 893 1610 mansionem
924 1551 1066 1629 dederit,
1097 1553 1122 1614 si
1156 1556 1302 1614 Francus

173 1646 243 1714 cst,
266 1659 338 1696 cum
360 1637 530 1697 duodecim
549 1633 704 1695 similibus
720 1633 852 1693 Francis
867 1633 951 1693 iuret
964 1636 1052 1715 quod
1063 1635 1128 1716 ipse
1143 1637 1304 1696 latronem

174 1741 249 1780 eum-
264 1720 362 1780 luisse
377 1741 441 1778 non
463 1719 589 1793 scisset,
613 1717 688 1778 licet
702 1724 793 1796 pater
814 1715 883 1776 eins
897 1715 1012 1794 sinaut
1027 1721 1141 1794 frater,
1163 1718 1214 1779 vel
1231 1740 1305 1800 pro·

172 1803 324 1884 pinquas.
339 1801 372 1862 Si
384 1802 446 1862 hoc
458 1802 562 1860 iurare
575 1821 640 1860 non
654 1799 805 1880 potuerit,
824 1809 856 1859 et
874 1799 911 1857 ab
927 1799 998 1859 aliis
1014 1800 1179 1861 convictus
1203 1801 1304 1861 fuerit

173 1885 261 1966 quod
276 1885 432 1944 latronem
442 1883 475 1942 in
494 1881 634 1965 bospitio
646 1882 845 1962 suscepisset,
857 1882 947 1963 quasi
961 1881 1042 1942 latro
1053 1891 1085 1941 et
1096 1882 1236 1944 infidelis
1250 1883 1303 1942 iu-

175 1967 318 2027 dicetur:
331 1966 407 2048 quia
417 1966 498 2025 latro
513 1973 600 2026 estet
613 1962 752 2023 infidelis
767 1972 875 2023 noster
886 1965 1134 2042 etFrancorum,
1152 1966 1252 2046 etqui
1266 1966 1307 2027 il·

175 2049 243 2112 lum
257 2050 407 2130 suscepit,
417 2048 530 2108 similis
543 2056 588 2107 est
604 2047 661 2105 iiii.
686 2044 719 2104 Si
733 2055 839 2106 autem
852 2045 974 2107 audivit
984 2047 1071 2127 (lucil
1086 2046 1167 2107 latro
1177 2048 1303 2127 fuisset,
1338 2111 1340 2116 ,

176 2141 207 2194 et
227 2141 331 2191 tamen
353 2152 419 2190 non
434 2131 493 2194 s'cit
513 2129 726 2210 profirmiter,
748 2137 802 2188 aut
824 2129 907 2188 iuret
927 2131 1012 2190 solus
1027 2131 1115 2210 quod
1137 2152 1305 2210 nunquam

174 2213 333 2290 audisset,
356 2234 415 2280 nec
434 2211 689 2295 pervenientem,
712 2233 772 2271 nec
795 2232 855 2292 per
871 2211 1091 2290 mendacium,
1114 2234 1187 2272 eum
1208 2213 1306 2274 latro-

176 2317 251 2358 nem
269 2317 335 2356 esse
346 2320 355 2370 ᾗ
376 2305 430 2354 aut
449 2296 489 2355 sit
508 2303 656 2373 paratus,
679 2293 704 2352 si
722 2293 778 2352 ilie
802 2294 840 2356 de
857 2293 1026 2366 latrocinio
1045 2304 1155 2376 postea
1176 2295 1306 2360 convic-

174 2386 229 2443 tus,
245 2378 370 2456 fuerit,
390 2387 426 2437 ut
445 2375 594 2438 similiter
613 2376 791 2440 damnetur.
834 2374 916 2436 lbid.
930 2397 955 2437 c.
974 2399 1001 2441 2.

286 2484 335 2544 De
360 2484 546 2544 artimolibns
570 2483 617 2540 vel
636 2481 710 2540 aliis
734 2479 848 2552 rebus,
871 2505 890 2540 n
912 2483 1022 2565 picibus
1039 2498 1190 2544 emantur.

257 2588 383 2654 XXIV.
404 2575 468 2648 'Ut
487 2589 595 2650 nulius
617 2596 778 2668 comparet
793 2587 962 2664 cabaliam,
983 2590 1109 2664 bovem,
1132 2601 1164 2652 et
1181 2591 1306 2654 iumen·

174 2683 263 2750 tum,
287 2673 340 2733 sel
359 2672 420 2736 alia
436 2677 477 2750 a),
503 2671 564 2733 nisi
583 2671 677 2730 illum
694 2670 859 2734 hominem
877 2682 1048 2754 cognoscat
1065 2673 1120 2754 qui
1138 2696 1211 2734 cum
1227 2698 1310 2736 ven-

175 2755 243 2831 dit,
266 2760 320 2816 ant
341 2755 468 2834 dequo
495 2775 576 2834 pago
609 2762 674 2830 est,
696 2753 749 2813 vel
771 2753 827 2815 ubi
849 2765 974 2833 manet,
997 2765 1051 2816 aut
1073 2755 1145 2838 quis
1167 2766 1214 2819 est
1235 2757 1307 2821 eius

175 2837 304 2903 Senior..
343 2834 426 2900 lbid.
444 2857 471 2898 c.
490 2838 519 2897 3.

497 2943 545 3004 De
563 2939 743 3002 homicidiis
763 2940 966 3002 clericorum.

256 3047 365 3114 XXV.
404 3047 471 3123 Qui
509 3047 749 3108 Subdiaconum
779 3046 951 3123 occiderit,
993 3056 1152 3112 trecentos
1183 3052 1306 3114 solidos

174 3141 352 3214 componat.
408 3131 474 3206 Qui
503 3131 686 3191 Diaconum
708 3128 883 3205 occiderit,
911 3131 1163 3212 quadringentos
1186 3134 1305 3195 solidos

175 3221 355 3294 componat.
408 3212 473 3288 Qui
507 3212 752 3293 Presbyterum,
786 3221 953 3272 sexcentos
978 3213 1097 3274 soli-dos
1124 3226 1307 3298 componat,

173 3297 239 3376 Qui
258 3295 469 3377 Episcopum,
492 3303 672 3374 nongentos
688 3293 807 3354 solidos
828 3305 1008 3374 componat
1033 3296 1097 3372 Qui
1110 3299 1307 3363 Monachum

174 3378 428 3466 quadringentos
450 3375 568 3436 solidos
590 3385 769 3458 componat.
814 3375 945 3459 Capitol.
968 3381 1012 3436 II.
1028 3402 1055 3442 o.
1068 3379 1138 3441 803.
1152 3402 1177 3441 c.
1191 3403 1222 3441 ιι

255 3485 306 3548 De
320 3483 535 3551 immunitate,
560 3482 588 3538 si
602 3480 738 3561 aliquod
750 3480 899 3540 domniono
914 3482 1087 3563 ibifactum
1106 3485 1223 3565 fueriti

254 3587 384 3654 XXVI,
425 3586 458 3645 Si
476 3586 549 3664 quis
570 3585 604 3643 in
623 3585 823 3646 immunitate
838 3587 989 3646 damnum
1009 3590 1141 3670 aliquod
1171 3593 1305 3671 fecerit,

173 3681 341 3740 sexcentos
361 3669 478 3731 solidos
498 3677 676 3749 componat.
721 3669 755 3728 Si
775 3679 880 3728 autem
896 3669 992 3731 homo
1019 3665 1142 3732 lurtum
1164 3683 1219 3734 aut
1243 3676 1307 3737 ho·-

173 3755 340 3821 micidium
360 3753 414 3811 vel
430 3751 600 3831 quodlibet
627 3749 748 3809 crimen
762 3752 840 3810 foris
859 3753 1070 3828 committens,
1095 3757 1178 3816 infra
1194 3757 1310 3817 immu«

174 3841 307 3902 nitatem
324 3833 461 3915 fugerit,
484 3833 614 3892 mandet
633 3833 747 3892 Comes
764 3833 816 3892 vel
831 3833 1008 3917 Episcopo,
1031 3838 1083 3896 vel
1105 3839 1231 3912 Abbati,
1253 3839 1306 3900 vel

173 3920 408 3992 vicedomino,
430 3917 483 3982 ¹vel
508 3915 556 3972 illi
579 3913 768 3994 quicunqne
793 3916 899 3974 locum
925 3916 1075 3998 Episcopi
1102 3922 1153 3980 vel
1173 3920 1305 3980 Abbatis

174 4001 335 4075 tennerit,
359 3997 395 4058 ut'
409 3998 521 4058 reddat
542 3995 572 4056 ei
593 4017 695 4062 rcum.
717 3997 751 4056 si
765 3997 819 4057 ille
838 4001 1069 4061 contradixerit
1088 4012 1119 4061 et
1141 4024 1213 4062 cum
1232 4003 1309 4062 red-i

174 4086 252 4149 ders
274 4081 433 4155 noluerit,
456 4080 489 4142 in
505 4078 608 4166 prima
628 4078 882 4142 contradictione
896 4081 1007 4143 solidis
1024 4082 1212 4164 quindecim
1231 4085 1306 4144 cul*

212 4246 237 4313 t)
255 4239 288 4296 at.
308 4253 367 4293 unos.¹
377 4234 485 4311 fugari.
758 4236 792 4297 a)
811 4231 846 4288 al.
864 4250 911 4287 ms.
931 4235 989 4288 otiu
1011 4255 1175 4318 quocunqne
1193 4255 1232 4298 no.
