2926 4986
201 283 274 358 71⁶
524 287 526 292 '
623 304 911 363 carrrutaarun

201 443 310 506 lorum
327 427 451 504 viribus
475 444 701 506 extrahendos.
743 447 785 507 Et
808 444 997 528 quicunqne
1017 465 1071 508 eos
1100 443 1140 505 de
1159 440 1339 526 porticibus

199 537 232 588 et
255 528 294 588 dc
314 526 413 601 atriis,
430 535 461 586 et
480 527 520 588 de
539 527 689 604 hortulis,
708 529 747 590 de
766 528 889 589 balneis
914 529 968 590 vel
988 528 1028 589 de
1059 523 1247 586 adiacentiis
1276 525 1339 586 Ee·

201 609 374 670 elesiarnm
393 609 575 670 abstrahere
598 611 857 694 praesumpserit,
880 611 982 694 capite
1003 609 1168 692 puniatur.

197 715 248 774 Dc
262 735 326 774 non
342 714 532 798 usurpandis
543 716 687 799 plebibus
695 717 819 786 alienis,
835 728 865 774 et
874 715 913 776 de
923 736 986 775 non
994 713 1154 794 gravando
1167 713 1342 797 Episcopo.

285 817 451 885 CLXXV.
493 823 536 882 Ut
562 823 672 882 nullus
692 823 872 906 Episcopus
894 821 1026 882 alterius
1051 820 1204 902 Episcopi
1225 821 1343 902 plebes

195 904 1340 1070 tttttlttlllllttttltllffl.¹³.lt⁰3lsst¹tal⁰l.l”titillliltt

216 1093 269 1154 De
290 1093 339 1151 bis
359 1093 414 1174 qari
434 1093 468 1152 in
487 1105 572 1154 recta
588 1091 665 1176 fide
686 1097 822 1177 suspecti
847 1107 932 1171 sacrat,
954 1094 997 1154 in.
1016 1095 1245 1154 accusationem
1275 1093 1341 1154 Sa·

373 1173 537 1235 ccrdotum
554 1180 608 1236 vel
629 1180 839 1237 testimonium
858 1198 922 1237 nou
943 1174 1163 1258 suscipiendis.

172 1277 176 1286 ⁸
280 1277 467 1341 CLXXVI.
510 1283 551 1342 Ut
573 1283 758 1363 omnesqui
787 1283 906 1342 iulide
932 1280 1053 1342 Christi
1086 1279 1246 1340 catholica
1273 1299 1343 1340 sus·

194 1361 283 1445 pecti
301 1374 387 1441 suat,
409 1365 441 1423 in
462 1368 665 1440 accusatione
690 1367 901 1427 Sacerdotum
915 1365 969 1426 vel
992 1363 1178 1426 testimonio
1193 1363 1343 1422 humano

197 1445 289 1506 dubii
312 1446 501 1525 habeantur,
522 1469 582 1509 nec
605 1450 813 1531 recipiantur.

286 1552 375 1628 Ouid
399 1555 462 1612 siat
483 1553 654 1628 delatores,
677 1557 730 1615 acl
751 1554 832 1637 quid
860 1553 900 1614 dc
931 1555 976 1613 cis
996 1549 1184 1634 faciendum
1206 1549 1257 1615 sit.

284 1656 486 1725 CLXXVII.
528 1661 696 1722 Delatores
716 1659 941 1743 dicunturqui
958 1669 1014 1719 aut
1035 1660 1203 1720 facultates
1226 1655 1343 1738 prodi·

201 1739 459 1818 ‹lerint‘alirnas,
481 1753 535 1801 aut
557 1754 653 1826 caput
666 1745 824 1826 impetunt
842 1744 994 1804 alienum.
1038 1742 1103 1818 Qui
1135 1739 1162 1800 si
1194 1737 1342 1800 convicti

198 1823 336 1899 suerint,
363 1824 520 1885 continuo
543 1829 799 1904 strangulentur.
850 1829 967 1888 Servus
995 1824 1022 1886 si
1044 1835 1141 1906 s'uper
1171 1821 1343 1883 domiuum

200 1906 302 1966 l'uerit
316 1907 451 1982 delator,
468 1908 590 1969 etiamsi
614 1911 740 1971 obiecta
761 1909 956 1992 probaverit,
976 1907 1140 1990 puniatur.

228 2011 278 2069 De
300 2011 365 2093 Epi
381 2031 531 2094 soporum
554 2035 648 2074 causa
666 2037 726 2100 per
753 2017 930 2100 Episcopus
960 2012 1086 2073 Indices
1108 2009 1320 2076 terminanda.

286 2115 507 2182 CLXXVlll.
552 2119 583 2178 Si
608 2122 679 2202 quis
698 2122 875 2204 Episcopus
910 2121 928 2180 d
958 2140 1121 2202 quoquam
1152 2118 1342 2202 impetatur,

198 2197 251 2260 'rol
267 2198 323 2258 ille
345 2200 487 2280 aliquam
502 2203 723 2282 quaestionem
748 2204 907 2280 retulerit,
929 2223 988 2284 per
1008 2203 1184 2284 Episcopus
1208 2201 1343 2262 ludices
1442 2207 1443 2230 ¹

201 2301 296 2342 eausa
318 2281 459 2359 finiatur,
479 2282 544 2344 sive
566 2305 646 2366 quos
663 2287 707 2346 eis
723 2287 878 2347 Primatcs
894 2284 1056 2361 dederint,
1078 2285 1144 2346 sive
1169 2305 1249 2368 quos
1277 2283 1341 2367 ipsi

204 2366 332 2427 ricinos
353 2385 391 2426 ex
412 2387 572 2428 consensu
592 2369 780 2451 delegerint.
823 2369 929 2452 Supra
951 2389 976 2427 c.
1002 2387 1068 2446 171.

206 2495 247 2556 Ut
268 2495 373 2556 nullus
395 2497 531 2556 occultas
554 2500 678 2582 nuptias
700 2512 754 2559 arat
776 2512 899 2581 raptum
913 2495 1043 2577 saciat,
1084 2497 1131 2558 vei
1150 2501 1244 2580 qua'm
1262 2519 1343 2580 pro·

197 2581 334 2663 piuquus
352 2580 470 2654 laabuit,
493 2579 588 2639 ductat
610 2603 745 2641 uxorem
756 2607 768 2650 ;
790 2581 848 2641 scd
869 2579 1029 2649 dotatam,
1061 2592 1090 2639 ct
1112 2580 1130 2643 t
1150 2581 1337 2661 parentibus

200 2660 380 2732 traditam,
398 2682 460 2744 per
478 2661 727 2723 benedictionem
753 2663 960 2724 Sacerdotem
989 2663 1146 2745 accipiat,
1182 2663 1238 2745 qui
1267 2662 1333 2722 vult

610 2748 725 2807 nubere
734 2791 746 2818 ,
771 2765 914 2806 uxorem.

283 2844 465 2912 CLXXIX.
508 2849 674 2909 Saucitam
695 2861 743 2912 est
758 2859 795 2910 ut
813 2849 963 2932 publicae
987 2839 1117 2930 nuptiae
1140 2849 1178 2909 ab
1205 2849 1256 2910 his
1273 2848 1337 2931 qui
1441 2829 1442 2850 l

201 2929 325 2990 nubere
347 2932 495 3012 cupiant,
514 2933 613 2992 liant:
635 2933 712 3014 ‹puia
728 2955 822 3015 saepe
848 2933 880 2991 in
899 2930 1019 3011 nuptiis
1044 2931 1127 2992 clam
1148 2933 1240 2993 lactis
1262 2955 1338 3013 gra-

200 3013 411 3094 viapeccatu,
429 3024 493 3072 tam
513 3014 546 3072 ia
574 3015 698 3096 sponsis
721 3018 868 3092 aliorum,
896 3035 991 3095 quam
1020 3022 1052 3074 et
1078 3013 1112 3072 in
1141 3015 1337 3097 propinquis

200 3095 269 3156 sive
284 3097 475 3156 adulterinis
494 3097 665 3178 coniugiis,
682 3107 724 3173 et,
745 3097 832 3180 quod
851 3097 940 3179 peius
969 3104 1016 3156 est
1048 3095 1167 3173 dicere,
1195 3117 1336 3158 consana-

202 3178 329 3260 gaineis
346 3179 540 3238 adcrescunt
565 3184 616 3240 rel
635 3182 893 3240 adcumulantur.
935 3179 984 3239 Ex
1010 3178 1060 3238 bis
1078 3187 1186 3237 autem
1200 3195 1337 3262 proere-

202 3259 249 3319 ari
267 3261 373 3321 solent
388 3263 488 3338 coeci,
505 3263 623 3340 claudi,
641 3265 739 3345 gibbi,
760 3273 790 3324 et
806 3263 898 3344 lippi,
919 3263 986 3322 sive
1009 3261 1066 3320 alii
1092 3261 1240 3342 turpibus
1264 3283 1332 3321 ma-

202 3342 435 3423 culisaspersi,
483 3347 525 3404 Et
550 3346 609 3406 boo
641 3367 680 3406 ne
706 3348 857 3425 deinceps
888 3346 951 3421 liat,
975 3342 1124 3404 omnibus
1151 3347 1336 3406 cavendum
1440 3365 1441 3374 ¹

200 3435 255 3486 est.
299 3427 363 3486 Sed
380 3427 466 3508 prius
488 3430 735 3490 conrcnienrlus
752 3439 800 3489 est
821 3428 976 3490 Sacerdos
1002 3427 1034 3484 in
1062 3427 1155 3485 euius
1182 3427 1335 3508 parocbia

199 3507 331 3590 nuptiae
355 3511 423 3567 lieri
443 3510 572 3587 debent,
593 3512 625 3570 in
645 3512 789 3572 Ecclesia
805 3533 911 3571 coram
928 3509 1055 3590 populu.
1098 3509 1142 3568 Et
1161 3508 1205 3568 ibi
1226 3511 1337 3591 inqui-

198 3613 271 3652 rere
292 3613 355 3650 una
374 3614 446 3652 cnm
470 3596 587 3674 populo
614 3595 679 3676 ipse
705 3596 858 3656 Sacerdos
885 3593 981 3654 debet
1000 3591 1026 3651 si
1056 3591 1125 3656 eius
1149 3594 1335 3678 propinqua

198 3674 249 3751 sit,
273 3697 314 3734 au
335 3695 412 3751 noa,
432 3687 486 3734 aut
502 3676 634 3736 alterius
655 3699 747 3752 uxor,
771 3674 821 3736 v'el
838 3697 963 3758 sponsa,
986 3672 1038 3734 vel
1055 3673 1212 3734 adultera.
1245 3677 1288 3735 Et
1305 3673 1334 3734 si

198 3759 287 3818 licita
310 3767 342 3817 ct
360 3757 494 3818 honesta
513 3760 620 3820 omnia
636 3759 757 3840 pariter
776 3758 952 3831 invenerit,
972 3767 1047 3817 tunc
1075 3777 1133 3836 per
1160 3756 1335 3818 consilium

198 3850 230 3902 et
254 3841 517 3900 benedictionem
546 3843 737 3918 Sacerdotis,
772 3853 803 3902 et
832 3841 984 3902 consultu
1009 3837 1145 3897 aliorum
1174 3839 1335 3899 bonorum

196 3923 377 4000 bominum,
406 3939 475 3984 eant
501 3946 650 4005 sponsare
677 3935 708 3984 et
736 3927 878 4008 legitime
909 3925 1019 3984 dotare
1056 3919 1162 3980 debet.
1213 3920 1335 3982 Scribit

197 4027 336 4087 narratque
377 4007 416 4066 de
455 4006 614 4088 legitimo
638 4009 839 4068 matrimonio
870 4007 981 4066 beatus
1022 4004 1222 4084 Augustinus
1261 4006 1332 4066 ita:

201 4091 287 4150 Talis
314 4111 378 4148 csse
409 4089 500 4149 dr’bet
527 4107 605 4172 patae
629 4101 714 4151 ztxdr
742 4091 887 4152 liabendu
915 4102 960 4147 cst
973 4133 985 4159 ,
1017 4099 1050 4145 ut
1072 4087 1248 4147 'sectandum
1271 4090 1334 4148 Le-

195 4193 263 4251 gem
282 4175 323 4232 sit
343 4175 473 4231 casluin
505 4176 701 4252 uirginitate,
725 4187 755 4232 et
780 4173 890 4233 dotata
918 4170 1053 4250 legitime
1061 4214 1072 4240 ,
1106 4181 1136 4228 et
1164 4171 1184 4228 ic
1214 4194 1333 4255 parcn-

199 4256 279 4315 tibus
296 4256 414 4315 tnulita
428 4277 555 4338 sponso,
578 4271 618 4315 'rt
643 4258 661 4314 ir
678 4255 904 4339 paranymplu's
921 4250 1116 4336 accipienda,
1157 4252 1198 4314 Et
1217 4257 1262 4314 ita
1282 4275 1333 4314 sc·
1438 4319 1439 4328 χ
