2926 4986
520 307 633 371 tinen
669 307 866 373 surtinus..
902 379 905 386 .
1184 307 1254 380 ns

125 438 223 523 Quod
238 433 380 520 feminae
404 462 473 505 cram
500 445 700 526 presbyteris
719 451 774 510 vel
801 453 932 535 reliquis
956 455 1086 520 Clerieis
1102 479 1178 525 non
1202 465 1276 528 der·-

163 524 256 584 beant
279 524 440 596 habitare,
469 547 525 586 nec
548 532 593 588 eis
620 534 802 593 ministrare
809 560 823 603 ,·
848 536 913 598 nec
939 540 1040 600 intra.
1057 547 1248 609 caucellos*

409 621 492 668 stare
505 631 602 691 neque
627 613 672 672 ad
690 615 789 674 altare
808 617 968 698 accedere.
1161 618 1164 625 '

205 710 447 783 CCCLXXVJ„
484 715 703 779 inhibendum
724 729 757 780 et
778 723 880 783 modis
909 724 1056 789 omnibus
1077 733 1255 802 tenendum

120 805 169 856 est
192 806 228 856 ut
249 795 360 855 nullus
383 797 537 859 Sacerdos
558 816 610 860 eas
635 823 786 882 personas
807 805 1011 886 feminarum,
1033 812 1117 873 sicut
1140 816 1173 884 in
1197 821 1257 880 Ca·
1337 817 1351 825 ''

120 878 262 938 nonibus
285 877 443 938 insertum
467 881 726 960 continetur,-de
743 885 861 968 quibus
883 890 1023 971 suspicio
1044 896 1252 979 potestesse,

120 961 155 1020 in
179 961 274 1024 domo
299 981 354 1019 sua
370 959 495 1038 habeat,
517 973 548 1022 et
562 985 626 1024 non
648 967 752 1026 solum
768 967 850 1046 illas,
875 971 932 1030 scd
953 993 1059 1056 neque
1076 976 1152 1042 illas
1175 1003 1255 1062 quas

120 1042 247 1122 antiqui
272 1043 421 1104 Canones
443 1045 640 1118 concedunt3
670 1049 747 1128 quia
778 1049 949 1132 instigante
964 1057 1130 1136 'Diabolo,
1153 1065 1255 1135 ,etiam

119 1123 155 1182 in
179 1125 244 1185 illis
266 1125 371 1184 scelus
391 1126 581 1206 frequenter
594 1140 813 1212 perpetratum
834 1136 1006 1214 reperitur,
1017 1129 1083 1200 'aut
1104 1143 1199 1202 etiam
1219 1147 1253 1206 in

117 1205 320 1290 pedissequis
342 1227 460 1273 earum.
501 1209 590 1271 Nam,
607 1211 633 1272 si
652 1234 715 1292 qua
733 1214 783 1283 de,
796 1213 846 1274 his
864 1215 1010 1279 b'abuerit
1026 1223 1126 1282 talem
1146 1218 1256 1290 ueces-

118 1289 246 1350 sitatem
277 1288 329 1348 cui
352 1288 394 1348 sit
420 1293 597 1351 necessaria
625 1296 814 1356 sustentatio
835 1297 1041 1382 Presbyteri,
1076 1304 1192 1368 habeat
1218 1310 1252 1372 in

117 1371 199 1433 villa
219 1381 273 1430 aut
292 1370 323 1430 in
339 1371 411 1432 vico
428 1372 568 1452 domum,
590 1376 686 1458 longe
707 1399 723 1436 a
740 1377 923 1460 Presbyteri
941 1388 1197 1467 conversatione,
1211 1402 1253 1466 et

117 1453 165 1513 ibi
186 1453 217 1512 ei
238 1452 459 1516 subministret
480 1477 562 1537 quae
587 1459 767 1528 necessaria
787 1471 872 1522 sunt.
916 1465 979 1524 Sed
1000 1473 1031 1526 et
1053 1467 1115 1530 hoc
1132 1493 1275 1539 ‚secun-¹

118 1537 198 1596 dum
218 1535 441 1596 auctoritatem
458 1539 628 1600 Canonum
650 1541 751 1602 modis
774 1543 921 1604 omnibus
942 1547 1191 1628 prohibendum,
1215 1563 1253 1615 ut

118 1617 211 1677 nulla
238 1618 358 1677 femina
387 1618 548 1698 adaltare
579 1632 760 1702 praesumat
785 1626 956 1703 accedere,
984 1640 1043 1692 aut
1060 1633 1275 1718 Presbytero¹

116 1698 312 1777 ministrare,
331 1701 384 1772 ¹rel
406 1700 493 1768 ,infra
514 1705 695 1788 cancellum
718 1714 801 1767 stare
822 1717 877 1768 aut
893 1709 1016 1774 sedere.
1110 1760 1113 1767 .

121 1805 165 1868 Ut
186 1807 296 1868 incesti
316 1807 335 1864 ὰ
358 1805 581 1869 Sacerdotibus
601 1831 661 1890 per
685 1831 808 1870 veraces
830 1819 861 1872 et
885 1815 987 1874 Deum
1017 1821 1160 1883 timentes
1189 1823 1272 1888 ta..

183 1888 302 1958 ¹mines
317 1886 469 1970 fideliter
491 1894 737 1972 perquirantur,
761 1906 792 1951 et
813 1897 974 1956 canonice.
980 1905 1164 1980 puniantur.
1249 1937 1251 1943 ·

201 1968 461 2032 CCCLXXVH.
502 1975 550 2032 De
584 1971 712 2034 incestis
737 1975 825 2035 omni
856 1977 962 2040 studio
990 1986 1271 2063 perquirendum
1377 1979 1382 1990 ⁸

117 2057 167 2112 est
182 2051 407 2118 Sacerdotibus
430 2074 489 2132 per
511 2054 657 2118 homines
685 2077 833 2134 veraces,
856 2068 891 2118 et*
913 2059 1060 2122 timorem
1081 2069 1145 2128 Dei
1173 2083 1248 2148 ante

117 2133 404 2200 oculosbabent'es.
431 2135 473 2194 Et
492 2135 516 2195 si
535 2136 655 2218 reperti
677 2137 809 2216 fuerint,
826 2142 930 2200 statim
944 2154 998 2203 aut
1011 2167 1069 2226 per
1087 2171 1120 2209 se
1141 2145 1248 2214 emen·

118 2215 194 2275 dare
219 2217 379 2292 studeant,
406 2226 461 2275 aut
487 2239 560 2277 cum
585 2219 743 2278 adiutorio
766 2219 996 2301 Archidiaconi
1012 2229 1062 2288 sui
1083 2232 1136 2291 vel
1156 2235 1249 2315 Epis,

116 2297 190 2378 copi
209 2298 271 2358 boc
295 2299 398 2380 ipsum
416 2299 578 2382 extirpare
597 2310 757 2382 satagant,
788 2325 829 2364 ne
852 2314 940 2365 tanto
957 2305 1078 2388 flagitio
1099 2323 1131 2372 et
1146 2318 1248 2376 scele⁴
1268 2373 1271 2381 ,

115 2400 152 2438 re
174 2388 205 2438 et
217 2381 264 2439 illi
276 2382 465 2462 polluantur
484 2391 515 2442 et
533 2383 676 2463 ¹pereant,
699 2393 731 2443 et
748 2383 803 2443 alii
820 2385 854 2445 in
874 2407 986 2447 eorum
996 2391 1162 2454 vicinitate
1181 2418 1246 2458 om-

114 2462 291 2542 nipotentis
311 2463 372 2522 Dei
394 2463 472 2522 irum
494 2460 670 2530 incurrant.

117 2565 161 2627 Ut
186 2555 371 2644 Presbyteri
393 2583 424 2628 et
444 2571 559 2648 reliqui
579 2570 696 2630 Clerici
702 2591 704 2594 ·
717 2569 755 2630 ab
779 2571 920 2632 sirenibus
941 2574 1076 2638 sitiisse
1097 2597 1250 2658 conectit„

155 2660 187 2708 et
207 2651 362 2712 subiectos
382 2650 609 2734 sibifideliter
629 2650 804 2722 instruant,
827 2666 920 2733 atque
942 2655 1032 2718 bonis
1054 2667 1202 2745 operibus

416 2735 560 2802 omnibus
584 2733 731 2794 dirrutum
748 2736 929 2815 praebeant.
1017 2739 1019 2743 ’

195 2809 473 2876 CCCLXXVllI.
515 2814 718 2896 Admonendi
738 2817 942 2878 suntClerici
961 2825 992 2878 et
1005 2819 1187 2890 instruendi
1206 2845 1247 2898 ut

109 2895 251 2976 primum
271 2894 330 2977 ipsi
355 2897 394 2956 ab
419 2897 506 2957 omni
525 2895 738 2956 fornicatione
752 2907 797 2956 et
820 2897 1023 2962 immunditia
1045 2915 1077 2964 et
1099 2909 1241 2992 luxuria,

111 2986 146 3037 et
167 2978 205 3038 ab
229 2979 316 3036 omni
340 2979 520 3060 pollutione
544 2979 660 3052 carnis,
681 2978 745 3036 sint
768 2979 878 3056 alieni,
904 2991 934 3042 et
953 2992 1031 3045 tunc
1050 2989 1178 3069 plebem
1201 2999 1248 3058 si.-

109 3059 145 3130 bl
169 3059 344 3135 subiectam
367 3069 397 3120 et
426 3061 532 3134 uerbis
552 3060 756 3142 praedicent,
779 3071 816 3120 et
834 3063 980 3144 exempla
1001 3072 1182 3153 ostendant,
1204 3087 1246 3140 ut'

110 3141 149 3202 ab
171 3141 257 3200 omni
284 3142 519 3218 fornicatione,
552 3152 584 3202 et
611 3143 648 3201 ab
679 3140 766 3200 omni
789 3141 1009 3209 inrationabili
1038 3154 1090 3211 vel
1122 3156 1245 3222 inutilis

108 3224 273 3306 pecudum
292 3225 421 3284 luxuria
441 3235 475 3285 et
496 3223 675 3306 pollutione
701 3221 892 3304 abstineant,
915 3236 947 3288 et
967 3233 1088 3296 mundo
1106 3257 1139 3298 se
1152 3237 1235 3302 'cor-

108 3328 188 3388 pore
213 3314 246 3367 et
269 3315 376 3366 mente
403 3309 473 3366 Deo
495 3314 696 3388 praeparent.

107 3411 159 3472 De
178 3409 424 3491 confessionibus
436 3411 591 3494 fidelium
612 3410 804 3492 accipiendis
822 3423 853 3470 et
868 3409 1097 3494 diiudicandis,
1120 3439 1152 3488 er
1166 3449 1245 3492 con.¹

129 3492 234 3552 silium
262 3492 377 3552 dandis
397 3493 536 3576 qualiter
553 3514 615 3576 pro
638 3491 766 3552 modulo
788 3505 819 3552 et
838 3499 1011 3574 quantitate
1032 3511 1156 3583 peccari
1174 3515 1219 3574 sit

599 3575 777 3635 candentia.
1031 3617 1033 3622 ,
1101 3581 1102 3588 ’

191 3653 431 3718 CCCLXXtX.
473 3597 702 3734 Quaeiindum
730 3677 867 3738 namque
889 3667 936 3718 est
953 3659 1138 3749 Sacerdoti,
1160 3697 1237 3740 cum

107 3737 225 3818 accipit
248 3737 421 3798 cuiuslibet
443 3737 546 3798 fidelis
568 3735 804 3830 consessionem
836 3745 1057 3822 pcccatorum,
1094 3756 1236 3834 qualiter

105 3820 213 3902 primo
230 3828 398 3900 peccatum
411 3829 639 3902 perpetratum,
662 3828 717 3892 sut
734 3839 761 3878 st
781 3830 891 3902 postea
909 3822 1076 3904 iteratum,
1100 3847 1155 3898 aut
1172 3841 1235 3902 sm.

106 3909 248 3980 quenter
270 3910 376 3960 actum
405 3903 461 3973 sit;
491 3901 521 3960 si
540 3909 673 3984 sponte,
701 3900 728 3960 si
751 3913 878 3979 coacte,
907 3904 933 3964 si
961 3925 1023 3986 per
1042 3911 1236 3984 'ebriet-atem

107 3991 163 4042 aut
186 4003 246 4062 per
271 3983 441 4061 quodlibet
462 3983 630 4061 ingenium
650 3985 770 4043 factum
790 3985 840 4044 sit.
881 3986 1015 4050 Etcum
1036 3993 1155 4060 viderit
1176 4023 1245 4062 uns

106 4065 147 4128 de
164 4063 262 4124 radix·
279 4055 367 4124 illius
389 4066 511 4145 peceati
532 4064 697 4148 prooessit,
711 4075 789 4152 tunc
811 4087 984 4147 congruam
1002 4073 1152 4142 adhibeat
1170 4105 1235 4145 me-

106 4145 278 4216 dicinam„
299 4146 419 4222 Qualis
433 4167 510 4206 vero
528 4146 656 4228 peceati
667 4145 856 4208 abhibenda
867 4149 913 4208 sit·
928 4152 1098 4233 medicina,
1121 4163 1233 4227 secun-¹

105 4229 184 4292 dum
204 4227 647 4316 canonumlaulhcnticorutn
672 4237 855 4313 sanctorum
869 4231 1006 4300 ¹Petrum
1031 4257 1100 4302 esse
1116 4246 1231 4329 debet-,-

888 4340 1079 4416 „f
