2910 4984
527 296 682 397 annino
709 335 870 401 onnam.
1168 316 1247 392 -843

128 480 271 559 guineam
285 481 318 538 in
334 479 509 558 coniugium
519 481 662 564 accipiat,
678 491 731 542 aut
748 479 808 539 sili
820 476 977 537 sceleratis
995 479 1111 562 nuptiis
1128 475 1250 537 deside-

123 573 178 620 =ret
204 561 359 643 copulari.
403 561 484 624 Item
516 583 556 622 ex
578 562 670 622 dictis
699 560 930 641 Episcoporum
961 568 993 619 et
1019 561 1248 641 Imperatorum

127 642 301 703 Theodosii
317 652 348 704 et
365 643 520 703 aliorum-s
542 647 582 704 In
596 655 711 726 septem
723 642 873 719 gradibus
905 644 1011 702 omnia
1027 643 1248 724 propinquita-

128 735 194 782 tum
208 726 332 782 nomina
349 728 546 786 continentur
560 725 644 785 ultra
659 746 736 806 quos
759 745 815 784 nec
830 721 980 807 adfinitas
1005 725 1166 782 invenitur
1191 719 1261 784 nec'
1304 753 1307 764 ·

122 806 280 865 successio
302 819 405 888 potest
421 807 551 892 amplius
568 807 745 891 prorogari.

127 915 210 972 item
232 909 272 968 de
293 912 429 976 incestis.
470 912 526 972 Ex
540 911 683 995 epistolis
700 910 848 989 Gregorii
863 911 969 992 Papae
989 908 1153 991 Bonisaaio
1173 909 1247 970 Mo-

424 995 549 1072 gontiae
575 994 816 1077 Arcbiepiscopo
839 994 951 1053 missis.

123 1083 126 1090 '
209 1075 335 1140 LXXV.
375 1076 565 1158 Progeniem
584 1097 672 1136 suam
691 1096 952 1155 unumquemque
970 1097 1071 1156 usque
1094 1073 1248 1156 adsepti-

127 1177 211 1217 marn
245 1158 410 1218 observare
435 1158 635 1218 decernimus
655 1157 911 1240 generationem,
935 1167 967 1216 et
984 1157 1128 1238 quandiu
1147 1179 1180 1220 se
1195 1178 1248 1238 ag-

128 1248 267 1300 noscunt
286 1239 437 1299 affinitate
456 1239 665 1322 propinquos,
678 1239 717 1299 ad
737 1238 832 1298 huius
855 1239 988 1319 copulae
1009 1261 1073 1299 non
1093 1239 1246 1299 accedere

129 1321 320 1384 societatem.
362 1321 403 1380 Et
427 1321 460 1379 in
477 1322 593 1382 sanctis
613 1321 795 1383 Canonihus
818 1321 933 1402 spiritu
956 1321 1017 1382 Dei
1041 1321 1179 1381 conditis
1204 1321 1244 1390 de

124 1402 257 1463 incestis
269 1402 404 1462 habetur
424 1403 600 1463 insertum:
620 1403 754 1464 Incertis
766 1404 1032 1463 coniunctionibus
1050 1403 1129 1461 nibil
1154 1423 1246 1486 pror·

124 1506 177 1542 sus
204 1486 308 1543 veniae
321 1506 531 1557 reservamus,
555 1488 616 1546 nisi
634 1508 702 1545 cum
723 1485 912 1545 adulterium
938 1487 1132 1568 separatione
1150 1506 1245 1544 sana·

123 1568 236 1626 verint.
260 1565 399 1628 incestos
421 1569 603 1628 veronullo
621 1569 762 1650 coniugii
787 1567 915 1626 nomine
943 1567 1149 1646 appellandos
1175 1587 1245 1627 san·

124 1648 235 1708 cimus.
277 1649 341 1708 Sed
363 1648 479 1729 quibus
508 1649 632 1710 inlicita
653 1651 838 1711 coniunctio
867 1648 1091 1725 interdicitur,
1121 1649 1181 1710 nisi
1207 1647 1243 1707 hi

123 1738 198 1790 sunt
214 1753 293 1811 quos
307 1741 488 1792 sanctorum
502 1733 633 1793 Petrum
653 1733 779 1793 decreta
798 1732 946 1812 coniugio
976 1730 1119 1812 copulari
1137 1729 1245 1808 prohi-

123 1811 216 1890 bent,
240 1811 403 1874 habebunt
422 1811 557 1874 ineundi
575 1815 717 1876 melioris
735 1814 877 1896 coniugii
895 1814 1083 1894 libertatem.
1121 1814 1156 1876 V
1153 1819 1178 1873 l.
1190 1814 1243 1878 80.

123 1919 171 1978 De
187 1933 379 1981 ¹sacramento
404 1921 629 1980 catechumenis
644 1943 705 1981 non
725 1920 831 1982 darida
855 1921 888 1980 in
917 1919 1027 1982 diebus
1054 1919 1242 1980 solemnibus

608 2003 756 2068 Paschae.
1192 2005 1196 2008 ”

202 2085 345 2146 LXXVI.
386 2083 428 2144 Ut
448 2106 506 2168 per
526 2085 772 2146 solemnissimos
785 2085 948 2168 paschales
975 2083 1042 2146 dies
1067 2107 1242 2146 sacramen·

120 2176 188 2225 tum
203 2167 439 2228 catechumenis
459 2189 522 2228 non
540 2168 651 2244 detur,
674 2191 733 2230 nec
756 2168 874 2248 eisqui
898 2169 915 2227 ir
945 2167 1110 2229 liminibus
1129 2168 1242 2238 Eccle-

119 2249 182 2309 siae
208 2259 283 2310 sunt
298 2248 432 2326 exclusi,
443 2271 548 2330 neque
559 2249 615 2326 eis,
633 2260 705 2310 ante
728 2252 913 2311 canonicam
933 2249 1240 2326 reconciliationem,

118 2331 175 2410 qui
200 2331 368 2412 vpublicam
397 2342 512 2414 gerunt
535 2333 784 2415 poenitentiam,
811 2332 873 2396 nisi
902 2327 1128 2394 benedictione
1156 2332 1239 2394 salis.

117 2414 221 2495 Supra
242 2435 267 2478 c.
283 2413 333 2478 63.

117 2520 166 2578 De
186 2519 309 2604 ltis‘qui
326 2522 545 2582 soloconvivio
571 2521 741 2580 Gentilium
768 2519 822 2583 vel
848 2521 926 2580 escis
958 2522 1162 2583 immolatitiis
1190 2521 1242 2578 usi

116 2615 198 2661 sunt.
238 2605 302 2664 Aut
320 2604 407 2687 quod
420 2606 454 2662 lsi
472 2606 526 2685 qui
546 2603 716 2663 homicidia
734 2602 781 2662 vel
797 2603 859 2662 alia
882 2604 1030 2684 capitalia
1057 2613 1239 2687 perpetrant

125 2681 276 2765 flagitia,
298 2708 359 2747 non
375 2687 437 2746 nisi
454 2707 514 2770 per
526 2687 685 2771 publicam
710 2685 934 2769 poenitentiam
954 2689 1061 2748 sanari
1074 2697 1218 2782 possunt.

197 2792 356 2852 LXXVII.
397 2792 464 2868 Qui
478 2791 626 2854 convivio
639 2789 708 2851 solo
731 2789 910 2850 Gentilium
936 2799 968 2852 et
998 2791 1078 2852 escis
1099 2791 1241 2852 immolo·

115 2869 196 2932 titiis
215 2873 264 2933 usi
283 2884 376 2950 sunt,
397 2885 529 2954 possunt
547 2873 677 2935 ieiuniis
696 2882 728 2934 et
743 2894 855 2933 manus
875 2873 1078 2956 impositione
1097 2873 1238 2956 purgari,
1334 2891 1336 2908 ⁴

116 2952 162 3012 ita
178 2963 213 3013 ut
223 2955 372 3037 deinceps
382 2952 419 3015 ab
429 2955 614 3038 idolothytis
629 2955 1109 3032 abstinentes,sacramentorum
1127 2957 1238 3017 Chris·

115 3035 141 3094 ti
163 3037 284 3116 possint
309 3058 374 3098 esse
392 3039 572 3120 participes.
615 3039 649 3099 si
676 3047 781 3098 autem
810 3047 865 3098 aut
888 3037 980 3100 Idola
1005 3039 1237 3116 adoraverunt,

115 3125 171 3176 aut
187 3118 367 3180 homicidiis
388 3123 439 3182 vel
459 3119 724 3180 fornicationibus
746 3119 952 3180 contaminati
980 3131 1073 3198 sunt,
1095 3122 1134 3185 ad
1156 3143 1239 3182 com·

115 3199 304 3262 munionem
330 3223 382 3262 eos
400 3203 460 3266 nisi
481 3224 539 3283 per
557 3201 791 3287 poenitentiam
822 3203 985 3285 publicam
1013 3224 1079 3266 non
1112 3213 1239 3290 oportet

116 3282 251 3364 admitti,
296 3284 510 3350 V.126.153.

152 3381 154 3390 ¹
310 3391 358 3449 De
381 3389 605 3472 familiaritate
628 3403 849 3452 extranearum
866 3389 1040 3458 assilierum.
1076 3409 1084 3418 ·

198 3468 380 3535 LXXVlll.
422 3476 464 3532 Ut
479 3475 587 3534 nullus
608 3472 854 3533 familiaritatem
874 3481 1096 3535 extranearum
1118 3473 1236 3535 mulie-

115 3574 186 3647 rum
201 3563 380 3637 praesumat
392 3555 520 3621 habere.
561 3555 671 3640 thui
688 3554 838 3618 inventus
858 3554 975 3632 fuerit,
997 3555 1139 3618 severius
1163 3579 1236 3618 cor,-

115 3647 249 3720 rrgatur.
1068 3655 1070 3658 ·

195 3743 242 3804 Ne
262 3745 407 3804 mulieres
428 3725 648 3808 monasterium
675 3743 901 3806 Manaalaorum
925 3741 1155 3822 ingrediantur.

195 3824 341 3886 LXXlX·
383 3828 426 3886 Ut
448 3827 598 3888 mulieres
615 3825 844 3898 monasterium
872 3825 1104 3886 Monachorum
1128 3825 1237 3888 nulla·

91 3927 95 3932 ’
113 3914 208 3967 tenus
223 3907 455 3990 ingrediantur.
978 3937 980 3943 ·

118 4011 160 4074 Ut
181 4015 323 4074 cornibus
349 3997 539 4098 'vespertinis
573 4014 782 4154 etdmatutinis
811 4012 898 4074 boris
927 4011 1039 4076 Oratio
1067 4013 1236 4084 Dominica

116 4101 123 4110 '
627 4097 736 4160 icatur.
1251 4123 1254 4128 ·

195 4176 324 4240 LXXX.
364 4176 491 4238 Placuit
507 4186 545 4235 *rt
564 4177 709 4238 omnibus
724 4177 835 4240 dicbus
851 4188 922 4261 post
929 4177 1100 4250 Matutinus
1116 4181 1218 4248 etVes

115 4281 207 4347 peras
225 4263 336 4323 Oratio
349 4259 549 4357 'Dominicai
566 4261 735 4324 Sacerdote
750 4263 941 4346 proferatur.
959 4285 962 4292 ·
1208 4303 1211 4306 -
