2926 4986
245 291 320 368 690
669 302 956 372 mentuunt!

243 453 316 540 467.
342 449 391 518 lis
407 445 534 514 Iudices
568 443 702 519 voslibet
716 445 786 509 Olc-
829 443 904 530 474.
934 443 1026 512 Urtt
1038 452 1095 536 qul
1109 449 1364 520 tanacetum

347 538 432 600 ricos
455 529 510 594 ccl
557 549 645 592 srvos
671 529 784 592 Ecclc-
932 537 1252 608 excommunicantur,
1270 539 1291 598 ir
1308 538 1364 601 Fi·

265 691 268 699 ·
347 618 413 680 siae
431 617 465 677 in
478 612 706 690 saisongariis,
729 623 784 674 out
822 661 828 666 .
932 608 1056 676 delibus
1075 637 1172 698 usqne
1194 617 1240 676 od
1259 639 1364 682 recou-

237 751 244 760 .
344 695 784 785 quibuslibctrcbus,accupo·
931 696 1140 770 ciliotioucm,
1166 695 1231 759 crisi
1255 705 1365 783 quibus

344 803 379 844 rc
393 787 602 865 praesumant.
929 777 1235 862 permissumfuerit,
1245 801 1366 870 semper

242 863 315 945 468.
342 866 390 925 Dc
414 859 566 924 Ecclesiis
598 869 630 918 ct
654 856 782 920 dotibus
932 860 1074 921 vitentur.

234 997 237 1002 .
346 965 473 1014 carum,
507 951 542 1000 ut
562 937 608 1000 od
630 938 783 1024 Episcopi
827 933 900 1020 475.
925 937 1364 1026 Deliisquipromuucrcaut

342 1020 782 1108 semperdispositiouempcr·
920 1021 1041 1102 favore
1056 1025 1189 1086 alicuius
1211 1029 1364 1091 iustitiam

233 1149 237 1158 ·
343 1111 472 1172 tineent.
824 1153 828 1160 .
927 1107 1115 1189 opprimunt.

239 1193 312 1278 469.
342 1187 439 1277 Quod
454 1186 570 1248 Clerici
587 1183 714 1247 Iudices
727 1204 778 1244 se·
825 1179 897 1266 476.
926 1187 1070 1269 Qualiter
1083 1189 1158 1248 ltacc
1177 1199 1297 1248 statuto
1311 1189 1363 1252 ob·

342 1265 779 1338 culorcsodirenaudebcont.
927 1268 1085 1330 seruanda
1098 1269 1172 1330 sint.
1212 1269 1362 1332 Etdclris

238 1360 311 1442 470.
339 1358 388 1419 Dc
402 1355 451 1414 tis
464 1353 521 1435 qui
533 1347 641 1410 vs'duis
659 1351 718 1410 vim
726 1352 778 1410 in·
862 1395 864 1410 t
927 1352 983 1434 qai
994 1353 1069 1412 tace
1086 1363 1298 1424 contemnunt,
1318 1352 1362 1412 si-

333 1439 473 1576 [ενιιηεᾶ
490 1445 543 1493 aut
563 1431 704 1521 feminas
724 1433 777 1494 in·
924 1455 964 1494 ve
978 1432 1129 1574 glcricisd,
1151 1434 1220 1493 sive
1236 1431 1360 1509 Laicis,

371 1523 378 1538 ’
566 1563 575 1581 .
974 1517 981 1530 ’
1080 1537 1101 1573 n
1208 1517 1242 1580 i.

237 1605 310 1687 47ι.
337 1527 586 1683 diaioeiidlis
612 1595 669 1680 qui
685 1615 777 1680 quos·
817 1591 894 1680 477.
920 1534 1177 1677 ἵὶιὲιῆἰεαξῒιαεῗιῗ
1188 1526 1361 1659 iidccccsso·

300 1727 306 1736 .
339 1684 417 1745 libet
431 1679 604 1763 expoliant.
923 1679 1010 1741 ribus
1018 1679 1133 1739 nostris
1146 1681 1236 1738 circo
1244 1680 1361 1740 cottum

236 1768 309 1852 47².
337 1767 387 1826 De
405 1763 454 1822 his
467 1763 522 1844 qui
537 1760 710 1822 Ecclesiam
723 1760 775 1819 in·
923 1759 1067 1822 divinum
1081 1771 1198 1820 statuta
1208 1758 1359 1839 suerunt,

339 1856 442 1922 trent,
462 1855 493 1904 ct
515 1863 579 1904 non
602 1842 775 1904 communi-
923 1841 1359 1930 utscmpcriolibotapcrmo·

230 1938 774 2096 ,47ἆυξῖηἰξᾳαίαοοιρενίηιΕιιεΙια-
817 2005 891 2090 478.
917 1935 1149 2088 Eiwdlpitolis
1184 2003 1359 2088 apostolico

325 2091 457 2165 ristiom,
466 2099 567 2147 ctnon
576 2090 772 2174 sumpserint.
922 2089 1106 2152 auctoritate
1131 2086 1299 2148 roboratis.

389 2171 643 2234 Exscrcrunr
672 2189 1009 2256 cursuscursus
1036 2189 1208 2231 scrutur.

436 2332 637 2397 INCIPIT
678 2332 830 2399 LIBER
870 2331 1148 2400 SEPTIMUS.

224 2441 416 2521 Nonnulla
440 2442 529 2514 haec
558 2444 727 2536 Capitale
753 2467 821 2538 pro
843 2445 1021 2517 brevitate
1055 2445 1140 2514 libri
1162 2442 1352 2514 eanonum

224 2543 500 2638 satqueleritate
521 2541 706 2612 itDomno
727 2543 868 2616 Karolo
898 2556 934 2614 et
955 2541 1266 2636 &sapientissimis
1289 2565 1354 2612 ex-

230 2653 472 2736 cerptasuut,
501 2639 676 2733 quaedam
705 2643 750 2712 de
776 2635 890 2735 capite
915 2641 1144 2726 Sententiae,
1178 2637 1354 2732 quaedam

229 2761 320 2816 vero
338 2739 540 2824 demedio,
566 2741 881 2832 quaedameutem
903 2743 949 2810 de
978 2737 1061 2812 fine.
1113 2741 1218 2829 Quae
1247 2739 1353 2811 valde

224 2838 434 2924 necessaria
448 2838 613 2906 habenda
642 2851 745 2936 sunt,
771 2851 877 2933 atque
910 2840 1120 2926 memoriter
1147 2839 1352 2911 retinenda.

230 2937 387 3029 Reliqua
405 2957 494 3008 vero
509 2946 584 3004 tam
605 2938 651 3006 ab
667 2931 828 3028 eisdem,
854 2949 1016 3030 quamet
1031 2937 1189 3030 posteat
1205 2937 1351 3006 Damno

230 3035 464 3108 Hludoutico
480 3033 556 3103 eius
572 3033 667 3121 lilio,
694 3038 839 3129 suisque
858 3037 1099 3122 Proceribus,
1126 3045 1229 3104 aucta
1255 3047 1352 3111 sunt.

435 3149 484 3212 Dc
501 3152 640 3235 primatu
657 3149 869 3216 Ecclesiarum
884 3167 914 3216 et
934 3153 1148 3216 Sacerdotem.

225 3235 231 3241 '
312 3232 338 3299 I.
381 3233 425 3294 Ut
440 3252 652 3316 unaquaeque
669 3237 833 3318 Ecclesia,
854 3236 921 3300 site
945 3237 1165 3318 unusquisque
1185 3234 1352 3314 Sacerdos,

231 3335 326 3380 suum
340 3315 510 3400 primatum
522 3323 649 3394 teneat,
670 3312 754 3381 sicut
767 3317 801 3378 in
826 3317 966 3402 antiquis
988 3317 1173 3380 Canonihus
1195 3319 1352 3380 coustitu-

231 3409 302 3462 tum
318 3405 375 3461 est.
399 3415 400 3418 ’
1033 3411 1035 3420 ·

225 3473 228 3479 ’
256 3481 298 3544 Ut
316 3481 416 3543 omnis
441 3477 522 3540 ordo
550 3477 742 3542 clericorum
759 3479 916 3566 Episcopo
944 3503 1000 3545 suo
1024 3481 1178 3544 subiectus
1197 3496 1329 3543 moneat.

244 3597 247 3605 ·
312 3562 358 3629 11.
399 3560 518 3623 Clerici
538 3562 595 3644 qui
615 3565 844 3644 praeficiuntur
865 3563 898 3623 in
924 3565 1083 3648 ptochiis,
1106 3563 1159 3625 vel
1178 3565 1235 3644 qui
1261 3563 1353 3626 ordi-

231 3654 351 3708 nantur
369 3643 403 3703 in
424 3643 621 3705 monasteriis
638 3646 691 3706 vel
710 3645 853 3724 Basilicis
868 3647 1060 3732 Martyrum,
1088 3645 1146 3708 sub
1169 3646 1351 3728 Episcopo-

229 3752 303 3792 rum
327 3726 383 3809 qui
403 3726 437 3784 in
448 3737 646 3808 'unaquaque
661 3728 789 3790 civitate
804 3737 889 3804 sunt,
910 3730 1085 3790 secundum
1098 3736 1278 3788 sauctorum
1296 3729 1355 3790 Pa·

224 3822 316 3874 trum
331 3807 529 3886 traditiones,
551 3817 704 3903 potestate
724 3819 943 3892 permaneant,
967 3833 1026 3872 uec
1045 3831 1103 3894 per
1118 3811 1355 3870 conmmaciam

221 3895 268 3954 ab
281 3893 440 3976 Episcopo
457 3911 515 3951 suo
536 3890 702 3952 dissiliant.
744 3893 941 3973 Quicunque
961 3915 1037 3954 vero
1065 3893 1184 3952 audent
1206 3901 1353 3954 evertere

227 3973 450 4036 huiuscemodi
471 3973 604 4032 formum
620 3993 823 4054 quocunque
834 3975 957 4053 modo,
968 3994 1029 4052 nec
1044 3974 1174 4058 proprio
1189 3969 1355 4035 subician-

229 4067 284 4120 tur
298 4055 476 4138 Episcopo,
498 4053 658 4150 siquidem
675 4055 795 4118 Clerici
813 4061 912 4138 sunt,
949 4076 1109 4136 canonum
1137 4052 1348 4138 correptioni·

222 4139 289 4202 Irus
304 4135 472 4202 subiciant
513 4137 549 4198 Si
571 4154 649 4201 sero
670 4136 758 4201 Laici
774 4139 829 4204 rel
855 4137 1004 4202 Monachi
1031 4136 1177 4216 luerint,
1206 4155 1353 4200 commu-

231 4219 331 4283 uione
347 4215 528 4304 priventur.
1291 4237 1293 4243 ⁸
