2910 4986
498 351 615 408 ereren
643 343 796 408 rnruus.
1179 324 1251 401 407

137 499 194 578 148.
215 495 423 584 Deparocliio
437 493 659 558 alteriusPres'·
714 486 781 554 155.
803 489 851 550 De
866 488 1078 554 Eucharistiae.

227 582 342 660 hyteri.
714 571 780 637 156.
806 572 851 634 De
889 573 1035 658 ampullis
1071 565 1191 630 duabus
1218 569 1252 628 in

134 667 193 746 149.
213 666 263 725 De
277 660 639 726 terminoEcclesiarum.
814 657 919 720 Coeno
937 653 1073 719 Domini
1091 649 1252 712 habendis.

132 747 191 810 150.
212 747 261 807 De
281 747 372 808 rebus
391 746 661 824 Presbyterorum.
717 737 782 820 157.
806 740 853 800 Dc
875 740 967 802 nonis
983 750 1013 796 et
1030 734 1171 794 decimis.

133 831 191 893 151.
213 830 261 889 De
279 829 511 912 poenitentibus
531 847 594 887 non
612 845 662 886 co·
718 822 784 886 158.
806 823 854 881 De
865 817 1099 903 festivitatibus
1112 817 1145 874 in
1159 836 1252 874 anno.

222 913 345 988 gendis.
717 905 783 986 ¹59·
806 905 854 963 De
867 902 1081 965 admonitione
1089 895 1253 957 Sacerdot.

132 995 192 1059 152.
212 995 261 1056 Dc
285 994 499 1070 Presbyteris,
517 991 537 1049 ia
553 988 666 1072 quibus
719 987 785 1048 160.
808 988 856 1047 De
874 982 1111 1071 praedicatione
1129 977 1173 1038 ad
1183 978 1254 1062 ple-

223 1096 255 1135 se
271 1088 413 1137 caveant.
818 1071 897 1130 bem.

133 1159 192 1222 153.
212 1159 260 1219 De
269 1159 442 1241 sepultura,
451 1157 505 1217 att
520 1176 582 1216 non
577 1152 660 1294 ,fiat
716 1153 781 1213 161.
803 1153 852 1212 De
867 1153 1026 1213 ebrietate.

133 1243 193 1318 154.
215 1243 263 1301 De
282 1239 521 1324 praedicatione
535 1257 574 1297 oc
606 1259 661 1296 cu·
717 1235 782 1295 162.
804 1235 852 1296 De
868 1232 1081 1298 admonitione
1090 1223 1134 1290 od
1141 1245 1256 1287 omnes.

221 1323 335 1408 pilulis
350 1322 621 1399 Presbyterorum.

232 1464 356 1523 Incrrrr
377 1461 561 1521 Pasnrarro
583 1460 691 1518 Doamr
712 1458 836 1520 Kanom
861 1448 1073 1519 lairenaronrs
1103 1458 1144 1530 b).

206 1570 373 1652 Regnante
397 1565 538 1625 Domino
559 1574 669 1626 nostro
688 1566 761 1626 lesu
770 1565 898 1626 Christo
920 1565 953 1623 in
974 1566 1257 1648 perpetuumssgo

129 1652 271 1729 Karalus,
290 1650 393 1733 gratia
410 1647 471 1710 Dei
489 1648 623 1729 eiusque
638 1648 858 1709 misericordia
880 1648 1018 1709 donante
1041 1651 1110 1711 Rex
1131 1660 1163 1711 ct
1180 1651 1259 1710 Rec-

131 1746 177 1795 tor
196 1733 288 1816 regni
317 1735 529 1810 Francorum,
560 1740 598 1798 et,
615 1731 750 1793 devotus
773 1739 899 1791 sanctae
919 1731 1082 1793 Ecclesiae
1108 1733 1259 1794 deiensor

131 1815 322 1896 humilisque
344 1815 482 1884 adiutor,
506 1813 654 1875 omnibus
679 1813 913 1874 ecclesiasticae
931 1812 1058 1893 pietatis
1080 1813 1258 1876 Ordinibus

133 1922 184 1960 eea
197 1897 352 1960 secularis
369 1895 533 1980 potentiae
551 1895 788 1979 Dignitatibus,
809 1895 842 1955 in
868 1895 996 1955 Christo
1025 1897 1164 1958 Domino
1188 1899 1262 1956 Deo·

134 1992 257 2042 aeterno
278 1991 454 2063 perpetuae
470 1979 557 2059 pacis
574 1989 607 2039 et
619 1977 829 2040 beatitudinis
845 1978 990 2038 salutem.
1043 1980 1258 2041 Considerans

132 2064 259 2146 pacifico
276 2063 352 2146 piae
377 2062 492 2122 mentis
509 2061 631 2121 intuitu
653 2083 716 2120 una
739 2083 813 2121 cum
835 2061 1061 2123 Sacerdotibus
1090 2072 1122 2122 et
1143 2060 1259 2122 Consi-

134 2147 227 2206 liariis
240 2145 359 2207 nostris
382 2143 598 2206 abundantem
616 2144 650 2202 in
665 2165 723 2204 nos
746 2152 955 2225 nostrumque
972 2146 1129 2227 populum
1138 2143 1259 2205 Christi

133 2229 220 2310 Regis
251 2228 467 2305 clementiam,
489 2237 522 2288 ct
544 2249 641 2308 quam
664 2228 880 2288 necessarium
903 2236 950 2287 est
976 2222 1041 2288 non
1067 2228 1259 2288 solumtoto

135 2312 223 2371 corde
246 2321 278 2371 et
299 2332 356 2371 ore
373 2311 442 2370 eius
466 2311 579 2392 pietati
598 2330 690 2392 agere
713 2309 826 2390 gratias
848 2309 1067 2387 incessanter,
1085 2310 1142 2371 scd
1164 2309 1261 2370 etiam

135 2393 281 2452 continua
293 2393 455 2453 bonorum
469 2410 603 2475 operum
618 2392 846 2454 exercitatione
856 2391 925 2452 eius
941 2393 1087 2454 insistere
1102 2391 1258 2460 laudibus

135 2485 286 2555 quatenus
310 2474 368 2556 qui
390 2486 498 2536 nostro
519 2496 620 2557 regno
643 2485 746 2536 tantos
770 2475 909 2536 contulit
930 2473 1081 2551 honores,
1105 2495 1161 2534 sua
1183 2493 1260 2554 pro-

134 2558 267 2618 tectione
291 2579 351 2618 nos
373 2567 580 2638 nostrumque
593 2578 730 2640 regnum
746 2558 779 2617 in
798 2567 965 2618 aeternum
980 2577 1170 2617 conservare
1189 2554 1261 2634 dig-

134 2649 231 2700 netur.
273 2643 480 2722 Quapropter
499 2640 620 2722 placuit
639 2640 730 2702 nobis
750 2650 888 2702 vestram
912 2661 1024 2721 rogare
1048 2635 1261 2710 solertiam,6

134 2723 273 2783 Pastores
287 2723 508 2782 Ecclesiarnm
528 2721 648 2784 Christi
669 2733 700 2784 et
716 2727 875 2783 Ductores
896 2722 999 2804 gregis
1030 2721 1109 2796 eius,
1133 2727 1164 2780 et
1194 2719 1261 2779 cla-

133 2804 250 2864 rissima
274 2805 387 2865 mundi
407 2804 589 2884 luminaria,
607 2815 643 2865 ut
657 2806 748 2889 vigili
766 2807 841 2866 curi
856 2814 888 2864 et
910 2804 1020 2864 seduli
1043 2800 1260 2864 admonitione

133 2889 282 2968 populum
299 2887 359 2947 Dei
379 2909 439 2966 per
455 2908 572 2969 pascua
601 2888 686 2950 vitae
716 2897 864 2948 aeternae
887 2886 1006 2947 ducere
1035 2882 1202 2961 studeatis,
1230 2889 1263 2942 ct

135 2980 270 3031 errantes
292 2991 366 3031 oves
386 2971 547 3031 honorum
567 2972 715 3052 exemplo
737 2991 872 3052 operum
889 2989 945 3029 seu
969 2965 1263 3030 adhortationehu·

136 3052 226 3113 meris
243 3053 330 3112 intra
348 3052 585 3114 ecclesiasticae
598 3053 762 3118 ¹firmitatis
782 3073 891 3111 muros
917 3060 1080 3133 reportare
1101 3047 1260 3194 εεῐαέαῐίε,

136 3152 173 3192 nc
191 3134 286 3216 lupus
302 3134 457 3195 insidians
475 3134 617 3215 aliquem
634 3133 805 3196 canonicas
821 3133 1002 3194 sanctiones
1018 3142 1163 3214 transgre
1188 3130 1261 3192 ien-

135 3223 203 3293 tem,
220 3219 273 3280 vel
288 3226 438 3300 paternas
452 3217 643 3279 traditiones
663 3217 895 3278 universalium
916 3213 1138 3276 Consiliorum
1164 3232 1262 3275 exce-

137 3296 271 3376 dentem,
288 3299 376 3382 quod
392 3299 484 3375 absit,
500 3299 669 3362 inveniens
690 3300 831 3360 devoret.
875 3299 951 3358 Ideo
966 3319 1098 3380 magnae
1119 3294 1262 3358 devotio·

134 3378 180 3440 nis
194 3383 302 3442 studio
316 3381 512 3442 admonendi
522 3391 555 3442 et
568 3381 759 3444 adhortandi
771 3391 855 3458 sunt,
871 3380 966 3440 immo
987 3379 1262 3464 compellendi,ut

136 3459 218 3521 lirma
232 3464 296 3525 fide
314 3473 345 3524 ct
361 3463 555 3545 infatigabili
568 3465 808 3546 perseverantia
822 3464 906 3523 intra
916 3473 1063 3545 paternas
1078 3462 1261 3523 sanctiones

137 3563 166 3603 se
181 3546 376 3606 contineant.
417 3547 454 3605 In
473 3568 539 3628 quo
558 3547 663 3630 operis
674 3547 780 3608 studio
803 3547 880 3608 sciat
907 3545 1082 3608 certissime
1112 3542 1261 3606 sanctitas

137 3635 233 3686 vestra
260 3638 401 3690 nostram
427 3628 519 3690 vobis
543 3629 718 3710 cooperari
739 3629 948 3712 diligentiam.
997 3631 1204 3708 Quapropter
1229 3631 1263 3682 et

137 3717 255 3772 nostros
270 3711 310 3771 ad
330 3733 385 3772 vos
406 3710 583 3772 direximus
601 3711 723 3788 Missos,
739 3713 794 3794 qui
811 3735 850 3772 ex
872 3711 972 3772 nostri
990 3709 1128 3771 nominis
1149 3717 1260 3769 aucto-

137 3788 237 3870 ritate,
254 3815 318 3853 una
334 3793 500 3854 vobiscum
520 3793 721 3875 corrigerent
737 3816 818 3876 quae
836 3794 1027 3874 corrigenda
1044 3801 1159 3854 esseut.
1195 3787 1262 3863 Sed

137 3879 166 3930 et
181 3875 443 3958 aliquaCapituia
464 3897 504 3936 ex
523 3875 687 3936 canonicis
700 3876 973 3951 Institutionibns,
988 3896 1070 3953 quae
1090 3872 1188 3953 magis
1210 3891 1262 3932 ro·

137 3949 181 4014 bis
201 3958 377 4020 necessaria
399 3957 604 4030 videbantur,
628 3958 863 4020 subiunximus.
905 3959 951 4018 Nc
974 3956 1100 4037 aliquis,
1130 3973 1260 4034 quaeso,

137 4031 226 4100 huius
241 4040 369 4122 pietatis
384 4040 637 4100 admonitionem
651 4062 718 4102 esse
734 4039 1017 4122 praesumptiosam
1038 4037 1171 4110 iudicet,
1195 4054 1258 4113 qua

138 4137 189 4180 nos
204 4131 304 4183 errata
324 4123 496 4206 corrigere,
510 4122 671 4206 superflua
689 4123 864 4200 abscidere,
891 4129 977 4186 recta
998 4129 1138 4180 coartare
1152 4117 1263 4178 studo-

151 4238 361 4262 Ἣ

170 4292 203 4356 l)
218 4295 263 4349 Est
281 4295 411 4373 praefatio
430 4295 593 4369 Capitularis
614 4297 635 4350 1.
654 4315 677 4350 a.
699 4299 761 4366 789.

1179 4579 1181 4582 ’
1424 4561 1426 4650 l

1423 4655 1426 4716 t
