2926 4986
202 241 277 334 784
609 277 914 338 earnmamuu

200 441 287 498 cere,
310 415 494 480 inhibemus
517 439 559 480 ne
581 417 719 484 ulterius
747 420 817 483 lieri
837 433 1068 502 praesumatur.
1111 425 1208 504 Quod
1227 433 1340 490 autem

199 503 353 574 mulieres
372 501 500 583 ingredi
524 501 564 562 ad
590 503 691 563 altare
716 525 781 567 nou
806 505 957 578 debeant,
980 507 1013 566 in
1034 509 1185 571 Concilio
1203 511 1341 572 Cbalcc·

200 585 338 649 dunensi
354 593 385 644 et
399 584 431 643 in
447 585 586 647 decretis
599 585 718 647 Gelasii
734 587 838 668 Papae
854 588 981 670 copiose
998 589 1341 676 invenitur2V11n9o,

204 691 246 754 Ut
266 691 371 752 nullas
389 689 619 750 Canonicoram
642 691 698 750 vel
721 693 968 766 Monaeborum,
1002 697 1067 755 nisi
1086 698 1339 780 praedicationis

199 788 254 836 arat
275 773 408 833 alieuius
435 785 539 831 certae
559 775 753 832 necessitatis
781 796 886 851 caasa,
908 789 938 834 et
960 779 1019 838 boc
1042 799 1111 838 cam
1133 781 1260 840 licentia
1290 783 1339 842 Ε-

195 857 333 943 piscopi,
358 854 405 912 vel
430 855 496 912 eiras
522 856 578 935 qui
599 855 638 916 ab
666 877 701 916 eo
733 877 789 915 saa
811 857 881 916 vice
901 857 1070 938 fungitur,
1105 863 1339 924 Monasterium

325 937 554 998 Monacbaram
575 950 629 996 aut
657 937 885 998 Canom‘caram
911 940 1001 1002 adire
1020 957 1210 1025 praesumat.

282 1039 378 1106 XlX.
421 1040 507 1117 Quia
540 1041 636 1102 etiam
666 1043 881 1123 comperimus
906 1047 1061 1128 quosdam
1093 1051 1275 1116 Canonicos
1307 1064 1342 1116 et

197 1124 396 1199 monachos,
437 1125 615 1205 postposito
647 1126 817 1207 religionis
847 1149 923 1189 suae
959 1129 1106 1212 pudore,
1143 1139 1341 1198 monasteria

199 1205 518 1282 sanctimonialium,
542 1216 606 1266 tam
629 1208 870 1287 Monacbarum,
891 1233 988 1292 quam
1009 1216 1259 1296 Canonicarum,
1284 1222 1340 1281 in-

200 1291 351 1352 consulto
379 1289 543 1370 Episcopo
564 1311 622 1350 suo
652 1290 856 1370 impudenter
881 1303 976 1374 atque
1010 1296 1237 1361 inreverenter
1263 1303 1337 1363 adi-

197 1396 256 1445 re;
285 1372 341 1454 qui
366 1371 543 1431 obtendere
562 1373 667 1432 solent
690 1394 722 1434 se
747 1394 811 1432 non
837 1374 879 1434 ob
900 1377 990 1438 aliud
1010 1379 1090 1440 illuc
1115 1385 1268 1447 accedere
1288 1384 1339 1444 ni·

198 1458 225 1519 si
248 1463 305 1516 aut
329 1454 581 1536 propinquitatis
609 1466 664 1516 aut
693 1455 928 1534 familiaritatis,
952 1469 1007 1520 aut
1030 1472 1117 1525 certe
1140 1468 1251 1528 nescio
1274 1489 1337 1528 cu-

198 1542 250 1601 ius
278 1536 516 1600 conlocutionis
542 1537 660 1618 gratia:
691 1539 779 1617 quod
803 1539 945 1617 factum,
974 1544 1051 1625 quia
1085 1567 1147 1608 nee
1175 1551 1336 1612 canonico

198 1643 261 1684 nec
288 1619 465 1679 monastico
488 1619 640 1700 congruit
662 1619 837 1701 proposito,
859 1644 991 1704 prorsus
1012 1626 1248 1708 interdicimus,
1271 1632 1337 1694 nisi

198 1706 283 1765 forte
309 1723 403 1762 causa
424 1701 673 1783 praedicationis
703 1711 758 1761 aut
785 1714 871 1764 certe
889 1705 1085 1772 inevitabilis
1113 1716 1284 1776 necessitas
1299 1715 1336 1776 id

198 1788 306 1850 facere
328 1783 489 1865 coegerit:
513 1794 545 1845 et
568 1783 630 1844 hoc
653 1785 838 1846 nullatenus
854 1787 924 1848 sine
945 1790 1078 1852 lieentia
1096 1795 1260 1878 Episcopi,
1278 1807 1334 1858 aut

199 1867 290 1928 illius
314 1866 373 1946 qui
400 1866 471 1926 vice
505 1867 593 1926 illius
617 1866 782 1948 fungitur,
813 1868 881 1928 fieri
912 1885 1142 1952 praesumatur.
1186 1881 1283 1956 Quod
1305 1882 1333 1941 si

199 1969 304 2012 sermo
330 1947 580 2028 praedicationis
615 1949 782 2008 faciendus
806 1961 872 2027 est,
903 1974 1047 2036 congruo
1072 1959 1104 2017 in
1127 1959 1199 2022 loco
1223 1984 1333 2024 coram

200 2030 347 2094 omuibus
367 2029 431 2091 liat.
473 2031 506 2090 Si
532 2052 608 2090 vero
630 2029 896 2114 conloquendum
923 2032 997 2096 cum
1018 2039 1128 2122 aliqua
1149 2044 1332 2106 sanctimo-

199 2113 338 2174 nialium
355 2111 437 2172 ratio
458 2112 649 2192 expostulat,
674 2114 706 2174 id
726 2136 790 2173 nou
808 2117 886 2176 alibi
907 2117 968 2178 nisi
992 2121 1024 2178 in
1048 2125 1222 2187 constituto
1244 2128 1330 2205 loco,

199 2196 235 2257 id
260 2204 318 2270 est,
343 2193 376 2253 in
401 2194 572 2270 auditorio,
594 2195 653 2253 sub
677 2197 861 2258 testimonio
883 2200 1027 2262 'virorum
1050 2205 1276 2288 religiosorum
1298 2219 1333 2271 et

199 2277 422 2358 religiosarum
443 2275 647 2352 feminarum,
669 2277 731 2338 fiat
774 2282 913 2357 Quaado
938 2306 1017 2346 vero
1045 2288 1270 2352 Sacerdotibus
1295 2293 1330 2352 in

200 2360 405 2423 Monasteriis
421 2359 621 2440 puellaribus
633 2360 798 2420 Missarum
815 2364 1048 2428 celebrationes
1064 2370 1229 2435 faciendae
1246 2383 1335 2452 sunt,

200 2465 275 2504 cum
298 2441 452 2500 ministris
478 2441 538 2501 sibi
564 2440 723 2523 deputatis
745 2444 824 2505 illue
847 2445 1080 2529 ingrediantur.
1122 2456 1247 2532 Quibus
1271 2459 1336 2518 rite

200 2524 358 2608 peractis,
381 2546 446 2583 non
474 2524 511 2581 ad
538 2534 676 2584 secretas
706 2527 950 2593 conlocutiones
973 2535 1274 2599 sanctimonialium
1299 2561 1335 2602 sc

201 2609 271 2668 ullo
299 2606 394 2666 modo
415 2606 588 2682 divertant,
610 2607 667 2666 sed
694 2630 766 2668 cum
786 2611 940 2673 ministrIs
960 2615 1025 2676 suis
1047 2617 1137 2679 illico
1162 2623 1336 2704 egredian-

200 2700 264 2750 tur.
305 2691 406 2749 Porro
429 2689 455 2747 si
484 2689 710 2750 Sacerdotibus
742 2693 1007 2758 sanctimoniales
1033 2713 1164 2781 peccata
1186 2726 1337 2765 suacen-

202 2771 287 2848 fitcri
310 2770 492 2845 voluerint,
516 2769 550 2829 id
571 2792 635 2830 non
659 2773 721 2832 nisi
747 2773 779 2831 in
806 2776 952 2838 Ecclesia
970 2802 1077 2840 coram
1097 2798 1207 2847 sancto
1230 2787 1335 2864 altari,

202 2853 400 2914 adstantibus
423 2851 509 2912 haud
528 2853 640 2932 procul
665 2855 809 2933 testibus,
831 2859 960 2926 liaciant.
1004 2863 1038 2923 Si
1062 2876 1169 2928 autem
1197 2871 1336 2930 infirmi-

202 2947 249 2998 tas
272 2935 489 3019 praepedierit
515 2944 550 2994 ut
572 2934 603 2993 in
627 2936 773 2998 Ecclesia
794 2940 904 2998 eadem
928 2946 1088 3006 confessio
1109 2951 1177 3010 lieri
1196 2950 1338 3034 nequeat

202 3021 236 3080 in
259 3037 455 3098 quacunque
479 3016 559 3076 libet
580 3017 675 3076 domo
697 3019 843 3080 facienda
863 3031 921 3099 est,
944 3028 1000 3086 sed
1022 3049 1085 3088 non
1115 3034 1175 3094 nisi
1203 3035 1338 3095 testibus

203 3100 353 3162 similiter
378 3099 465 3158 baud
491 3100 606 3180 procul
632 3101 830 3180 adstantibus
858 3105 920 3166 liat.
962 3111 1061 3170 Nullo
1092 3116 1187 3175 modo
1217 3117 1338 3198 quippe

203 3184 332 3246 videtur
352 3180 444 3241 nobis
464 3181 643 3242 convenire
661 3191 698 3242 ut
714 3185 901 3264 Monachus,
922 3191 1038 3253 relicto
1055 3197 1249 3258 Monasterio
1268 3222 1340 3278 suo,

203 3265 324 3324 ideireo
354 3263 659 3336 Sanctimonialium
688 3269 880 3328 monasteria
914 3273 1007 3350 adeat
1039 3287 1075 3337 ut
1108 3282 1342 3345 confitentibus

203 3357 334 3430 peccata
362 3368 418 3406 sua
439 3346 570 3405 modum
594 3348 813 3428 poenitentiae
841 3351 993 3435 imponat.

269 3459 368 3544 Quod
385 3461 519 3543 persenia
541 3463 559 3519 ὶι
578 3483 717 3544 paupere
745 3467 871 3525 nonsit
894 3471 1053 3550 exv‘genda
1078 3497 1148 3536 cum
1174 3500 1279 3541 assera.

289 3543 359 3601 XX.
403 3542 488 3619 Quia
519 3565 596 3624 ergo
624 3545 657 3602 in
680 3546 879 3608 multimodis
906 3573 1074 3614 usurarum
1100 3560 1343 3624 adinventioni-

204 3626 265 3687 bus
290 3624 446 3705 quosdam
475 3625 620 3686 Clerieos
646 3637 678 3686 et
704 3629 816 3690 Laicos
842 3631 957 3694 oblitos
978 3637 1220 3720 praeceptionis*
1238 3646 1345 3707 domi-

206 3709 321 3782 nicae,
355 3728 418 3787 qua
444 3706 580 3768 dicitur:
613 3710 783 3769 Pecuniam
811 3725 896 3774 taam
921 3738 984 3777 non
1011 3719 1102 3780 dabis
1124 3724 1169 3785 ad
1194 3747 1322 3788 usuram
1329 3775 1344 3802 ,

206 3805 237 3853 et
256 3789 391 3870 fragma
410 3789 731 3871 superabundantiam
752 3815 815 3854 non
838 3799 945 3876 exiges
952 3825 964 3868 ,·
990 3821 1043 3880 ego
1072 3805 1226 3865 Dominus
1257 3811 1346 3870 Dens

205 3887 325 3943 aester,
356 3872 388 3930 in
410 3880 528 3930 tautam
548 3873 723 3951 turpissimi
750 3875 834 3936 lucri
859 3881 980 3940 rabiem
1004 3886 1156 3946 exarsisse
1186 3893 1347 3971 cognovi.

206 3979 289 4031 mus,
313 3964 349 4013 ut
371 3953 403 4012 in
423 3954 658 4035 multiplicibus
679 3966 774 4037 atquc
793 3960 972 4024 innumeris
986 3986 1155 4027 usurarum
1169 3975 1348 4050 generibus

207 4063 264 4102 sua
293 4036 524 4096 adinventione
554 4047 585 4098 et
609 4038 785 4118 eupiditate
816 4045 968 4124 repertis,
998 4070 1156 4128 pauperes
1187 4053 1348 4138 affligant,

209 4120 409 4204 opprimant,
433 4126 466 4178 et
490 4118 808 4194 exhauriant‚-adeo
831 4134 866 4183 ut
887 4129 980 4188 multi
997 4132 1077 4190 fame
1100 4134 1240 4196 confecti
1268 4163 1350 4222 per.

210 4212 304 4278 eant,
341 4199 435 4262 multi
461 4201 573 4280 etiam,
600 4204 741 4290 propriis
762 4206 946 4288 derelictis,
978 4212 1099 4276 alienas
1121 4225 1220 4280 terras
1244 4243 1351 4308 expe-
