2926 4984
202 301 277 378 528
625 325 913 384 carlrmaarun

204 486 302 549 pore,
325 463 590 527 reconciliatione
617 478 650 528 et
673 489 784 530 manus
818 466 1019 550 impositione
1050 465 1220 554 Episcopi,
1254 470 1330 549 vel,

203 548 273 609 cius
295 547 400 624 iussu,
421 548 624 630 Presbyteri,
646 551 812 630 recipiant.

416 631 463 690 De
484 633 533 688 lu's
554 633 609 713 qui
628 635 770 692 convivio
785 633 948 712 gentilium
966 633 1016 692 usi
1032 644 1112 694 sunt.

286 713 430 774 cxxvi.
473 712 537 790 Qui
559 713 712 775 convivio
731 715 799 776 solo
820 715 1001 775 Gentilium
1018 725 1050 776 et
1077 716 1156 778 escis
1177 716 1330 778 immola-

201 793 281 856 titiis
302 794 352 854 usi
375 804 465 872 sunt,
493 806 626 876 possunt
643 795 772 856 ieiuniis
794 807 826 858 et
840 819 951 857 manus
966 798 1170 880 impositione
1187 798 1330 882 purgari.

229 899 270 964 Ut
289 901 466 960 criminalia
481 912 609 983 peccatu
630 902 734 960 multis
752 902 876 960 ieiuniis
894 914 924 960 et
939 903 1056 963 crebris
1077 923 1186 962 munus
1206 905 1310 986 impo-

438 982 601 1041 sitionibus
623 983 641 1039 iz
663 982 885 1043 Sacerdotibus
910 996 1091 1066 purgentur.

284 1063 443 1125 CXXVII.
486 1062 817 1144 Criminaliapeecata
836 1066 943 1125 multis
975 1066 1125 1142 ieiuniis,
1154 1076 1187 1127 et
1208 1064 1330 1127 crebris

202 1169 315 1209 manus
332 1145 539 1205 Sacerdotum
563 1145 818 1226 impositionibus
839 1168 1015 1228 eorumque
1029 1148 1330 1231 supplicationibus,

203 1231 294 1291 iuxta
308 1230 474 1287 Canonum
490 1237 605 1287 statuta
618 1227 740 1308 placuit
759 1229 887 1310 purgari
903 1275 911 1306 ,
934 1230 976 1288 ita
995 1239 1031 1288 ut
1054 1252 1149 1291 nemo
1172 1230 1241 1290 sine
1262 1252 1331 1290 ma-

206 1333 266 1372 nus
284 1309 487 1391 impositione
506 1309 669 1388 Episcopi,
685 1320 754 1385 aut,
779 1310 847 1371 eius
866 1311 963 1388 iussu,
986 1311 1123 1372 alicuius
1134 1312 1329 1394 Presbyteri,

205 1415 238 1456 se
256 1393 365 1454 credat
383 1413 449 1451 esse
469 1391 568 1451 tsuis
586 1392 783 1453 facinoribus
804 1393 992 1453 absolutum.
1033 1395 1104 1454 Non
1137 1403 1184 1454 est
1213 1395 1331 1453 miran-

205 1476 283 1535 dum
303 1473 327 1533 si
350 1473 507 1533 absolutio
529 1482 733 1554 peccatorum
755 1496 814 1555 per
833 1497 944 1535 manus
971 1475 1206 1555 impositionem
1222 1475 1330 1557 preci·

206 1557 267 1618 bus
295 1556 328 1615 fit
346 1555 569 1626 sacerdotum,
592 1577 665 1614 cum
682 1557 838 1616 Dominus
857 1557 889 1614 in
918 1558 1019 1616 veteri
1045 1558 1129 1638 Lege
1157 1553 1254 1639 su'per
1277 1579 1330 1618 ca·

206 1649 265 1722 put
277 1636 399 1698 hostiae
416 1659 543 1695 manum
554 1637 733 1697 Sacerdotis
751 1637 950 1719 praeceperit
971 1638 1101 1718 imponi.
1142 1637 1272 1698 Etenim
1292 1639 1331 1699 si-

172 1757 175 1764 ι
206 1729 263 1780 cut
280 1730 359 1779 tunc
379 1739 437 1800 per
458 1718 546 1778 illam
571 1717 723 1794 hostiam,
745 1720 787 1778 ita
808 1742 902 1778 niune.
918 1718 1123 1780 invocatione
1140 1720 1241 1780 sancti
1257 1720 1330 1802 Spi-

205 1801 308 1876 ritus,
330 1821 388 1883 per
409 1822 504 1882 quem
527 1802 562 1862 tit
583 1801 726 1861 remissio
745 1811 966 1883 peccatorum,
989 1823 1047 1884 per
1065 1823 1177 1862 manus
1196 1802 1331 1882 Episco-

206 1904 321 1966 porum
338 1882 389 1943 vel
405 1904 516 1941 corum
536 1882 721 1943 auctoritate
744 1884 943 1963 reliquorum
969 1885 1176 1944 sacerdotum
1199 1883 1329 1964 imposi-

206 1966 314 2039 tione,
343 1963 630 2044 supplicationibus
661 1985 772 2024 eorum
805 1965 1014 2025 remittuntur
1051 1976 1189 2047 peccata.
1251 1967 1331 2026 Nam

207 2046 336 2126 quando
352 2047 508 2126 Dominus
526 2047 679 2105 Lazarum
695 2047 875 2123 suscitavit,
898 2046 941 2106 ait
956 2047 1134 2128 Discipulis
1150 2045 1235 2108 suis:
1260 2048 1332 2107 Tot

207 2127 430 2209 litelapidem:
451 2129 648 2202 subauditur,
670 2136 705 2185 ut
730 2139 873 2188 mortuus
901 2140 1007 2212 surgat
1031 2131 1109 2190 dans
1137 2130 1332 2210 exemplum,

207 2220 244 2270 ut
259 2209 342 2270 sicut
360 2207 418 2290 ipsi
438 2209 581 2269 manibus
600 2210 719 2269 tollunt
737 2210 876 2292 lapidem
897 2221 932 2272 ut
958 2222 1101 2271 mortuus
1134 2222 1258 2291 surgat,
1287 2211 1332 2271 ita

209 2291 323 2373 stipsi
350 2301 382 2350 et
417 2313 613 2351 successores
641 2313 752 2351 eorum
769 2315 879 2354 suanus
900 2293 1138 2372 poenitentibus
1154 2295 1331 2374 imponant,

208 2383 245 2434 ut
257 2395 315 2456 per
329 2373 565 2454 impositionem
581 2395 732 2431 marinum
748 2375 812 2434 suis
826 2376 971 2453 precibus
988 2385 1147 2434 mortuum
1163 2375 1202 2434 de
1220 2373 1332 2456 sepul·

126 2499 131 2508 .
208 2455 304 2532 chro,
329 2455 360 2516 id
383 2465 446 2530 est,
469 2465 668 2536 peccatorem
693 2455 731 2514 de
760 2456 865 2531 vitiis,
887 2479 1016 2538 surgere
1045 2467 1077 2518 et
1104 2456 1247 2517 relevare
1284 2457 1333 2514 fa‹

208 2537 310 2607 ciant;
335 2536 461 2598 etsieut
479 2537 526 2596 illi
542 2537 739 2617 praedictum
753 2538 908 2598 Lazarum
928 2538 1056 2614 institis,
1078 2538 1181 2613 idest,
1203 2538 1335 2598 funibus

209 2619 423 2700 conligatum,
449 2619 579 2680 iubente
603 2619 741 2678 Domino
759 2620 906 2697 solvunt,
929 2621 986 2701 qui
1008 2621 1068 2697 ait,
1091 2619 1208 2679 Solvite
1223 2621 1333 2690 illum,

210 2713 241 2760 et
263 2703 354 2760 sinite
375 2703 473 2774 abire,
498 2702 540 2760 ita
556 2700 622 2760 istis
639 2721 750 2760 eorum
766 2701 1053 2783 supplicationibus
1068 2699 1243 2760 auxiliante
1264 2703 1337 2761 Do-

209 2782 310 2859 mino,
332 2792 364 2842 et
379 2784 548 2844 comitante
572 2781 693 2862 Spiritu
716 2793 844 2859 sancto,
874 2784 979 2864 quiin
1005 2783 1055 2844 his
1077 2802 1201 2864 semper
1219 2804 1335 2863 opera-

208 2873 272 2942 tur,
293 2885 352 2938 per
365 2889 477 2926 manus
491 2863 726 2946 impositionem
746 2875 951 2946 peccatorum
967 2866 1091 2938 solvant
1104 2863 1245 2939 vincula,
1268 2884 1334 2924 eos.

210 2965 274 3027 que
296 2956 436 3030 tempore
467 2949 484 3006 is
507 2947 623 3009 sanctis
652 2947 799 3008 Patribus
830 2948 1003 3008 constituto
1031 2968 1118 3007 sacra
1142 2944 1336 3007 eucharistia

210 3033 467 3107 communicent,
497 3039 530 3090 et
554 3029 712 3090 absolutos
734 3029 780 3091 ire
805 3029 1001 3111 permittant.

216 3134 257 3194 Ut
274 3134 501 3215 poenitentibus
520 3135 612 3194 iuxta
632 3133 813 3192 canonicum
829 3135 1045 3192 auctoritatem
1064 3133 1258 3216 poenitentia
1282 3132 1338 3192 de·

253 3229 320 3293 tur,
342 3227 372 3273 et
392 3227 462 3275 ante
481 3234 643 3298 suspensos
665 3214 683 3271 b
703 3215 916 3280 commuuione
941 3213 1097 3274 excubare
1108 3213 1234 3294 faciant
1252 3214 1297 3273 ad

601 3295 759 3357 Ecclesiae
794 3294 945 3377 officium.

294 3373 483 3438 CXXVIII.
524 3380 566 3436 Ut
593 3377 770 3438 secundum
793 3378 926 3436 formam
949 3378 1117 3437 Canonum
1143 3375 1339 3458 poenitenti-

211 3460 271 3521 bus
290 3458 385 3519 detur
402 3457 612 3539 poenitentia,
636 3467 667 3518 et
688 3457 776 3538 prius
797 3479 849 3518 eos
875 3459 892 3516 a
922 3458 1147 3532 conmunione
1168 3479 1338 3537 suspensos

213 3543 253 3603 ad
275 3541 414 3600 officium
430 3548 468 3615 y)
489 3539 653 3599 Ecclesiae
678 3540 835 3599 excubare
861 3539 999 3617 faciant,
1023 3548 1054 3600 et
1087 3540 1173 3600 inter
1193 3540 1338 3619 reliquos

212 3623 416 3708 poenitentes
432 3621 471 3680 ad
492 3642 602 3680 manus
627 3620 866 3704 impositionem
898 3622 1011 3682 crebro
1043 3643 1220 3682 recurrere.
1269 3623 1339 3682 Ex-

212 3707 300 3789 pleto
320 3713 424 3763 autem
448 3702 671 3763 satisfactionis
697 3711 862 3784 tempore,
900 3713 932 3763 et
965 3704 1152 3764 sacerdotali
1186 3711 1340 3784 percepta

213 3807 324 3847 manus
339 3783 559 3867 impositione,
583 3783 671 3842 iuxta
685 3784 831 3844 ordinem
844 3796 1113 3846 sacramentorum
1129 3795 1161 3845 et
1177 3805 1341 3845 canonum

212 3868 427 3940 reconcilient
451 3865 676 3948 poenitentes,
697 3875 729 3925 et
747 3887 834 3927 sacra
854 3867 1076 3928 communione
1095 3866 1297 3931 confirment.

265 3976 313 4038 De
335 3974 382 4031 tis
400 3971 454 4054 qui
476 3967 615 4047 separati
634 3967 654 4026 b
674 3970 887 4030 commuuione
903 3969 1029 4051 suerint
1049 3971 1290 4055 poenitentibus.

196 4119 197 4122 =
295 4074 452 4140 cxxix.
495 4073 592 4152 Quia
611 4072 836 4164 communione
857 4083 1046 4159 separantur
1066 4077 1101 4137 in
1124 4073 1342 4158 locisquibus

237 4195 494 4216 Μ
543 4205 545 4212 a

243 4251 286 4323 y).
310 4251 390 4305 Forte
408 4247 515 4318 legend.
533 4246 639 4302 ostium.
