2948 4990
447 372 449 378 .
514 323 628 382 uena
666 324 821 380 saurus.
1170 303 1242 375 619
1298 340 1300 345 -

163 465 212 530 De
225 465 388 530 iudicibus
409 461 540 528 clericis
558 465 811 528 calumniamuel
822 463 974 526 iniuriam
993 461 1213 545 inferentibus.

204 570 351 636 CLXIV.
393 569 428 632 Si
449 569 554 633 Iudex
574 571 749 632 cuiuslibet
771 569 894 630 ordinis
920 565 1086 632 Clericum
1114 571 1255 654 publicis

123 657 302 720 actionibus
317 653 475 715 inclinare
492 663 547 714 aut
567 653 776 736 distringere,
800 662 856 713 aut
883 653 1097 731 calumniare,
1122 655 1175 716 rel
1202 656 1257 715 in-

123 740 241 801 iuriare
255 739 373 819 absque
391 736 544 820 Episcopi
559 736 609 798 sui
630 737 788 818 permissu
805 735 1070 820 praesumpserit,
1093 757 1195 818 usque
1215 737 1256 798 ad

122 821 286 885 Ecclesiae
309 819 576 898 satisfactionem,
599 841 673 882 cum
687 819 836 879 omnibus
854 818 949 879 tantis
969 815 1144 880 sceleribus
1161 819 1257 880 auxi-

123 904 277 967 liantibus
300 913 355 964 aut
378 901 589 981 facientibus,
618 901 847 962 communione
873 901 1029 982 privetur.
1077 900 1256 983 Episcopus

122 997 226 1048 tamen
242 1008 308 1047 non
326 985 464 1046 dimittat
483 995 520 1046 ut
535 985 687 1046 iniuriam
700 983 896 1066 patientibus
911 984 1042 1068 plenam
1067 981 1107 1044 de
1128 985 1256 1067 praefa-

123 1069 162 1132 tis
184 1069 320 1132 Clericis
334 1067 490 1130 iustitiam
508 1068 664 1129 canonice
683 1089 748 1129 non
765 1066 873 1141 faciat.

258 1168 300 1234 Ut
320 1174 494 1234 orationem
506 1172 696 1235 dominicam
716 1193 823 1234 omnes
844 1171 971 1233 discant
979 1169 1112 1256 fideles.

203 1279 335 1346 CLXV.
377 1281 420 1345 Ut
441 1279 552 1341 fideles
571 1277 760 1341 Orationem
773 1278 975 1341 Dominicam
998 1277 1124 1341 discant
1150 1285 1183 1340 ct
1196 1277 1256 1340 in·

122 1363 286 1446 telligant,
309 1371 341 1425 et
361 1360 426 1426 suis
440 1361 666 1424 Sacerdotibus
683 1385 752 1424 eam
767 1363 868 1438 verbo
884 1384 924 1425 ex
939 1363 1038 1426 verbo
1056 1361 1205 1441 reddant,
1224 1369 1258 1424 et

121 1445 346 1524 aliostideles,
368 1444 426 1528 qui
442 1465 514 1506 eam
536 1446 704 1524 nesciunt,
728 1447 874 1512 doceant.

129 1573 170 1638 Ilt
191 1575 298 1636 nullus
320 1573 497 1662 Episcopus
515 1573 645 1634 alterius
664 1572 834 1658 Episcopi,
861 1572 916 1634 uel
933 1571 1105 1652 Presbyter
1128 1573 1258 1635 alterius

346 1661 347 1664 ’
401 1656 603 1732 Presbyteri,
623 1655 807 1738 parochiam
832 1655 971 1716 invadat.

203 1760 351 1828 chvt.
393 1763 436 1822 Ut
456 1760 568 1822 nullus
584 1763 817 1846 Episcoporum
837 1761 891 1822 vel
913 1759 1179 1844 Presbyterorum
1199 1779 1258 1842 pa·

124 1843 267 1907 rocbiam
288 1843 421 1906 alterius
443 1843 592 1922 invadat,
614 1844 671 1908 sed
689 1853 861 1906 contentus
877 1843 918 1904 sit
932 1843 1168 1926 gubernatione
1185 1863 1257 1904 cre·

123 1929 204 1988 ditae
222 1927 285 1990 sibi
304 1927 418 2011 plebis,
618 1936 620 1946 '

127 2033 167 2098 Ut
189 2034 391 2098 monasteriis
414 2034 469 2092 uel
494 2032 623 2116 reliquis
644 2031 795 2092 Ecclesiis
819 2053 868 2093 res
887 2052 950 2092 non
974 2029 1184 2113 auferantur,
1211 2030 1260 2091 vel

424 2115 534 2199 ipsuis
556 2135 710 2198 quoquam
733 2117 953 2196 inquietentur.

204 2219 369 2286 CLXVII.
412 2223 454 2281 Ut
468 2219 661 2281 Monasteria
677 2241 759 2302 quae
774 2221 844 2278 Deo
863 2220 1050 2280 consecrata
1063 2226 1149 2296 sunt,
1172 2210 1258 2280 nulli

125 2305 218 2368 liceat
236 2306 272 2364 in
306 2303 416 2385 aliquo
440 2302 641 2386 inquietare,
664 2323 724 2364 nec
741 2323 936 2386 quemquam
959 2303 998 2362 de
1016 2321 1130 2362 eorum
1160 2301 1258 2364 rebus

130 2389 295 2450 violenter
310 2385 504 2447 abstrahere.

128 2492 168 2554 Ut
182 2493 299 2554 Clerici
311 2491 471 2575 peregrini
486 2492 627 2552 contenti
647 2489 711 2549 siut
733 2489 957 2573 hospitalitatis
974 2509 1112 2567 munere,
1127 2489 1259 2567 et[nulli

28 2571 29 2646 ζ
126 2597 232 2636 eorum
246 2575 340 2634 liceat
353 2573 496 2656 officium
515 2572 710 2633 sacerdotale
727 2575 760 2631 in
773 2573 903 2632 alterius
914 2573 1068 2655 parocbia
1086 2593 1177 2651 agere
1191 2572 1259 2632 abs·

182 2678 240 2740 que
267 2658 396 2716 licentia
419 2655 571 2740 Episcopi
588 2653 621 2714 ia
635 2656 721 2714 cuius
742 2655 897 2739 parocbia
919 2674 984 2713 csse
1002 2666 1183 2713 noscuntur.

201 2761 392 2826 CLXVIII.
435 2763 477 2821 Ut
491 2759 643 2844 Episcopi
659 2769 755 2842 atque
776 2759 897 2826 Clerici
919 2759 1083 2842 peregrini
1112 2760 1259 2820 contenti

126 2845 189 2908 siut
210 2844 440 2926 hospitalitatis
461 2865 596 2905 munere
620 2842 744 2914 oblato;
765 2842 918 2925 ,nullique
943 2864 1055 2902 eorum
1083 2843 1180 2904 liceat
1205 2842 1258 2900 ul-

125 2928 192 2988 lam
206 2929 346 2990 officium
361 2926 578 3004 sacerdotale,
601 2925 720 3006 absque
739 2925 894 3008 permissu
918 2923 1070 3008 Episcopi
1102 2926 1135 2984 in
1166 2925 1259 2986 cuius
1338 2963 1341 2968 -

126 3011 277 3091 parochia
295 3031 362 3070 esse
378 3010 601 3092 cognoscitur,
623 3029 728 3090 agere.
790 3008 895 3090 Supra
911 3029 937 3068 c.
958 3007 1008 3068 86.

131 3113 172 3176 Ut
184 3117 289 3176 nullus
298 3115 473 3204 Episcopus
487 3117 552 3174 sine
567 3136 719 3175 consensu
727 3114 864 3176 aliorum
874 3133 906 3172 se
918 3111 1083 3196 praeferat
1095 3113 1258 3176 anteriori.

208 3223 351 3292 CLXIX.
393 3225 435 3282 Ut
451 3222 561 3280 nullus
582 3223 815 3304 Episcoporum
835 3242 867 3282 se
894 3220 1055 3300 praeferat
1083 3221 1176 3281 alteri
1201 3241 1261 3301 per

128 3307 351 3450 gppllpppgpirpplrpp,
374 3304 430 3366 sed
450 3323 561 3365 omnes
593 3314 769 3386 agnoscarit
792 3312 917 3385 tempus
950 3311 982 3364 et
1006 3304 1153 3365 ordinem
1181 3324 1258 3364 suae

99 3480 101 3485 Ι
134 3491 173 3554 Ut
186 3495 299 3581 populi
321 3495 494 3554 oblationes
514 3491 737 3554 Sacerdotibus
757 3496 791 3554 irs
810 3493 954 3554 Ecclesia
975 3490 1123 3573 offerant.
1157 3491 1200 3555 Et
1225 3509 1259 3556 ut

395 3578 480 3637 urrini
500 3575 551 3634 dic
575 3574 735 3635 douu'nica
757 3577 993 3637 coatmunicent.

210 3680 337 3747 CLXX.
378 3681 505 3744 Placuit
524 3691 559 3740 ut
578 3680 689 3742 tidcles
713 3681 891 3741 oblationes
917 3679 1143 3742 Sacerdotibus
1175 3683 1258 3742 coti-

129 3762 196 3842 die,
218 3765 246 3828 si
272 3764 340 3824 fieri
357 3774 479 3846 potest,
503 3765 534 3823 in
561 3763 707 3824 Ecclesia
728 3763 869 3824 offerant
913 3762 954 3821 Et
983 3763 1009 3823 si
1037 3761 1154 3824 cotidie
1190 3765 1258 3829 non

129 3856 249 3926 potest,
271 3848 383 3909 saltem
407 3847 569 3907 dominica
589 3847 641 3906 die
657 3847 776 3926 absque
795 3846 863 3904 ulla
887 3844 1093 3906 excusatione
1115 3846 1178 3906 liat.
1215 3850 1259 3916 Et

130 3938 164 3987 ut
177 3929 449 4011 praedicationem
478 3929 619 3990 audiant.
661 3930 703 3989 Et
718 3929 744 3989 si
760 3929 829 3988 fieri
845 3937 959 4009 potest,
982 3927 1069 3988 omiti
1096 3929 1258 3990 dominica

129 4009 179 4071 die
194 4013 451 4088 communIcent,
476 4013 536 4072 nisi
552 4033 612 4096 per
629 4010 810 4070 criminalia
822 4020 951 4091 peccata
971 4021 1003 4071 et
1018 4011 1185 4070 manifesta
1201 4013 1258 4072 im..

129 4093 319 4170 pediantur;
340 4096 415 4177 quia
438 4096 533 4156 aliter
548 4096 628 4155 salvi
645 4115 712 4154 esse
729 4115 793 4153 non
825 4104 980 4175 possunt,
1009 4093 1162 4175 quoniam
1188 4097 1257 4157 Do.

131 4173 233 4236 minus
253 4177 349 4238 dixit:
377 4179 440 4260 Qui
463 4177 632 4238 manducat
652 4198 778 4238 carnem
798 4189 951 4248 meamet
978 4177 1056 4236 didit
1076 4180 1257 4255 sanguinem

133 4275 253 4337 uicum,
275 4261 309 4322 iu
326 4282 374 4322 me
395 4263 518 4336 neaust,
544 4273 574 4323 et
593 4281 648 4342 ego
666 4262 700 4324 in
720 4259 839 4323 eorEt
857 4262 913 4342 qui
927 4258 1093 4320 artaudueat
1115 4280 1181 4338 rue,
1203 4263 1253 4322 ui..

304 4351 307 4360 ·
888 4347 890 4351 ’
1021 4345 1029 4368 l
