2948 4990
524 293 639 372 sanun
658 359 659 365 Ν
675 291 831 349 sexsus.
979 353 983 368 ,
1193 271 1267 343 639

133 440 254 508 solidos
274 445 454 520 componat.
478 435 512 496 Si
531 455 592 496 nec
615 434 654 494 ad
669 431 797 494 tertiam
811 431 995 494 consentire
1013 431 1163 510 voluerit,
1179 433 1269 514 quic·

131 523 213 608 quid
231 543 307 600 reus
325 519 433 582 damni
450 518 587 598 fecerit,
601 527 712 594 ‘totum
726 515 791 595 'ille
810 515 867 596 qui
888 537 963 575 eum
981 515 1065 574 infra
1084 515 1271 576 immunita-

131 619 199 672 tem
213 603 354 679 retinet,
377 621 438 662 nee
457 597 596 662 reddere
619 598 713 674 vult,
737 597 860 658 solvere
879 607 1021 680 cogatur.
1062 598 1105 656 Et
1124 597 1191 677 ipse
1208 600 1273 658 Co-

132 710 200 748 mes
219 684 356 748 veniens
376 683 543 744 licentiam
563 683 680 744 habeat
696 679 801 764 ipsum
825 679 991 740 bominem
1014 679 1098 738 infra
1119 680 1274 739 immuni-

131 780 231 846 tatem
264 766 464 850 quaerendi,
495 766 682 847 ubicunque
712 786 786 824 eum
810 762 958 823 invenire
976 762 1127 844 potuerit.
1170 763 1274 822 Siau·

134 862 200 914 tem
218 851 251 910 in
273 849 375 932 prima
395 848 607 930 inquisitione
626 847 744 909 Comiti
762 867 951 928 responsum
969 845 1068 905 luerit
1092 845 1177 925 qnod
1199 867 1274 906 reus

133 935 220 994 infra
237 929 474 992 immunitatem
496 931 628 1012 quidem
647 929 779 1006 fuisset,
802 930 859 989 sed
874 931 949 1010 faga
962 928 1068 1009 lapsus
1091 929 1200 1005 fuerit,
1211 939 1276 988 sta-

132 1017 193 1077 tim
212 1015 298 1076 iuret
316 1013 405 1094 quod
425 1012 493 1094 ipse
511 1015 551 1075 ad
568 1013 723 1084 iustitiam
741 1010 915 1074 cuiuslibet
934 1011 1166 1070 disfaciendam
1187 1013 1278 1091 fuge·

133 1121 170 1160 re
194 1119 269 1158 eum
285 1117 350 1156 non
365 1095 513 1172 fecisset,
537 1105 568 1156 et
592 1097 633 1158 sit
648 1095 677 1156 ei
708 1097 740 1155 in
763 1093 826 1154 hoc
853 1095 1059 1154 satisfactum.
1109 1094 1142 1152 Si
1171 1103 1278 1152 autem

134 1181 272 1241 intranti
293 1178 326 1238 in
343 1177 442 1259 ipsam
464 1177 699 1240 immunitatem
721 1177 839 1239 Comiti
858 1176 995 1237 collecta
1008 1197 1104 1234 manu
1123 1175 1280 1256 quislibet

133 1259 628 1342 resisteretentaverit,lComes
650 1261 713 1322 boe
736 1260 776 1320 ad
798 1261 919 1342 Regem
944 1259 997 1320 vel
1029 1259 1069 1320 ad
1089 1259 1277 1339 Principem

134 1345 278 1421 delerat,
301 1353 339 1403 ut
352 1341 472 1404 ibidem
487 1343 658 1408 iudicetur.
700 1345 742 1408 Et
758 1343 842 1402 sicut
861 1342 917 1402 ille
940 1341 998 1422 qni
1022 1341 1056 1400 in
1075 1341 1276 1400 immunitate

136 1429 288 1488 damnum
308 1425 387 1486 fecit
399 1435 569 1494 sexcentos
585 1427 704 1490 solidos
720 1446 912 1507 componere
934 1423 1047 1501 dehet,
1070 1424 1113 1484 ita
1137 1423 1194 1504 qui
1210 1425 1276 1482 Co·

135 1509 206 1568 miti
224 1509 361 1569 collecta
375 1528 473 1568 manu
493 1508 642 1570 resistere
665 1507 855 1590 praesumit,
877 1507 1038 1568 sexcentis
1064 1505 1176 1568 solidis
1203 1503 1276 1566 cul-

138 1591 257 1674 pabilis
269 1590 450 1677 iudicetur.
493 1591 558 1654 III.
580 1591 628 1653 25.
647 1591 707 1668 26.,
734 1590 773 1655 V.
790 1589 859 1654 261.

213 1696 367 1781 'Capitulis
386 1716 465 1778 qrcue
487 1696 636 1755 Domnusv
651 1696 788 1757 Karalus
811 1701 990 1778 Imperator
1020 1696 1191 1756 constituit.

137 1808 144 1826 '
178 1895 191 1946 t
221 1801 378 1948 CyllllCll.
421 1803 463 1862 Ut
483 1801 649 1870 nnllusad
670 1803 822 1886 placitum
840 1823 926 1862 arma
947 1800 1032 1862 infra
1051 1801 1185 1885 patriam
1201 1823 1274 1887 por·

142 1899 201 1952 tc.
301 1905 378 1950 ,η

570 1967 628 2049 {De
649 1990 832 2055 latronibus.

223 2094 401 2162 CCXClll.
444 2095 641 2176 Quicunque
660 2106 732 2178 post
757 2095 843 2154 illam
874 2097 1001 2158 Missam
1027 2099 1130 2160 sancti
1159 2094 1274 2159 lolian-

144 2182 196 2241 nis
209 2179 375 2260 praeteriti
394 2179 471 2237 anni
489 2177 618 2238 cuidam
634 2177 752 2237 latroni
766 2179 964 2240 mansionem
982 2181 1118 2258 dederit,
1133 2183 1274 2242 siFran-

139 2285 196 2325 cus
215 2271 280 2337 est,
303 2283 377 2320 cum
397 2259 568 2321 duodecim
582 2260 739 2320 similibus
755 2261 887 2322 Francis
912 2263 998 2324 iuret
1014 2265 1101 2346 quod
1114 2264 1274 2324 latronem

138 2367 214 2410 eum
230 2344 329 2404 fuisse
354 2364 418 2405 non
435 2342 562 2418 scisset,
584 2343 662 2402 licet
679 2354 770 2424 pater
789 2343 859 2405 eius
872 2345 914 2405 sit
939 2355 994 2406 aut
1010 2349 1121 2422 frater,
1144 2347 1197 2406 vel
1215 2350 1272 2406 ali-

135 2428 211 2508 quis
225 2426 436 2508 propinquus.
480 2425 514 2484 Si
534 2423 596 2484 boc
614 2424 720 2484 iurare
737 2447 800 2485 nou
818 2428 979 2506 potuerit,
1003 2438 1035 2488 et
1054 2429 1093 2488 ab
1113 2427 1177 2487 alio
1199 2450 1274 2489 con-

136 2509 243 2590 uictus
258 2509 359 2568 fucrit
376 2505 465 2588 quod
482 2507 641 2568 latronem
661 2508 693 2565 in
714 2507 853 2590 bospitio
877 2511 1086 2592 suscepisset,
1114 2512 1204 2592 quasi
1225 2513 1273 2570 la-

136 2603 187 2652 tro
212 2592 271 2668 sit,
294 2590 370 2672 quia
398 2588 539 2648 infidelis
562 2600 609 2650 est
626 2590 726 2650 nostri
750 2600 781 2650 et
800 2593 1016 2664 Francorum
1040 2604 1071 2653 et
1097 2594 1153 2674 qui
1179 2593 1275 2652 illum

135 2674 297 2756 suscepit,
322 2671 434 2752 similis
450 2681 497 2730 est
514 2670 574 2730 illi.
618 2673 651 2732 si
668 2681 774 2733 autem
789 2674 912 2754 audivit
929 2675 1018 2756 quod
1035 2676 1117 2736 latro
1140 2675 1273 2753 fuisset,

136 2765 298 2818 ettamen
322 2753 471 2814 non'scit
494 2753 646 2834 firmiter,
670 2755 753 2814 iuret
778 2756 865 2818 solus
893 2757 981 2838 quod
1009 2779 1176 2840 nunquam
1200 2781 1275 2818 eum

136 2837 286 2914 audisset,
296 2858 357 2898 nec
374 2857 435 2918 per
448 2835 625 2912 veritatem,
642 2859 701 2898 nec
715 2859 773 2918 per
788 2839 1001 2916 mendacium,
1023 2840 1196 2913 latronem,¹
1219 2851 1275 2901 aut

136 2920 178 2980 sit
197 2930 345 3001 paratus,
368 2920 394 2978 si
417 2918 474 2978 ille
494 2927 604 2998 postea
620 2919 659 2980 de
675 2919 847 2982 latrocinio
867 2921 1089 3003 convincitur,
1119 2934 1156 2984 ut
1183 2924 1274 2985 simi·-

136 3003 214 3062 liter
236 3003 415 3062 damnetur.
460 3005 525 3060 III.
549 3003 597 3060 23.
1113 3039 1114 3045 κ

178 3107 227 3166 Ne
248 3106 362 3187 aliquis
382 3105 422 3165 de
441 3108 549 3184 ignoto
565 3107 689 3165 bomine
705 3127 836 3189 equum,
861 3107 967 3170 bovem
985 3113 1041 3173 vel
1055 3113 1147 3174 eliud
1162 3117 1233 3174 urzi-

314 3229 317 3236 ι
618 3188 683 3246 mal
700 3201 790 3252 emat.

220 3291 392 3352 CCXClV.
430 3295 478 3386 ,Ut
500 3293 610 3354 nullus
627 3303 789 3376 comparet
803 3296 979 3378 caballum,
1001 3301 1137 3384 bovem,
1159 3315 1214 3366 aut
1228 3307 1276 3368 iu-

135 3382 302 3449 mentum,
325 3373 377 3433 vel
396 3375 484 3434 aliud
501 3376 637 3453 animal,
662 3376 725 3437 nisi
739 3376 837 3438 illum
853 3379 1018 3443 hominem
1034 3401 1205 3468 cognoscat
1218 3391 1275 3471 qni

137 3479 213 3551 eum
230 3456 399 3548 vendidit,
423 3457 509 3544 etde
526 3479 591 3539 quo
608 3480 689 3543 pago
710 3468 774 3538 est,
798 3471 830 3521 et
845 3463 901 3522 ubi
926 3477 1063 3547 manet,·
1080 3479 1112 3530 et
1130 3472 1203 3552 quis
1226 3483 1276 3544 est

136 3559 209 3599 erus
228 3539 355 3597 Senior.
397 3539 462 3599 ΙΙΙ.
482 3541 530 3616 24.

137 3645 188 3702 De
205 3644 269 3701 illis
286 3643 463 3702 hominibus·
482 3646 536 3726 qui
554 3659 689 3730 propter
709 3669 816 3708 eorum
830 3653 937 3736 caclpas
960 3657 1005 3716 ad
1035 3673 1167 3724 mortem
1195 3663 1276 3724 ditus

138 3725 239 3784 diruti
249 3723 377 3804 suerint
386 3768 398 3794 ‚
422 3737 453 3784 et
471 3729 758 3810 posteueissuerit
777 3735 1027 3814 vimmacum,
1050 3742 1138 3822 qirod
1160 3747 1188 3804 si
1209 3748 1275 3804 ius-

100 3809 103 3818 “
135 3809 241 3866 titium
262 3807 299 3866 ub
318 3807 389 3864 ullis
406 3810 627 3890 requisierint,
651 3825 704 3870 aut
729 3815 825 3874 abeis
848 3818 1000 3886 iustitium
1024 3826 1094 3904 quis
1125 3847 1275 3906 qttuerere
1335 3855 1337 3859 ·

262 3889 402 3948 uoluerit
410 3934 423 3961 ,
446 3892 583 3972 (qualiter
597 3895 680 3952 inter
700 3894 772 3954 illos
788 3897 940 3960 iudicium
958 3909 1151 3974 terminetur.

222 3993 375 4086 CCXQV.
418 3995 528 4056 Primo
548 3998 692 4057 omnium
711 3999 750 4059 de
767 4000 832 4062 illis
851 4007 954 4074 causis
974 4031 1033 4090 pro
1056 4012 1172 4093 quibus
1194 4014 1286 4076 iudi-·

136 4083 227 4169 catus
247 4077 347 4135 luerit
374 4077 414 4136 ad
438 4088 593 4157 mortem,
626 4081 749 4140 nullam
771 4095 877 4165 potest
898 4084 1005 4152 facere
1026 4095 1256 4176 repetitionem

135 4179 214 4238 quia
229 4179 339 4234 omnes
352 4181 402 4236 res
420 4182 495 4222 suae
511 4163 690 4224 secundum
710 4165 866 4228 iudicium
882 4173 1081 4236 Francorum
1094 4177 1128 4236 in
1142 4146 1276 4261 publicd

137 4243 273 4300 fuerunt
296 4251 475 4316 revocatae.
517 4245 602 4306 Etsi
620 4247 743 4329 aliquid
766 4249 1026 4339 inpostmodum,
1048 4269 1217 4346 postquam
1245 4267 1276 4331 ei
