<?xml version="1.0" encoding="UTF-8"?>
<!DOCTYPE html PUBLIC "-//W3C//DTD XHTML 1.0 Transitional//EN"
    "http://www.w3.org/TR/xhtml1/DTD/xhtml1-transitional.dtd">
<html xmlns="http://www.w3.org/1999/xhtml" xml:lang="en" lang="en">
 <head>
  <title>
</title>
<meta http-equiv="Content-Type" content="text/html;charset=utf-8" />
  <meta name='ocr-system' content='tesseract 3.04.00' />
  <meta name='ocr-capabilities' content='ocr_page ocr_carea ocr_par ocr_line ocrx_word'/>
</head>
<body>
  <div class='ocr_page' id='page_1' title='image "./corpusiurisgerm04visigoog_0024.png"; bbox 0 0 2910 4986; ppageno 0'>
   <div class='ocr_carea' id='block_1_1' title="bbox 491 316 1240 399">
    <p class='ocr_par' dir='ltr' id='par_1_1' title="bbox 491 316 1240 399">
     <span class='ocr_line' id='line_1_1' title="bbox 491 316 1240 399; baseline 0.004 -13"><span class='ocrx_word' id='word_1_1' title='bbox 491 328 603 387; x_wconf 77' lang='lat' dir='ltr'><strong>arasa</strong></span> <span class='ocrx_word' id='word_1_2' title='bbox 633 329 784 388; x_wconf 81' lang='lat' dir='ltr'><strong>sarnus.</strong></span> <span class='ocrx_word' id='word_1_3' title='bbox 1169 316 1240 399; x_wconf 74' lang='lat'><strong>417</strong></span> 
     </span>
    </p>
   </div>
   <div class='ocr_carea' id='block_1_2' title="bbox 108 469 1254 1706">
    <p class='ocr_par' dir='ltr' id='par_1_2' title="bbox 108 469 1254 1706">
     <span class='ocr_line' id='line_1_2' title="bbox 108 469 1254 558; baseline 0.001 -22"><span class='ocrx_word' id='word_1_4' title='bbox 108 469 247 558; x_wconf 88' lang='lat' dir='ltr'><strong>positum</strong></span> <span class='ocrx_word' id='word_1_5' title='bbox 261 473 521 535; x_wconf 89' lang='lat' dir='ltr'><strong>consecrationis.</strong></span> <span class='ocrx_word' id='word_1_6' title='bbox 565 473 777 535; x_wconf 90' lang='lat' dir='ltr'><strong>Obsecramus</strong></span> <span class='ocrx_word' id='word_1_7' title='bbox 800 480 836 533; x_wconf 88' lang='lat' dir='ltr'><strong>ut</strong></span> <span class='ocrx_word' id='word_1_8' title='bbox 851 471 968 533; x_wconf 83' lang='lat' dir='ltr'><strong>bonam</strong></span> <span class='ocrx_word' id='word_1_9' title='bbox 989 480 1022 534; x_wconf 87' lang='lat' dir='ltr'><strong>et</strong></span> <span class='ocrx_word' id='word_1_10' title='bbox 1042 471 1254 556; x_wconf 79' lang='lat' dir='ltr'><strong>probabilem·</strong></span> 
     </span>
     <span class='ocr_line' id='line_1_3' title="bbox 110 554 1241 638; baseline 0.003 -21"><span class='ocrx_word' id='word_1_11' title='bbox 110 557 257 634; x_wconf 77' lang='lat' dir='ltr'><strong>(habeant</strong></span> <span class='ocrx_word' id='word_1_12' title='bbox 279 556 554 617; x_wconf 86' lang='lat' dir='ltr'><strong>conversationem</strong></span> <span class='ocrx_word' id='word_1_13' title='bbox 567 562 610 638; x_wconf 84' lang='lat' dir='ltr'><strong>q),</strong></span> <span class='ocrx_word' id='word_1_14' title='bbox 630 555 714 617; x_wconf 90' lang='lat' dir='ltr'><strong>sicut</strong></span> <span class='ocrx_word' id='word_1_15' title='bbox 729 555 797 638; x_wconf 92' lang='lat' dir='ltr'><strong>ipse</strong></span> <span class='ocrx_word' id='word_1_16' title='bbox 822 554 981 616; x_wconf 78' lang='lat' dir='ltr'><strong>Dominus</strong></span> <span class='ocrx_word' id='word_1_17' title='bbox 1007 555 1041 620; x_wconf 91' lang='lat' dir='ltr'><strong>iu</strong></span> <span class='ocrx_word' id='word_1_18' title='bbox 1072 577 1152 620; x_wconf 79' lang='lat' dir='ltr'><strong>evan</strong></span> <span class='ocrx_word' id='word_1_19' title='bbox 1177 559 1241 622; x_wconf 90' lang='lat' dir='ltr'><strong>elio</strong></span> 
     </span>
     <span class='ocr_line' id='line_1_4' title="bbox 108 581 1242 724; baseline 0.003 -25"><span class='ocrx_word' id='word_1_20' title='bbox 108 640 288 724; x_wconf 87' lang='lat' dir='ltr'><strong>praecepit:</strong></span> <span class='ocrx_word' id='word_1_21' title='bbox 310 637 364 698; x_wconf 86' lang='lat' dir='ltr'><strong>Sic</strong></span> <span class='ocrx_word' id='word_1_22' title='bbox 381 640 481 698; x_wconf 81' lang='lat' dir='ltr'><strong>luceat</strong></span> <span class='ocrx_word' id='word_1_23' title='bbox 507 640 566 700; x_wconf 79' lang='lat' dir='ltr'><strong>lux</strong></span> <span class='ocrx_word' id='word_1_24' title='bbox 587 651 695 698; x_wconf 81' lang='lat' dir='ltr'><strong>vestra</strong></span> <span class='ocrx_word' id='word_1_25' title='bbox 720 657 827 697; x_wconf 85' lang='lat' dir='ltr'><strong>eoram</strong></span> <span class='ocrx_word' id='word_1_26' title='bbox 847 637 1038 709; x_wconf 77' lang='lat' dir='ltr'><strong>bominibus,</strong></span> <span class='ocrx_word' id='word_1_27' title='bbox 1060 651 1095 697; x_wconf 86' lang='lat' dir='ltr'><strong>ut</strong></span> <span class='ocrx_word' id='word_1_28' title='bbox 1111 581 1242 701; x_wconf 65' lang='lat' dir='ltr'><strong>uideant</strong></span> 
     </span>
     <span class='ocr_line' id='line_1_5' title="bbox 110 719 1242 808; baseline 0 -26"><span class='ocrx_word' id='word_1_29' title='bbox 110 743 206 808; x_wconf 83' lang='lat' dir='ltr'><strong>opere</strong></span> <span class='ocrx_word' id='word_1_30' title='bbox 223 733 326 781; x_wconf 82' lang='lat' dir='ltr'><strong>vestre</strong></span> <span class='ocrx_word' id='word_1_31' title='bbox 347 721 427 781; x_wconf 83' lang='lat' dir='ltr'><strong>bonu</strong></span> <span class='ocrx_word' id='word_1_32' title='bbox 447 732 477 780; x_wconf 86' lang='lat' dir='ltr'><strong>et</strong></span> <span class='ocrx_word' id='word_1_33' title='bbox 494 719 815 803; x_wconf 81' lang='lat' dir='ltr'><strong>glorificentPatrem</strong></span> <span class='ocrx_word' id='word_1_34' title='bbox 842 730 975 778; x_wconf 83' lang='lat' dir='ltr'><strong>vestrum</strong></span> <span class='ocrx_word' id='word_1_35' title='bbox 1003 720 1058 799; x_wconf 83' lang='lat' dir='ltr'><strong>qui</strong></span> <span class='ocrx_word' id='word_1_36' title='bbox 1084 722 1119 781; x_wconf 79' lang='lat' dir='ltr'><strong>iu</strong></span> <span class='ocrx_word' id='word_1_37' title='bbox 1145 723 1242 784; x_wconf 86' lang='lat' dir='ltr'><strong>coelis</strong></span> 
     </span>
     <span class='ocr_line' id='line_1_6' title="bbox 110 799 1243 882; baseline -0.008 -18"><span class='ocrx_word' id='word_1_38' title='bbox 110 819 171 865; x_wconf 84' lang='lat' dir='ltr'><strong>est:</strong></span> <span class='ocrx_word' id='word_1_39' title='bbox 193 813 230 863; x_wconf 90' lang='lat' dir='ltr'><strong>ut</strong></span> <span class='ocrx_word' id='word_1_40' title='bbox 247 823 359 864; x_wconf 89' lang='lat' dir='ltr'><strong>eorum</strong></span> <span class='ocrx_word' id='word_1_41' title='bbox 373 803 458 862; x_wconf 86' lang='lat' dir='ltr'><strong>bona</strong></span> <span class='ocrx_word' id='word_1_42' title='bbox 475 801 687 864; x_wconf 80' lang='lat' dir='ltr'><strong>conversione</strong></span> <span class='ocrx_word' id='word_1_43' title='bbox 708 800 803 861; x_wconf 86' lang='lat' dir='ltr'><strong>multi</strong></span> <span class='ocrx_word' id='word_1_44' title='bbox 824 799 1052 882; x_wconf 86' lang='lat' dir='ltr'><strong>protrahantur</strong></span> <span class='ocrx_word' id='word_1_45' title='bbox 1074 803 1114 864; x_wconf 87' lang='lat' dir='ltr'><strong>ad</strong></span> <span class='ocrx_word' id='word_1_46' title='bbox 1141 805 1243 866; x_wconf 84' lang='lat' dir='ltr'><strong>servi.</strong></span> 
     </span>
     <span class='ocr_line' id='line_1_7' title="bbox 110 881 1242 963; baseline -0.001 -15"><span class='ocrx_word' id='word_1_47' title='bbox 110 887 189 948; x_wconf 83' lang='lat' dir='ltr'><strong>tium</strong></span> <span class='ocrx_word' id='word_1_48' title='bbox 207 885 280 946; x_wconf 82' lang='lat' dir='ltr'><strong>Dei.</strong></span> <span class='ocrx_word' id='word_1_49' title='bbox 321 885 365 944; x_wconf 87' lang='lat' dir='ltr'><strong>Et</strong></span> <span class='ocrx_word' id='word_1_50' title='bbox 379 907 445 944; x_wconf 91' lang='lat' dir='ltr'><strong>non</strong></span> <span class='ocrx_word' id='word_1_51' title='bbox 459 886 568 946; x_wconf 84' lang='lat' dir='ltr'><strong>solum&#39;</strong></span> <span class='ocrx_word' id='word_1_52' title='bbox 581 883 708 947; x_wconf 86' lang='lat' dir='ltr'><strong>servilis</strong></span> <span class='ocrx_word' id='word_1_53' title='bbox 724 881 919 944; x_wconf 85' lang='lat' dir='ltr'><strong>conditionis</strong></span> <span class='ocrx_word' id='word_1_54' title='bbox 935 882 1087 963; x_wconf 86' lang='lat' dir='ltr'><strong>infantes,</strong></span> <span class='ocrx_word' id='word_1_55' title='bbox 1101 887 1158 947; x_wconf 92' lang='lat' dir='ltr'><strong>sed</strong></span> <span class='ocrx_word' id='word_1_56' title='bbox 1181 887 1242 946; x_wconf 84' lang='lat' dir='ltr'><strong>eti-</strong></span> 
     </span>
     <span class='ocr_line' id='line_1_8' title="bbox 112 964 1245 1050; baseline 0.001 -22"><span class='ocrx_word' id='word_1_57' title='bbox 112 988 160 1028; x_wconf 89' lang='lat' dir='ltr'><strong>am</strong></span> <span class='ocrx_word' id='word_1_58' title='bbox 178 969 396 1050; x_wconf 80' lang='lat' dir='ltr'><strong>ingenuorum</strong></span> <span class='ocrx_word' id='word_1_59' title='bbox 412 967 496 1028; x_wconf 91' lang='lat' dir='ltr'><strong>filios</strong></span> <span class='ocrx_word' id='word_1_60' title='bbox 515 966 694 1048; x_wconf 79' lang='lat' dir='ltr'><strong>adgregent</strong></span> <span class='ocrx_word' id='word_1_61' title='bbox 710 965 838 1048; x_wconf 85' lang='lat' dir='ltr'>sibique</span> <span class='ocrx_word' id='word_1_62' title='bbox 859 964 994 1026; x_wconf 88' lang='lat' dir='ltr'><strong>socient.</strong></span> <span class='ocrx_word' id='word_1_63' title='bbox 1023 965 1078 1029; x_wconf 84' lang='lat' dir='ltr'><strong>&#39;Et</strong></span> <span class='ocrx_word' id='word_1_64' title='bbox 1098 975 1135 1028; x_wconf 87' lang='lat' dir='ltr'><strong>nt</strong></span> <span class='ocrx_word' id='word_1_65' title='bbox 1153 968 1245 1030; x_wconf 87' lang='lat' dir='ltr'><strong>scho-</strong></span> 
     </span>
     <span class='ocr_line' id='line_1_9' title="bbox 111 1043 1244 1132; baseline -0.001 -20"><span class='ocrx_word' id='word_1_66' title='bbox 111 1053 160 1113; x_wconf 86' lang='lat' dir='ltr'><strong>lae</strong></span> <span class='ocrx_word' id='word_1_67' title='bbox 181 1051 361 1132; x_wconf 79' lang='lat' dir='ltr'><strong>legentium</strong></span> <span class='ocrx_word' id='word_1_68' title='bbox 375 1071 552 1131; x_wconf 88' lang='lat' dir='ltr'><strong>puerorum</strong></span> <span class='ocrx_word' id='word_1_69' title='bbox 573 1049 661 1108; x_wconf 86' lang='lat' dir='ltr'><strong>fiant.</strong></span> <span class='ocrx_word' id='word_1_70' title='bbox 699 1048 853 1126; x_wconf 87' lang='lat' dir='ltr'><strong>Psalmos,</strong></span> <span class='ocrx_word' id='word_1_71' title='bbox 878 1057 980 1125; x_wconf 87' lang='lat' dir='ltr'><strong>notes,</strong></span> <span class='ocrx_word' id='word_1_72' title='bbox 1010 1043 1134 1129; x_wconf 80' lang='lat' dir='ltr'><strong>cantus,</strong></span> <span class='ocrx_word' id='word_1_73' title='bbox 1160 1073 1244 1111; x_wconf 92' lang='lat' dir='ltr'><strong>com-</strong></span> 
     </span>
     <span class='ocr_line' id='line_1_10' title="bbox 110 1128 1243 1218; baseline -0.003 -24"><span class='ocrx_word' id='word_1_74' title='bbox 110 1143 234 1218; x_wconf 87' lang='lat' dir='ltr'><strong>potum,</strong></span> <span class='ocrx_word' id='word_1_75' title='bbox 267 1132 502 1214; x_wconf 81' lang='lat' dir='ltr'><strong>grammaticam</strong></span> <span class='ocrx_word' id='word_1_76' title='bbox 534 1153 593 1214; x_wconf 92' lang='lat' dir='ltr'><strong>per</strong></span> <span class='ocrx_word' id='word_1_77' title='bbox 618 1129 748 1212; x_wconf 85' lang='lat' dir='ltr'><strong>singule</strong></span> <span class='ocrx_word' id='word_1_78' title='bbox 774 1128 966 1190; x_wconf 82' lang='lat' dir='ltr'><strong>monasteria</strong></span> <span class='ocrx_word' id='word_1_79' title='bbox 999 1131 1051 1192; x_wconf 82' lang='lat' dir='ltr'><strong>vel</strong></span> <span class='ocrx_word' id='word_1_80' title='bbox 1082 1133 1243 1216; x_wconf 88' lang='lat' dir='ltr'><strong>episcopia</strong></span> 
     </span>
     <span class='ocr_line' id='line_1_11' title="bbox 112 1211 1244 1297; baseline -0.004 -19"><span class='ocrx_word' id='word_1_81' title='bbox 112 1217 245 1278; x_wconf 82' lang='lat' dir='ltr'><strong>discant.</strong></span> <span class='ocrx_word' id='word_1_82' title='bbox 268 1215 332 1275; x_wconf 87' lang='lat' dir='ltr'><strong>Sed</strong></span> <span class='ocrx_word' id='word_1_83' title='bbox 348 1226 380 1276; x_wconf 86' lang='lat' dir='ltr'><strong>et</strong></span> <span class='ocrx_word' id='word_1_84' title='bbox 393 1213 494 1276; x_wconf 90' lang='lat' dir='ltr'><strong>libros</strong></span> <span class='ocrx_word' id='word_1_85' title='bbox 509 1212 684 1274; x_wconf 89' lang='lat' dir='ltr'><strong>catholicos</strong></span> <span class='ocrx_word' id='word_1_86' title='bbox 698 1212 783 1274; x_wconf 89' lang='lat' dir='ltr'><strong>bene</strong></span> <span class='ocrx_word' id='word_1_87' title='bbox 802 1211 987 1272; x_wconf 86' lang='lat' dir='ltr'><strong>emendatos</strong></span> <span class='ocrx_word' id='word_1_88' title='bbox 1005 1212 1154 1292; x_wconf 80' lang='lat' dir='ltr'><strong>habeant,</strong></span> <span class='ocrx_word' id='word_1_89' title='bbox 1166 1215 1244 1297; x_wconf 84' lang='lat' dir='ltr'><strong>quia</strong></span> 
     </span>
     <span class='ocr_line' id='line_1_12' title="bbox 111 1293 1244 1381; baseline -0.003 -22"><span class='ocrx_word' id='word_1_90' title='bbox 111 1320 206 1381; x_wconf 83' lang='lat' dir='ltr'><strong>saepe</strong></span> <span class='ocrx_word' id='word_1_91' title='bbox 232 1297 308 1357; x_wconf 89' lang='lat' dir='ltr'><strong>dum</strong></span> <span class='ocrx_word' id='word_1_92' title='bbox 322 1296 404 1358; x_wconf 91' lang='lat' dir='ltr'><strong>bene</strong></span> <span class='ocrx_word' id='word_1_93' title='bbox 422 1295 548 1379; x_wconf 88' lang='lat' dir='ltr'><strong>aliquid</strong></span> <span class='ocrx_word' id='word_1_94' title='bbox 566 1298 672 1356; x_wconf 88' lang='lat' dir='ltr'><strong>Deum</strong></span> <span class='ocrx_word' id='word_1_95' title='bbox 686 1315 798 1378; x_wconf 82' lang='lat' dir='ltr'><strong>rogare</strong></span> <span class='ocrx_word' id='word_1_96' title='bbox 818 1293 965 1376; x_wconf 88' lang='lat' dir='ltr'><strong>cupiunt,</strong></span> <span class='ocrx_word' id='word_1_97' title='bbox 985 1316 1044 1376; x_wconf 92' lang='lat' dir='ltr'><strong>per</strong></span> <span class='ocrx_word' id='word_1_98' title='bbox 1060 1295 1244 1359; x_wconf 77' lang='lat' dir='ltr'><strong>inemenda-</strong></span> 
     </span>
     <span class='ocr_line' id='line_1_13' title="bbox 110 1375 1243 1460; baseline -0.003 -19"><span class='ocrx_word' id='word_1_99' title='bbox 110 1390 161 1441; x_wconf 87' lang='lat' dir='ltr'><strong>tos</strong></span> <span class='ocrx_word' id='word_1_100' title='bbox 182 1380 281 1441; x_wconf 89' lang='lat' dir='ltr'><strong>libros</strong></span> <span class='ocrx_word' id='word_1_101' title='bbox 294 1379 377 1440; x_wconf 91' lang='lat' dir='ltr'><strong>male</strong></span> <span class='ocrx_word' id='word_1_102' title='bbox 393 1387 516 1460; x_wconf 80' lang='lat' dir='ltr'><strong>rogant.</strong></span> <span class='ocrx_word' id='word_1_103' title='bbox 555 1379 597 1438; x_wconf 88' lang='lat' dir='ltr'><strong>Et</strong></span> <span class='ocrx_word' id='word_1_104' title='bbox 615 1398 737 1459; x_wconf 88' lang='lat' dir='ltr'><strong>pueros</strong></span> <span class='ocrx_word' id='word_1_105' title='bbox 760 1385 883 1442; x_wconf 71' lang='lat' dir='ltr'><strong>nestros</strong></span> <span class='ocrx_word' id='word_1_106' title='bbox 906 1397 971 1436; x_wconf 92' lang='lat' dir='ltr'><strong>uon</strong></span> <span class='ocrx_word' id='word_1_107' title='bbox 989 1375 1085 1438; x_wconf 90' lang='lat' dir='ltr'><strong>sinite</strong></span> <span class='ocrx_word' id='word_1_108' title='bbox 1114 1398 1168 1439; x_wconf 91' lang='lat' dir='ltr'><strong>eos</strong></span> <span class='ocrx_word' id='word_1_109' title='bbox 1189 1379 1243 1440; x_wconf 80' lang='lat' dir='ltr'><strong>vel</strong></span> 
     </span>
     <span class='ocr_line' id='line_1_14' title="bbox 111 1457 1243 1546; baseline -0.003 -23"><span class='ocrx_word' id='word_1_110' title='bbox 111 1463 250 1546; x_wconf 82' lang='lat' dir='ltr'><strong>legendo</strong></span> <span class='ocrx_word' id='word_1_111' title='bbox 271 1462 323 1521; x_wconf 82' lang='lat' dir='ltr'><strong>vel</strong></span> <span class='ocrx_word' id='word_1_112' title='bbox 336 1461 507 1522; x_wconf 88' lang='lat' dir='ltr'><strong>scribendo</strong></span> <span class='ocrx_word' id='word_1_113' title='bbox 524 1478 739 1540; x_wconf 87' lang='lat' dir='ltr'><strong>corrumpere.</strong></span> <span class='ocrx_word' id='word_1_114' title='bbox 779 1457 863 1520; x_wconf 82' lang='lat' dir='ltr'><strong>Etsi</strong></span> <span class='ocrx_word' id='word_1_115' title='bbox 881 1479 961 1541; x_wconf 90' lang='lat' dir='ltr'><strong>opus</strong></span> <span class='ocrx_word' id='word_1_116' title='bbox 976 1467 1023 1519; x_wconf 85' lang='lat' dir='ltr'><strong>est</strong></span> <span class='ocrx_word' id='word_1_117' title='bbox 1038 1460 1243 1542; x_wconf 82' lang='lat' dir='ltr'><strong>evangelium</strong></span> 
     </span>
     <span class='ocr_line' id='line_1_15' title="bbox 114 1539 1244 1627; baseline 0.002 -22"><span class='ocrx_word' id='word_1_118' title='bbox 114 1554 145 1606; x_wconf 88' lang='lat' dir='ltr'><strong>et</strong></span> <span class='ocrx_word' id='word_1_119' title='bbox 161 1543 349 1627; x_wconf 87' lang='lat' dir='ltr'><strong>psalterium</strong></span> <span class='ocrx_word' id='word_1_120' title='bbox 379 1552 412 1604; x_wconf 85' lang='lat' dir='ltr'><strong>et</strong></span> <span class='ocrx_word' id='word_1_121' title='bbox 433 1542 560 1604; x_wconf 87' lang='lat' dir='ltr'><strong>Missale</strong></span> <span class='ocrx_word' id='word_1_122' title='bbox 583 1539 737 1618; x_wconf 90' lang='lat' dir='ltr'><strong>scribere,</strong></span> <span class='ocrx_word' id='word_1_123' title='bbox 770 1541 931 1624; x_wconf 68' lang='lat' dir='ltr'><strong>pepfeetae</strong></span> <span class='ocrx_word' id='word_1_124' title='bbox 959 1539 1070 1622; x_wconf 76' lang='lat' dir='ltr'><strong>aetatis</strong></span> <span class='ocrx_word' id='word_1_125' title='bbox 1095 1541 1244 1607; x_wconf 89' lang='lat' dir='ltr'><strong>homines</strong></span> 
     </span>
     <span class='ocr_line' id='line_1_16' title="bbox 114 1623 901 1706; baseline -0.006 -18"><span class='ocrx_word' id='word_1_126' title='bbox 114 1627 253 1690; x_wconf 86' lang='lat' dir='ltr'><strong>scribant</strong></span> <span class='ocrx_word' id='word_1_127' title='bbox 273 1647 347 1686; x_wconf 91' lang='lat' dir='ltr'><strong>cum</strong></span> <span class='ocrx_word' id='word_1_128' title='bbox 368 1623 455 1685; x_wconf 89' lang='lat' dir='ltr'><strong>omni</strong></span> <span class='ocrx_word' id='word_1_129' title='bbox 478 1623 654 1706; x_wconf 84' lang='lat' dir='ltr'><strong>diligentia.</strong></span> <span class='ocrx_word' id='word_1_130' title='bbox 696 1623 780 1686; x_wconf 88' lang='lat' dir='ltr'><strong>Ibid.</strong></span> <span class='ocrx_word' id='word_1_131' title='bbox 803 1644 828 1685; x_wconf 91' lang='lat' dir='ltr'><strong>e.</strong></span> <span class='ocrx_word' id='word_1_132' title='bbox 853 1644 901 1706; x_wconf 69' lang='lat'><strong>7⁰:</strong></span> 
     </span>
    </p>
   </div>
   <div class='ocr_carea' id='block_1_3' title="bbox 337 1727 1027 1799">
    <p class='ocr_par' dir='ltr' id='par_1_3' title="bbox 337 1727 1027 1799">
     <span class='ocr_line' id='line_1_17' title="bbox 337 1727 1027 1799; baseline -0.001 -7"><span class='ocrx_word' id='word_1_133' title='bbox 337 1733 392 1793; x_wconf 90' lang='lat' dir='ltr'><strong>De</strong></span> <span class='ocrx_word' id='word_1_134' title='bbox 413 1742 483 1789; x_wconf 81' lang='lat' dir='ltr'><strong>soto</strong></span> <span class='ocrx_word' id='word_1_135' title='bbox 502 1730 742 1799; x_wconf 84' lang='lat' dir='ltr'><strong>Monachorum,</strong></span> <span class='ocrx_word' id='word_1_136' title='bbox 762 1741 793 1788; x_wconf 88' lang='lat' dir='ltr'><strong>et</strong></span> <span class='ocrx_word' id='word_1_137' title='bbox 813 1727 852 1788; x_wconf 85' lang='lat' dir='ltr'><strong>de</strong></span> <span class='ocrx_word' id='word_1_138' title='bbox 868 1727 1027 1791; x_wconf 84' lang='lat' dir='ltr'><strong>clericatu.</strong></span> 
     </span>
    </p>
   </div>
   <div class='ocr_carea' id='block_1_4' title="bbox 113 1832 1244 2740">
    <p class='ocr_par' dir='ltr' id='par_1_4' title="bbox 113 1832 1244 2740">
     <span class='ocr_line' id='line_1_18' title="bbox 194 1832 1243 1916; baseline 0.004 -20"><span class='ocrx_word' id='word_1_139' title='bbox 194 1835 314 1898; x_wconf 87' lang='lat' dir='ltr'><strong>LXIX.</strong></span> <span class='ocrx_word' id='word_1_140' title='bbox 358 1834 460 1896; x_wconf 90' lang='lat' dir='ltr'><strong>Simul</strong></span> <span class='ocrx_word' id='word_1_141' title='bbox 492 1843 524 1894; x_wconf 86' lang='lat' dir='ltr'><strong>et</strong></span> <span class='ocrx_word' id='word_1_142' title='bbox 545 1833 607 1895; x_wconf 90' lang='lat' dir='ltr'><strong>hoc</strong></span> <span class='ocrx_word' id='word_1_143' title='bbox 631 1855 742 1916; x_wconf 84' lang='lat' dir='ltr'><strong>rogare</strong></span> <span class='ocrx_word' id='word_1_144' title='bbox 768 1832 960 1911; x_wconf 87' lang='lat' dir='ltr'><strong>curavimus,</strong></span> <span class='ocrx_word' id='word_1_145' title='bbox 981 1844 1018 1896; x_wconf 88' lang='lat' dir='ltr'><strong>ut</strong></span> <span class='ocrx_word' id='word_1_146' title='bbox 1039 1859 1148 1902; x_wconf 86' lang='lat' dir='ltr'><strong>omnes</strong></span> <span class='ocrx_word' id='word_1_147' title='bbox 1169 1841 1243 1902; x_wconf 90' lang='lat' dir='ltr'><strong>ubi-</strong></span> 
     </span>
     <span class='ocr_line' id='line_1_19' title="bbox 116 1915 1244 2001; baseline 0.004 -23"><span class='ocrx_word' id='word_1_148' title='bbox 116 1941 242 2000; x_wconf 85' lang='lat' dir='ltr'><strong>cunque</strong></span> <span class='ocrx_word' id='word_1_149' title='bbox 260 1919 318 2001; x_wconf 90' lang='lat' dir='ltr'><strong>qui</strong></span> <span class='ocrx_word' id='word_1_150' title='bbox 335 1940 367 1979; x_wconf 91' lang='lat' dir='ltr'><strong>se</strong></span> <span class='ocrx_word' id='word_1_151' title='bbox 384 1928 459 1980; x_wconf 86' lang='lat' dir='ltr'><strong>voto</strong></span> <span class='ocrx_word' id='word_1_152' title='bbox 476 1915 681 1976; x_wconf 86' lang='lat' dir='ltr'><strong>monachicae</strong></span> <span class='ocrx_word' id='word_1_153' title='bbox 701 1921 728 1994; x_wconf 83' lang='lat' dir='ltr'><strong>r)</strong></span> <span class='ocrx_word' id='word_1_154' title='bbox 743 1917 825 1977; x_wconf 86' lang='lat' dir='ltr'><strong>vitae</strong></span> <span class='ocrx_word' id='word_1_155' title='bbox 846 1917 1110 2001; x_wconf 85' lang='lat' dir='ltr'><strong>constrinxerint,</strong></span> <span class='ocrx_word' id='word_1_156' title='bbox 1130 1944 1244 1985; x_wconf 90' lang='lat' dir='ltr'><strong>mona-</strong></span> 
     </span>
     <span class='ocr_line' id='line_1_20' title="bbox 116 1998 1243 2082; baseline -0.009 -18"><span class='ocrx_word' id='word_1_157' title='bbox 116 2006 205 2066; x_wconf 89' lang='lat' dir='ltr'><strong>chice</strong></span> <span class='ocrx_word' id='word_1_158' title='bbox 224 2011 257 2061; x_wconf 91' lang='lat' dir='ltr'><strong>et</strong></span> <span class='ocrx_word' id='word_1_159' title='bbox 283 2000 476 2082; x_wconf 81' lang='lat' dir='ltr'><strong>regulariter</strong></span> <span class='ocrx_word' id='word_1_160' title='bbox 500 1998 690 2070; x_wconf 84' lang='lat' dir='ltr'><strong>omnimodis</strong></span> <span class='ocrx_word' id='word_1_161' title='bbox 716 1998 895 2058; x_wconf 92' lang='lat' dir='ltr'><strong>secundum</strong></span> <span class='ocrx_word' id='word_1_162' title='bbox 923 2009 1033 2060; x_wconf 74' lang='lat' dir='ltr'><strong>notum</strong></span> <span class='ocrx_word' id='word_1_163' title='bbox 1070 2026 1163 2066; x_wconf 81' lang='lat' dir='ltr'><strong>suum</strong></span> <span class='ocrx_word' id='word_1_164' title='bbox 1193 2007 1243 2070; x_wconf 75' lang='lat' dir='ltr'><strong>ti-</strong></span> 
     </span>
     <span class='ocr_line' id='line_1_21' title="bbox 114 2079 1243 2164; baseline 0.004 -19"><span class='ocrx_word' id='word_1_165' title='bbox 114 2081 500 2164; x_wconf 84' lang='lat' dir='ltr'><strong>vant‚secundumquod</strong></span> <span class='ocrx_word' id='word_1_166' title='bbox 520 2080 756 2163; x_wconf 86' lang='lat' dir='ltr'><strong>scriptumest:</strong></span> <span class='ocrx_word' id='word_1_167' title='bbox 781 2079 865 2140; x_wconf 85' lang='lat' dir='ltr'><strong>Vota</strong></span> <span class='ocrx_word' id='word_1_168' title='bbox 889 2095 996 2140; x_wconf 83' lang='lat' dir='ltr'><strong>uestra</strong></span> <span class='ocrx_word' id='word_1_169' title='bbox 1023 2085 1149 2148; x_wconf 81' lang='lat' dir='ltr'><strong>reddite</strong></span> <span class='ocrx_word' id='word_1_170' title='bbox 1173 2089 1243 2150; x_wconf 91' lang='lat' dir='ltr'><strong>Do·</strong></span> 
     </span>
     <span class='ocr_line' id='line_1_22' title="bbox 115 2162 1242 2252; baseline -0.01 -24"><span class='ocrx_word' id='word_1_171' title='bbox 115 2171 197 2228; x_wconf 86' lang='lat' dir='ltr'><strong>mino</strong></span> <span class='ocrx_word' id='word_1_172' title='bbox 223 2168 293 2226; x_wconf 89' lang='lat' dir='ltr'><strong>Deo</strong></span> <span class='ocrx_word' id='word_1_173' title='bbox 314 2177 424 2224; x_wconf 81' lang='lat' dir='ltr'><strong>vestro.</strong></span> <span class='ocrx_word' id='word_1_174' title='bbox 445 2165 489 2223; x_wconf 89' lang='lat' dir='ltr'><strong>Et</strong></span> <span class='ocrx_word' id='word_1_175' title='bbox 510 2162 645 2222; x_wconf 84' lang='lat' dir='ltr'><strong>iterum:</strong></span> <span class='ocrx_word' id='word_1_176' title='bbox 666 2163 782 2222; x_wconf 88' lang='lat' dir='ltr'><strong>Melius</strong></span> <span class='ocrx_word' id='word_1_177' title='bbox 798 2174 843 2221; x_wconf 84' lang='lat' dir='ltr'><strong>est</strong></span> <span class='ocrx_word' id='word_1_178' title='bbox 859 2183 920 2222; x_wconf 86' lang='lat' dir='ltr'><strong>non</strong></span> <span class='ocrx_word' id='word_1_179' title='bbox 934 2185 1062 2238; x_wconf 62' lang='lat' dir='ltr'><strong>vovere,</strong></span> <span class='ocrx_word' id='word_1_180' title='bbox 1080 2188 1172 2252; x_wconf 84' lang='lat' dir='ltr'><strong>quam</strong></span> <span class='ocrx_word' id='word_1_181' title='bbox 1187 2191 1242 2231; x_wconf 84' lang='lat' dir='ltr'><strong>oo.</strong></span> 
     </span>
     <span class='ocr_line' id='line_1_23' title="bbox 116 2244 1242 2314; baseline 0.003 -5"><span class='ocrx_word' id='word_1_182' title='bbox 116 2271 183 2309; x_wconf 80' lang='lat' dir='ltr'><strong>vere</strong></span> <span class='ocrx_word' id='word_1_183' title='bbox 207 2261 238 2307; x_wconf 83' lang='lat' dir='ltr'><strong>et</strong></span> <span class='ocrx_word' id='word_1_184' title='bbox 257 2269 321 2308; x_wconf 88' lang='lat' dir='ltr'><strong>non</strong></span> <span class='ocrx_word' id='word_1_185' title='bbox 336 2246 480 2305; x_wconf 83' lang='lat' dir='ltr'><strong>reddere.</strong></span> <span class='ocrx_word' id='word_1_186' title='bbox 520 2246 563 2304; x_wconf 89' lang='lat' dir='ltr'><strong>Et</strong></span> <span class='ocrx_word' id='word_1_187' title='bbox 586 2253 622 2304; x_wconf 90' lang='lat' dir='ltr'><strong>ut</strong></span> <span class='ocrx_word' id='word_1_188' title='bbox 648 2244 689 2304; x_wconf 92' lang='lat' dir='ltr'><strong>ad</strong></span> <span class='ocrx_word' id='word_1_189' title='bbox 713 2245 904 2308; x_wconf 83' lang='lat' dir='ltr'><strong>monasteria</strong></span> <span class='ocrx_word' id='word_1_190' title='bbox 926 2247 1094 2312; x_wconf 81' lang='lat' dir='ltr'><strong>venientes</strong></span> <span class='ocrx_word' id='word_1_191' title='bbox 1124 2273 1242 2314; x_wconf 91' lang='lat' dir='ltr'><strong>secun-</strong></span> 
     </span>
     <span class='ocr_line' id='line_1_24' title="bbox 116 2325 1243 2411; baseline 0.003 -19"><span class='ocrx_word' id='word_1_192' title='bbox 116 2333 190 2392; x_wconf 90' lang='lat' dir='ltr'><strong>dum</strong></span> <span class='ocrx_word' id='word_1_193' title='bbox 211 2331 393 2411; x_wconf 84' lang='lat' dir='ltr'><strong>regularem</strong></span> <span class='ocrx_word' id='word_1_194' title='bbox 412 2325 559 2388; x_wconf 86' lang='lat' dir='ltr'><strong>ordinem</strong></span> <span class='ocrx_word' id='word_1_195' title='bbox 572 2327 677 2410; x_wconf 89' lang='lat' dir='ltr'><strong>primo</strong></span> <span class='ocrx_word' id='word_1_196' title='bbox 697 2325 731 2385; x_wconf 90' lang='lat' dir='ltr'><strong>in</strong></span> <span class='ocrx_word' id='word_1_197' title='bbox 748 2327 924 2407; x_wconf 89' lang='lat' dir='ltr'><strong>pulsatorio</strong></span> <span class='ocrx_word' id='word_1_198' title='bbox 940 2330 1127 2411; x_wconf 90' lang='lat' dir='ltr'><strong>probentur,</strong></span> <span class='ocrx_word' id='word_1_199' title='bbox 1143 2345 1176 2395; x_wconf 90' lang='lat' dir='ltr'><strong>et</strong></span> <span class='ocrx_word' id='word_1_200' title='bbox 1198 2335 1243 2396; x_wconf 91' lang='lat' dir='ltr'><strong>sic</strong></span> 
     </span>
     <span class='ocr_line' id='line_1_25' title="bbox 115 2407 1243 2494; baseline 0.003 -21"><span class='ocrx_word' id='word_1_201' title='bbox 115 2413 324 2494; x_wconf 89' lang='lat' dir='ltr'><strong>recipiantur.</strong></span> <span class='ocrx_word' id='word_1_202' title='bbox 364 2410 406 2470; x_wconf 89' lang='lat' dir='ltr'><strong>Et</strong></span> <span class='ocrx_word' id='word_1_203' title='bbox 425 2408 481 2490; x_wconf 85' lang='lat' dir='ltr'><strong>qui</strong></span> <span class='ocrx_word' id='word_1_204' title='bbox 497 2429 537 2468; x_wconf 82' lang='lat' dir='ltr'><strong>ex</strong></span> <span class='ocrx_word' id='word_1_205' title='bbox 547 2407 689 2470; x_wconf 87' lang='lat' dir='ltr'><strong>seculari</strong></span> <span class='ocrx_word' id='word_1_206' title='bbox 703 2407 816 2469; x_wconf 90' lang='lat' dir='ltr'><strong>habitu</strong></span> <span class='ocrx_word' id='word_1_207' title='bbox 838 2409 871 2468; x_wconf 94' lang='lat' dir='ltr'><strong>in</strong></span> <span class='ocrx_word' id='word_1_208' title='bbox 887 2413 1077 2472; x_wconf 84' lang='lat' dir='ltr'><strong>monasteria</strong></span> <span class='ocrx_word' id='word_1_209' title='bbox 1096 2416 1243 2493; x_wconf 83' lang='lat' dir='ltr'><strong>veniunt,</strong></span> 
     </span>
     <span class='ocr_line' id='line_1_26' title="bbox 115 2490 1244 2579; baseline 0.003 -25"><span class='ocrx_word' id='word_1_210' title='bbox 115 2516 180 2554; x_wconf 90' lang='lat' dir='ltr'><strong>non</strong></span> <span class='ocrx_word' id='word_1_211' title='bbox 195 2494 302 2554; x_wconf 87' lang='lat' dir='ltr'><strong>statim</strong></span> <span class='ocrx_word' id='word_1_212' title='bbox 321 2493 406 2552; x_wconf 79' lang='lat' dir='ltr'><strong>foras</strong></span> <span class='ocrx_word' id='word_1_213' title='bbox 423 2490 462 2550; x_wconf 86' lang='lat' dir='ltr'><strong>ad</strong></span> <span class='ocrx_word' id='word_1_214' title='bbox 475 2490 655 2552; x_wconf 80' lang='lat' dir='ltr'><strong>ministeria</strong></span> <span class='ocrx_word' id='word_1_215' title='bbox 672 2491 856 2552; x_wconf 88' lang='lat' dir='ltr'><strong>monasterii</strong></span> <span class='ocrx_word' id='word_1_216' title='bbox 883 2493 1050 2553; x_wconf 86' lang='lat' dir='ltr'><strong>mittantur</strong></span> <span class='ocrx_word' id='word_1_217' title='bbox 1072 2506 1244 2579; x_wconf 89' lang='lat' dir='ltr'><strong>antequam</strong></span> 
     </span>
     <span class='ocr_line' id='line_1_27' title="bbox 114 2573 1244 2660; baseline 0.002 -24"><span class='ocrx_word' id='word_1_218' title='bbox 114 2577 202 2636; x_wconf 87' lang='lat' dir='ltr'><strong>intus</strong></span> <span class='ocrx_word' id='word_1_219' title='bbox 216 2576 301 2636; x_wconf 90' lang='lat' dir='ltr'><strong>bene</strong></span> <span class='ocrx_word' id='word_1_220' title='bbox 326 2573 516 2634; x_wconf 88' lang='lat' dir='ltr'><strong>erudiantur</strong></span> <span class='ocrx_word' id='word_1_221' title='bbox 537 2583 574 2646; x_wconf 80' lang='lat' dir='ltr'><strong>s).</strong></span> <span class='ocrx_word' id='word_1_222' title='bbox 614 2575 657 2633; x_wconf 88' lang='lat' dir='ltr'><strong>Et</strong></span> <span class='ocrx_word' id='word_1_223' title='bbox 673 2581 709 2632; x_wconf 86' lang='lat' dir='ltr'><strong>ut</strong></span> <span class='ocrx_word' id='word_1_224' title='bbox 725 2573 875 2634; x_wconf 90' lang='lat' dir='ltr'><strong>monachi</strong></span> <span class='ocrx_word' id='word_1_225' title='bbox 892 2575 932 2636; x_wconf 86' lang='lat' dir='ltr'><strong>ad</strong></span> <span class='ocrx_word' id='word_1_226' title='bbox 951 2576 1108 2637; x_wconf 86' lang='lat' dir='ltr'><strong>secularia</strong></span> <span class='ocrx_word' id='word_1_227' title='bbox 1125 2579 1244 2660; x_wconf 84' lang='lat' dir='ltr'><strong>placita</strong></span> 
     </span>
     <span class='ocr_line' id='line_1_28' title="bbox 113 2652 1244 2740; baseline 0.003 -22"><span class='ocrx_word' id='word_1_228' title='bbox 113 2681 180 2718; x_wconf 91' lang='lat' dir='ltr'><strong>non</strong></span> <span class='ocrx_word' id='word_1_229' title='bbox 204 2657 325 2718; x_wconf 84' lang='lat' dir='ltr'><strong>vadunt</strong></span> <span class='ocrx_word' id='word_1_230' title='bbox 341 2661 373 2734; x_wconf 75' lang='lat' dir='ltr'><strong>t).</strong></span> <span class='ocrx_word' id='word_1_231' title='bbox 396 2652 551 2716; x_wconf 87' lang='lat' dir='ltr'><strong>Similiter</strong></span> <span class='ocrx_word' id='word_1_232' title='bbox 565 2653 622 2737; x_wconf 92' lang='lat' dir='ltr'><strong>qui</strong></span> <span class='ocrx_word' id='word_1_233' title='bbox 637 2653 676 2714; x_wconf 85' lang='lat' dir='ltr'><strong>ad</strong></span> <span class='ocrx_word' id='word_1_234' title='bbox 693 2656 880 2716; x_wconf 82' lang='lat' dir='ltr'><strong>clericatum</strong></span> <span class='ocrx_word' id='word_1_235' title='bbox 896 2658 1064 2734; x_wconf 88' lang='lat' dir='ltr'><strong>accedunt,</strong></span> <span class='ocrx_word' id='word_1_236' title='bbox 1076 2663 1163 2740; x_wconf 88' lang='lat' dir='ltr'><strong>quod</strong></span> <span class='ocrx_word' id='word_1_237' title='bbox 1187 2683 1244 2721; x_wconf 91' lang='lat' dir='ltr'><strong>nos</strong></span> 
     </span>
    </p>
   </div>
   <div class='ocr_carea' id='block_1_5' title="bbox 30 2737 1245 2814">
    <p class='ocr_par' dir='ltr' id='par_1_5' title="bbox 30 2737 1245 2814">
     <span class='ocr_line' id='line_1_29' title="bbox 30 2737 1245 2814; baseline 0.002 -14"><span class='ocrx_word' id='word_1_238' title='bbox 30 2797 32 2800; x_wconf 86' lang='lat'>.</span> <span class='ocrx_word' id='word_1_239' title='bbox 114 2739 317 2801; x_wconf 88' lang='lat' dir='ltr'><strong>nominamus</strong></span> <span class='ocrx_word' id='word_1_240' title='bbox 335 2737 522 2798; x_wconf 85' lang='lat' dir='ltr'><strong>canonicam</strong></span> <span class='ocrx_word' id='word_1_241' title='bbox 544 2738 653 2814; x_wconf 81' lang='lat' dir='ltr'><strong>vitum,</strong></span> <span class='ocrx_word' id='word_1_242' title='bbox 667 2737 816 2798; x_wconf 84' lang='lat' dir='ltr'><strong>volumus</strong></span> <span class='ocrx_word' id='word_1_243' title='bbox 831 2749 866 2798; x_wconf 86' lang='lat' dir='ltr'><strong>ut</strong></span> <span class='ocrx_word' id='word_1_244' title='bbox 889 2739 939 2798; x_wconf 93' lang='lat' dir='ltr'><strong>illi</strong></span> <span class='ocrx_word' id='word_1_245' title='bbox 956 2759 1112 2802; x_wconf 78' lang='lat' dir='ltr'><strong>canonlce</strong></span> <span class='ocrx_word' id='word_1_246' title='bbox 1131 2765 1245 2803; x_wconf 88' lang='lat' dir='ltr'><strong>secuu-</strong></span> 
     </span>
    </p>
   </div>
   <div class='ocr_carea' id='block_1_6' title="bbox 113 2819 1293 2988">
    <p class='ocr_par' dir='ltr' id='par_1_6' title="bbox 113 2819 1293 2988">
     <span class='ocr_line' id='line_1_30' title="bbox 114 2819 1293 2905; baseline 0.001 -23"><span class='ocrx_word' id='word_1_247' title='bbox 114 2824 192 2882; x_wconf 92' lang='lat' dir='ltr'><strong>dum</strong></span> <span class='ocrx_word' id='word_1_248' title='bbox 211 2842 301 2882; x_wconf 88' lang='lat' dir='ltr'><strong>suam</strong></span> <span class='ocrx_word' id='word_1_249' title='bbox 315 2819 462 2901; x_wconf 83' lang='lat' dir='ltr'><strong>regulam</strong></span> <span class='ocrx_word' id='word_1_250' title='bbox 479 2819 669 2880; x_wconf 89' lang='lat' dir='ltr'><strong>omnimodis</strong></span> <span class='ocrx_word' id='word_1_251' title='bbox 688 2829 722 2894; x_wconf 83' lang='lat' dir='ltr'><strong>u)</strong></span> <span class='ocrx_word' id='word_1_252' title='bbox 737 2820 857 2881; x_wconf 83' lang='lat' dir='ltr'><strong>vivant.</strong></span> <span class='ocrx_word' id='word_1_253' title='bbox 878 2821 920 2882; x_wconf 89' lang='lat' dir='ltr'><strong>Et</strong></span> <span class='ocrx_word' id='word_1_254' title='bbox 935 2820 1113 2905; x_wconf 90' lang='lat' dir='ltr'><strong>Episcopus</strong></span> <span class='ocrx_word' id='word_1_255' title='bbox 1132 2846 1245 2886; x_wconf 88' lang='lat' dir='ltr'><strong>eorum</strong></span> <span class='ocrx_word' id='word_1_256' title='bbox 1292 2863 1293 2866; x_wconf 58' lang='lat'><em>=</em></span> 
     </span>
     <span class='ocr_line' id='line_1_31' title="bbox 113 2900 1019 2988; baseline -0.002 -24"><span class='ocrx_word' id='word_1_257' title='bbox 113 2913 213 2988; x_wconf 79' lang='lat' dir='ltr'><strong>regat</strong></span> <span class='ocrx_word' id='word_1_258' title='bbox 225 2903 335 2981; x_wconf 66' lang='lat' dir='ltr'><strong>uitam,</strong></span> <span class='ocrx_word' id='word_1_259' title='bbox 351 2900 534 2964; x_wconf 78' lang='lat' dir='ltr'><strong>sicuthbha</strong></span> <span class='ocrx_word' id='word_1_260' title='bbox 553 2900 795 2963; x_wconf 89' lang='lat' dir='ltr'><strong>Monachorum.</strong></span> <span class='ocrx_word' id='word_1_261' title='bbox 828 2901 912 2966; x_wconf 86' lang='lat' dir='ltr'><strong>Ibid.</strong></span> <span class='ocrx_word' id='word_1_262' title='bbox 926 2923 953 2962; x_wconf 88' lang='lat' dir='ltr'><strong>c.</strong></span> <span class='ocrx_word' id='word_1_263' title='bbox 970 2924 1019 2983; x_wconf 86' lang='lat'><strong>71.</strong></span> 
     </span>
    </p>
   </div>
   <div class='ocr_carea' id='block_1_7' title="bbox 450 3009 987 3093">
    <p class='ocr_par' dir='ltr' id='par_1_7' title="bbox 450 3009 987 3093">
     <span class='ocr_line' id='line_1_32' title="bbox 450 3009 987 3093; baseline -0.002 -24"><span class='ocrx_word' id='word_1_264' title='bbox 450 3010 498 3069; x_wconf 89' lang='lat' dir='ltr'><strong>De</strong></span> <span class='ocrx_word' id='word_1_265' title='bbox 525 3010 719 3093; x_wconf 82' lang='lat' dir='ltr'><strong>susceptione</strong></span> <span class='ocrx_word' id='word_1_266' title='bbox 740 3009 907 3093; x_wconf 80' lang='lat' dir='ltr'><strong>hospitum.</strong></span> <span class='ocrx_word' id='word_1_267' title='bbox 985 3033 987 3039; x_wconf 65' lang='grc'><em>’</em></span> 
     </span>
    </p>
   </div>
   <div class='ocr_carea' id='block_1_8' title="bbox 118 3110 1269 3610">
    <p class='ocr_par' dir='ltr' id='par_1_8' title="bbox 118 3110 1269 3610">
     <span class='ocr_line' id='line_1_33' title="bbox 195 3110 1243 3202; baseline 0.002 -24"><span class='ocrx_word' id='word_1_268' title='bbox 195 3116 299 3179; x_wconf 77' lang='lat' dir='ltr'>LXX.</span> <span class='ocrx_word' id='word_1_269' title='bbox 341 3115 536 3178; x_wconf 87' lang='lat' dir='ltr'><strong>Venerabile</strong></span> <span class='ocrx_word' id='word_1_270' title='bbox 563 3117 651 3178; x_wconf 91' lang='lat' dir='ltr'><strong>enim</strong></span> <span class='ocrx_word' id='word_1_271' title='bbox 673 3117 801 3177; x_wconf 82' lang='lat' dir='ltr'><strong>videtur</strong></span> <span class='ocrx_word' id='word_1_272' title='bbox 825 3117 873 3193; x_wconf 89' lang='lat' dir='ltr'><strong>(ut</strong></span> <span class='ocrx_word' id='word_1_273' title='bbox 892 3110 1046 3196; x_wconf 80' lang='lat' dir='ltr'><strong>hospites,</strong></span> <span class='ocrx_word' id='word_1_274' title='bbox 1069 3119 1243 3202; x_wconf 85' lang='lat' dir='ltr'><strong>peregrini,</strong></span> 
     </span>
     <span class='ocr_line' id='line_1_34' title="bbox 118 3199 1243 3284; baseline 0.004 -24"><span class='ocrx_word' id='word_1_275' title='bbox 118 3209 149 3260; x_wconf 89' lang='lat' dir='ltr'><strong>et</strong></span> <span class='ocrx_word' id='word_1_276' title='bbox 168 3222 327 3283; x_wconf 87' lang='lat' dir='ltr'><strong>pauperes</strong></span> <span class='ocrx_word' id='word_1_277' title='bbox 342 3201 560 3282; x_wconf 87' lang='lat' dir='ltr'><strong>susceptiones</strong></span> <span class='ocrx_word' id='word_1_278' title='bbox 584 3199 750 3280; x_wconf 80' lang='lat' dir='ltr'><strong>regulares</strong></span> <span class='ocrx_word' id='word_1_279' title='bbox 780 3207 812 3259; x_wconf 88' lang='lat' dir='ltr'><strong>et</strong></span> <span class='ocrx_word' id='word_1_280' title='bbox 840 3199 1009 3258; x_wconf 86' lang='lat' dir='ltr'><strong>canonicas</strong></span> <span class='ocrx_word' id='word_1_281' title='bbox 1032 3206 1058 3278; x_wconf 86' lang='lat' dir='ltr'><strong>v)</strong></span> <span class='ocrx_word' id='word_1_282' title='bbox 1086 3223 1145 3284; x_wconf 93' lang='lat' dir='ltr'><strong>per</strong></span> <span class='ocrx_word' id='word_1_283' title='bbox 1171 3204 1243 3266; x_wconf 88' lang='lat' dir='ltr'><strong>loca</strong></span> 
     </span>
     <span class='ocr_line' id='line_1_35' title="bbox 119 3279 1244 3364; baseline 0.004 -22"><span class='ocrx_word' id='word_1_284' title='bbox 119 3283 243 3343; x_wconf 80' lang='lat' dir='ltr'><strong>diversa</strong></span> <span class='ocrx_word' id='word_1_285' title='bbox 259 3283 416 3358; x_wconf 88' lang='lat' dir='ltr'><strong>habeant,</strong></span> <span class='ocrx_word' id='word_1_286' title='bbox 438 3283 514 3364; x_wconf 88' lang='lat' dir='ltr'><strong>quia</strong></span> <span class='ocrx_word' id='word_1_287' title='bbox 531 3281 599 3363; x_wconf 91' lang='lat' dir='ltr'><strong>ipse</strong></span> <span class='ocrx_word' id='word_1_288' title='bbox 619 3281 777 3342; x_wconf 90' lang='lat' dir='ltr'><strong>Dominus</strong></span> <span class='ocrx_word' id='word_1_289' title='bbox 798 3279 942 3342; x_wconf 88' lang='lat' dir='ltr'><strong>dicturus</strong></span> <span class='ocrx_word' id='word_1_290' title='bbox 971 3280 1035 3341; x_wconf 89' lang='lat' dir='ltr'><strong>erit</strong></span> <span class='ocrx_word' id='word_1_291' title='bbox 1067 3283 1101 3341; x_wconf 92' lang='lat' dir='ltr'><strong>in</strong></span> <span class='ocrx_word' id='word_1_292' title='bbox 1135 3306 1244 3346; x_wconf 91' lang='lat' dir='ltr'><strong>remu·</strong></span> 
     </span>
     <span class='ocr_line' id='line_1_36' title="bbox 119 3363 1245 3447; baseline 0.007 -25"><span class='ocrx_word' id='word_1_293' title='bbox 119 3364 285 3424; x_wconf 87' lang='lat' dir='ltr'><strong>neratione</strong></span> <span class='ocrx_word' id='word_1_294' title='bbox 321 3363 428 3445; x_wconf 80' lang='lat' dir='ltr'><strong>magni</strong></span> <span class='ocrx_word' id='word_1_295' title='bbox 467 3363 551 3424; x_wconf 90' lang='lat' dir='ltr'><strong>dici:</strong></span> <span class='ocrx_word' id='word_1_296' title='bbox 592 3363 718 3447; x_wconf 84' lang='lat' dir='ltr'><strong>Hospes</strong></span> <span class='ocrx_word' id='word_1_297' title='bbox 741 3384 839 3434; x_wconf 82' lang='lat' dir='ltr'><strong>eram,</strong></span> <span class='ocrx_word' id='word_1_298' title='bbox 865 3374 895 3422; x_wconf 87' lang='lat' dir='ltr'><strong>et</strong></span> <span class='ocrx_word' id='word_1_299' title='bbox 917 3365 1096 3446; x_wconf 82' lang='lat' dir='ltr'><strong>suscepistis</strong></span> <span class='ocrx_word' id='word_1_300' title='bbox 1116 3388 1173 3428; x_wconf 89' lang='lat' dir='ltr'><strong>me.</strong></span> <span class='ocrx_word' id='word_1_301' title='bbox 1203 3371 1245 3430; x_wconf 81' lang='lat' dir='ltr'><strong>Et</strong></span> 
     </span>
     <span class='ocr_line' id='line_1_37' title="bbox 118 3444 1269 3531; baseline 0.004 -27"><span class='ocrx_word' id='word_1_302' title='bbox 118 3445 289 3526; x_wconf 81' lang='lat' dir='ltr'><strong>Apostolus</strong></span> <span class='ocrx_word' id='word_1_303' title='bbox 303 3445 553 3528; x_wconf 87' lang='lat' dir='ltr'><strong>hospitalitatem</strong></span> <span class='ocrx_word' id='word_1_304' title='bbox 572 3445 706 3504; x_wconf 89' lang='lat' dir='ltr'><strong>laudans</strong></span> <span class='ocrx_word' id='word_1_305' title='bbox 724 3444 821 3504; x_wconf 85' lang='lat' dir='ltr'><strong>dixit:</strong></span> <span class='ocrx_word' id='word_1_306' title='bbox 843 3444 909 3506; x_wconf 83' lang='lat' dir='ltr'><strong>Per</strong></span> <span class='ocrx_word' id='word_1_307' title='bbox 931 3446 1010 3516; x_wconf 81' lang='lat' dir='ltr'><strong>hene</strong></span> <span class='ocrx_word' id='word_1_308' title='bbox 1026 3445 1154 3526; x_wconf 81' lang='lat' dir='ltr'><strong>quidem</strong></span> <span class='ocrx_word' id='word_1_309' title='bbox 1172 3451 1244 3531; x_wconf 81' lang='lat' dir='ltr'><strong>pla·</strong></span> <span class='ocrx_word' id='word_1_310' title='bbox 1266 3465 1269 3476; x_wconf 89' lang='lat'>&#39;</span> 
     </span>
     <span class='ocr_line' id='line_1_38' title="bbox 120 3526 1061 3610; baseline 0.002 -25"><span class='ocrx_word' id='word_1_311' title='bbox 120 3540 249 3587; x_wconf 80' lang='lat' dir='ltr'><strong>suerunt</strong></span> <span class='ocrx_word' id='word_1_312' title='bbox 268 3527 495 3606; x_wconf 73' lang='lat' dir='ltr'><strong>Deo,&#39;Angelis</strong></span> <span class='ocrx_word' id='word_1_313' title='bbox 509 3529 644 3610; x_wconf 81' lang='lat' dir='ltr'><strong>hospitio</strong></span> <span class='ocrx_word' id='word_1_314' title='bbox 661 3527 822 3606; x_wconf 82' lang='lat' dir='ltr'><strong>susceptis.</strong></span> <span class='ocrx_word' id='word_1_315' title='bbox 863 3526 949 3608; x_wconf 66' lang='lat' dir='ltr'><strong>leid,</strong></span> <span class='ocrx_word' id='word_1_316' title='bbox 967 3547 994 3586; x_wconf 92' lang='lat' dir='ltr'><strong>c.</strong></span> <span class='ocrx_word' id='word_1_317' title='bbox 1013 3527 1061 3608; x_wconf 76' lang='lat'><strong>73.</strong></span> 
     </span>
    </p>
   </div>
   <div class='ocr_carea' id='block_1_9' title="bbox 180 3631 1248 3820">
    <p class='ocr_par' dir='ltr' id='par_1_9' title="bbox 180 3631 1248 3820">
     <span class='ocr_line' id='line_1_39' title="bbox 180 3631 1184 3713; baseline 0.004 -21"><span class='ocrx_word' id='word_1_318' title='bbox 180 3633 229 3692; x_wconf 92' lang='lat' dir='ltr'><strong>De</strong></span> <span class='ocrx_word' id='word_1_319' title='bbox 252 3632 427 3700; x_wconf 79' lang='lat' dir='ltr'><strong>Abbatissis</strong></span> <span class='ocrx_word' id='word_1_320' title='bbox 451 3646 561 3694; x_wconf 83' lang='lat' dir='ltr'><strong>contre</strong></span> <span class='ocrx_word' id='word_1_321' title='bbox 577 3653 695 3693; x_wconf 84' lang='lat' dir='ltr'><strong>morem</strong></span> <span class='ocrx_word' id='word_1_322' title='bbox 720 3631 879 3692; x_wconf 84' lang='lat' dir='ltr'><strong>Ecclesiae</strong></span> <span class='ocrx_word' id='word_1_323' title='bbox 903 3633 967 3692; x_wconf 88' lang='lat' dir='ltr'><strong>Dei</strong></span> <span class='ocrx_word' id='word_1_324' title='bbox 980 3631 1184 3713; x_wconf 84' lang='lat' dir='ltr'><strong>facientibus.</strong></span> 
     </span>
     <span class='ocr_line' id='line_1_40' title="bbox 197 3735 1248 3820; baseline 0.007 -21"><span class='ocrx_word' id='word_1_325' title='bbox 197 3737 323 3801; x_wconf 90' lang='lat' dir='ltr'><strong>LXXI.</strong></span> <span class='ocrx_word' id='word_1_326' title='bbox 363 3738 519 3800; x_wconf 87' lang='lat' dir='ltr'><strong>Auditum</strong></span> <span class='ocrx_word' id='word_1_327' title='bbox 548 3747 595 3802; x_wconf 89' lang='lat' dir='ltr'><strong>est</strong></span> <span class='ocrx_word' id='word_1_328' title='bbox 619 3737 742 3820; x_wconf 86' lang='lat' dir='ltr'><strong>aliquas</strong></span> <span class='ocrx_word' id='word_1_329' title='bbox 769 3735 950 3802; x_wconf 82' lang='lat' dir='ltr'><strong>Abbatissas</strong></span> <span class='ocrx_word' id='word_1_330' title='bbox 979 3749 1091 3802; x_wconf 84' lang='lat' dir='ltr'><strong>contra</strong></span> <span class='ocrx_word' id='word_1_331' title='bbox 1125 3763 1248 3808; x_wconf 88' lang='lat' dir='ltr'><strong>morem</strong></span> 
     </span>
    </p>
   </div>
   <div class='ocr_carea' id='block_1_10' title="bbox 129 3874 395 3894">
    <p class='ocr_par' dir='ltr' id='par_1_10' title="bbox 129 3874 395 3894">
     <span class='ocr_line' id='line_1_41' title="bbox 129 3874 395 3894; baseline -0.011 0"><span class='ocrx_word' id='word_1_332' title='bbox 129 3874 395 3894; x_wconf 51' lang='grc' dir='ltr'><strong>υ*</strong></span> 
     </span>
    </p>
   </div>
   <div class='ocr_carea' id='block_1_11' title="bbox 157 3967 1253 4316">
    <p class='ocr_par' dir='ltr' id='par_1_11' title="bbox 157 3967 1247 4040">
     <span class='ocr_line' id='line_1_42' title="bbox 157 3967 1247 4040; baseline 0.001 -18"><span class='ocrx_word' id='word_1_333' title='bbox 157 3976 190 4040; x_wconf 82' lang='lat' dir='ltr'><strong>q)</strong></span> <span class='ocrx_word' id='word_1_334' title='bbox 207 3970 240 4022; x_wconf 86' lang='lat' dir='ltr'><strong>al.</strong></span> <span class='ocrx_word' id='word_1_335' title='bbox 261 3989 308 4023; x_wconf 89' lang='lat' dir='ltr'><strong>ms.</strong></span> <span class='ocrx_word' id='word_1_336' title='bbox 327 3971 414 4021; x_wconf 81' lang='lat' dir='ltr'><strong>vitam</strong></span> <span class='ocrx_word' id='word_1_337' title='bbox 432 3982 459 4022; x_wconf 83' lang='lat' dir='ltr'><strong>et</strong></span> <span class='ocrx_word' id='word_1_338' title='bbox 476 3970 661 4022; x_wconf 83' lang='lat' dir='ltr'><strong>conversatio·</strong></span> <span class='ocrx_word' id='word_1_339' title='bbox 745 3975 779 4032; x_wconf 87' lang='lat' dir='ltr'><strong>u)</strong></span> <span class='ocrx_word' id='word_1_340' title='bbox 796 3967 830 4020; x_wconf 84' lang='lat' dir='ltr'><strong>al.</strong></span> <span class='ocrx_word' id='word_1_341' title='bbox 848 3983 908 4019; x_wconf 82' lang='lat' dir='ltr'><strong>mss.</strong></span> <span class='ocrx_word' id='word_1_342' title='bbox 926 3967 1079 4022; x_wconf 85' lang='lat' dir='ltr'><strong>omnimodo</strong></span> <span class='ocrx_word' id='word_1_343' title='bbox 1089 3990 1100 4036; x_wconf 84' lang='lat'><strong>,-</strong></span> <span class='ocrx_word' id='word_1_344' title='bbox 1127 3975 1247 4024; x_wconf 84' lang='lat' dir='ltr'><strong>omnino.</strong></span> 
     </span>
    </p>

    <p class='ocr_par' dir='ltr' id='par_1_12' title="bbox 159 4037 1253 4316">
     <span class='ocr_line' id='line_1_43' title="bbox 208 4037 1250 4111; baseline 0.004 -21"><span class='ocrx_word' id='word_1_345' title='bbox 208 4059 267 4093; x_wconf 84' lang='lat' dir='ltr'><strong>nem</strong></span> <span class='ocrx_word' id='word_1_346' title='bbox 283 4041 415 4092; x_wconf 59' lang='lat' dir='ltr'><strong>habeant,</strong></span> <span class='ocrx_word' id='word_1_347' title='bbox 621 4101 625 4111; x_wconf 32' lang='grc'>1</span> <span class='ocrx_word' id='word_1_348' title='bbox 744 4047 779 4103; x_wconf 84' lang='lat' dir='ltr'><strong>v)</strong></span> <span class='ocrx_word' id='word_1_349' title='bbox 797 4037 831 4089; x_wconf 84' lang='lat' dir='ltr'><strong>el.</strong></span> <span class='ocrx_word' id='word_1_350' title='bbox 850 4054 909 4088; x_wconf 85' lang='lat' dir='ltr'><strong>mss.</strong></span> <span class='ocrx_word' id='word_1_351' title='bbox 928 4050 959 4090; x_wconf 85' lang='lat' dir='ltr'><strong>ut</strong></span> <span class='ocrx_word' id='word_1_352' title='bbox 983 4039 1137 4106; x_wconf 76' lang='lat' dir='ltr'><strong>hospitum,</strong></span> <span class='ocrx_word' id='word_1_353' title='bbox 1171 4059 1250 4111; x_wconf 81' lang='lat' dir='ltr'><strong>pere-</strong></span> 
     </span>
     <span class='ocr_line' id='line_1_44' title="bbox 160 4107 1251 4180; baseline 0.004 -20"><span class='ocrx_word' id='word_1_354' title='bbox 160 4109 294 4177; x_wconf 83' lang='lat' dir='ltr'><strong>r)al.mss.</strong></span> <span class='ocrx_word' id='word_1_355' title='bbox 304 4108 660 4172; x_wconf 68' lang='lat' dir='ltr'><strong>monasticaemonaclsiae.</strong></span> <span class='ocrx_word' id='word_1_356' title='bbox 799 4107 954 4177; x_wconf 74' lang='lat' dir='ltr'><strong>grinonem,</strong></span> <span class='ocrx_word' id='word_1_357' title='bbox 974 4120 1001 4160; x_wconf 88' lang='lat' dir='ltr'><strong>et</strong></span> <span class='ocrx_word' id='word_1_358' title='bbox 1016 4125 1166 4180; x_wconf 80' lang='lat' dir='ltr'><strong>pauperum</strong></span> <span class='ocrx_word' id='word_1_359' title='bbox 1191 4129 1251 4164; x_wconf 81' lang='lat' dir='ltr'><strong>sus·</strong></span> 
     </span>
     <span class='ocr_line' id='line_1_45' title="bbox 159 4176 1250 4248; baseline 0 -15"><span class='ocrx_word' id='word_1_360' title='bbox 159 4180 234 4243; x_wconf 72' lang='lat' dir='ltr'><strong>uel.</strong></span> <span class='ocrx_word' id='word_1_361' title='bbox 253 4197 312 4232; x_wconf 85' lang='lat' dir='ltr'><strong>mss.</strong></span> <span class='ocrx_word' id='word_1_362' title='bbox 331 4180 518 4238; x_wconf 58' lang='lat' dir='ltr'><strong>essutriauture</strong></span> <span class='ocrx_word' id='word_1_363' title='bbox 797 4176 933 4244; x_wconf 83' lang='lat' dir='ltr'><strong>eeptioues</strong></span> <span class='ocrx_word' id='word_1_364' title='bbox 951 4179 1092 4248; x_wconf 76' lang='lat' dir='ltr'><strong>regulares</strong></span> <span class='ocrx_word' id='word_1_365' title='bbox 1118 4192 1143 4230; x_wconf 82' lang='lat' dir='ltr'><strong>et</strong></span> <span class='ocrx_word' id='word_1_366' title='bbox 1165 4198 1250 4233; x_wconf 76' lang='lat' dir='ltr'><strong>cosso·</strong></span> 
     </span>
     <span class='ocr_line' id='line_1_46' title="bbox 161 4245 1253 4316; baseline 0.004 -15"><span class='ocrx_word' id='word_1_367' title='bbox 161 4251 184 4312; x_wconf 81' lang='lat' dir='ltr'><strong>t)</strong></span> <span class='ocrx_word' id='word_1_368' title='bbox 201 4249 238 4304; x_wconf 82' lang='lat' dir='ltr'><strong>al.</strong></span> <span class='ocrx_word' id='word_1_369' title='bbox 254 4266 312 4302; x_wconf 84' lang='lat' dir='ltr'><strong>mss.</strong></span> <span class='ocrx_word' id='word_1_370' title='bbox 333 4261 405 4302; x_wconf 68' lang='lat' dir='ltr'><strong>earet.</strong></span> <span class='ocrx_word' id='word_1_371' title='bbox 798 4246 914 4316; x_wconf 78' lang='lat' dir='ltr'><strong>nioiper</strong></span> <span class='ocrx_word' id='word_1_372' title='bbox 929 4245 1253 4305; x_wconf 74' lang='lat' dir='ltr'><strong>diversaloeehebeeat.</strong></span> 
     </span>
    </p>
   </div>
   <div class='ocr_carea' id='block_1_12' title="bbox 910 4350 958 4418">
    <p class='ocr_par' dir='ltr' id='par_1_13' title="bbox 910 4350 958 4418">
     <span class='ocr_line' id='line_1_47' title="bbox 910 4350 958 4418; baseline 0 0"><span class='ocrx_word' id='word_1_373' title='bbox 910 4350 958 4418; x_wconf 79' lang='lat'><strong>27</strong></span> 
     </span>
    </p>
   </div>
   <div class='ocr_carea' id='block_1_13' title="bbox 0 0 1465 4986">
    <p class='ocr_par' dir='ltr' id='par_1_14' title="bbox 0 0 1465 4986">
     <span class='ocr_line' id='line_1_48' title="bbox 0 0 1465 4986; baseline 0 0"><span class='ocrx_word' id='word_1_374' title='bbox 0 0 1465 4986; x_wconf 95' lang='lat' dir='ltr'><strong> </strong></span> 
     </span>
    </p>
   </div>
  </div>
 </body>
</html>
