2910 4984
537 281 872 350 numerosarum
1192 260 1266 336 809

130 431 187 491 bat
206 427 327 508 absque
339 443 511 486 nonmusu·
521 419 927 508 EpiscoporumEcelesias
940 419 1018 483 dant
1031 424 1085 486 tel
1104 423 1266 488 auferunt.
1349 451 1351 458 ’

131 511 224 572 Unde
257 517 384 591 oportet
412 519 471 584 ut,
502 507 658 568 canonica
678 506 793 586 regula
827 514 974 582 servata,
1004 507 1115 569 nullus
1145 507 1266 588 absque

134 615 295 670 consensu
314 591 465 672 Episcopi
487 591 621 651 cuilibet
639 591 832 670 Presbytero
849 587 1029 648 Ecclesiam
1055 591 1119 652 det.
1161 591 1267 672 Quam

131 678 157 737 si
184 676 303 735 iniuste
321 675 454 754 adeptus
474 674 591 748 fuerit,
617 672 701 751 hanc
722 693 787 732 non
809 671 878 735 siue
893 670 989 754 culpa
1010 695 1068 734 sua
1090 693 1197 736 coram
1220 675 1267 736 E·

129 760 265 842 piscopo
281 760 438 818 canonica
455 756 623 817 severitate
639 755 773 815 amittat.

132 867 184 970 De.
203 889 345 960 Scottis,
368 888 423 970 atti
448 907 480 944 se
501 885 675 968 Episcopus
698 904 764 944 esse
787 881 917 955 dicunt,
944 891 984 942 vel
1010 881 1163 964 quosdam
1194 883 1268 948 abs·

319 990 377 1054 que
399 969 526 1028 licentia
548 967 747 1028 dominorum
769 987 896 1034 suetiam
918 965 1078 1026 ordinant.

188 1115 191 1122 ·
216 1074 319 1137 LXV.
362 1077 451 1135 Sunt
464 1073 497 1132 in
521 1073 712 1154 quibusdam
727 1071 806 1133 locis
824 1070 928 1132 Scotti
939 1115 948 1148 ,
971 1069 1077 1152 quise
1098 1071 1213 1136 dicunt
1227 1076 1269 1137 E·

132 1159 280 1244 piscopos
296 1179 381 1235 esse,
405 1167 437 1216 et
455 1157 573 1216 multos
597 1157 824 1238 neglegentes,
858 1154 977 1234 absque
1004 1153 1138 1215 licentia
1163 1158 1268 1218 domi·

134 1264 250 1301 norum
270 1261 400 1302 suorum
414 1241 480 1300 sive
496 1241 720 1321 magistrorum
728 1261 739 1310 ,⁴
763 1237 972 1320 Presbyteros
991 1238 1195 1302 et‘Diaconos
1210 1263 1277 1301 or-‘

135 1325 257 1383 alinant.
280 1381 281 1385 ,
301 1325 447 1398 Quorum
470 1322 729 1396 ordinationem,
762 1320 838 1402 quia
856 1321 1038 1402 plerunque
1057 1320 1094 1379 in·
1118 1323 1279 1384 simonia-⁴

135 1429 203 1466 cam
232 1405 346 1466 incidit
375 1406 564 1481 haeresem,
587 1415 619 1465 et
652 1403 947 1465 multisverroribus
975 1401 1141 1482 subiacet,
1165 1405 1278 1466 modis·

65 1553 69 1560 ,
137 1489 285 1550 omnibus
305 1488 428 1548 irritam
443 1487 521 1574 fiere
543 1489 661 1549 debere
676 1508 867 1548 omnesaue
885 1506 1045 1547 consensu
1058 1486 1268 1550 decrevimus.

510 1595 559 1654 De
581 1594 748 1654 Monaeltis
768 1593 884 1652 Leiria.

219 1699 338 1762 LXVI.
381 1701 415 1762 si
455 1699 632 1762 Monachus
665 1699 781 1760 Laicus
804 1700 906 1762 faetus
935 1699 1050 1780 fuerit,
1082 1699 1207 1763 honore
1236 1712 1270 1764 et

136 1784 268 1866 cingulo
289 1785 490 1867 expolietur,
513 1792 545 1844 et
558 1804 608 1843 res
632 1782 700 1842 eius
723 1784 916 1844 monasterio
931 1783 1122 1848 adiciantur.
1171 1787 1270 1862 Quod

136 1869 161 1927 si
179 1868 384 1928 monasticam
400 1868 498 1928 sitam
515 1867 703 1946 reliquerit,
724 1863 856 1926 Praeses
878 1865 1062 1948 provinciae
1074 1887 1158 1943 eum
1181 1877 1271 1930 tene·

136 1959 188 2029 at,
213 1958 243 2008 et
261 1958 403 2010 taxeotas
414 1950 465 2012 vel
482 1949 589 2009 curiae
610 1970 685 2010 suae
707 1957 929 2010 connumeret.
973 1949 1012 2010 V.
1027 1950 1098 2012 381.

203 2057 254 2116 De
276 2057 324 2116 lais
346 2057 454 2138 quiin
478 2055 582 2114 Coena
605 2055 738 2114 Domini
758 2045 991 2114 Eucharistiam
1013 2056 1188 2134 neglegunt.

156 2190 160 2196 ·
217 2161 356 2222 LXVII.
398 2163 553 2239 lacaena
578 2161 709 2220 Domini
741 2159 759 2219 a
795 2160 987 2242 quibusdam
1011 2161 1179 2244 perceptio
1200 2161 1270 2223 Eu-

138 2243 510 2327 charistiaeneglegitur.
553 2245 643 2320 Quae
663 2243 815 2324 quoniam
832 2243 865 2301 in
892 2244 1003 2304 eadent
1030 2243 1082 2304 die
1098 2246 1137 2302 ab
1165 2245 1271 2305 omni-

137 2327 197 2386 bus
219 2327 385 2406 fidelibus,
409 2325 551 2408 exeeptis
565 2327 614 2386 bis
634 2327 826 2408 quibus'pro
848 2326 996 2406 gravibus
1014 2326 1202 2387 criminibus
1221 2326 1269 2386 in-

139 2409 277 2468 bibitum
295 2419 365 2488 est,
386 2409 594 2492 percipienda
616 2409 672 2486 s'it,
694 2408 927 2469 ecclesiasticus
955 2431 1031 2470 usus
1057 2409 1272 2480 demonstrata

140 2513 212 2552 curn
231 2493 325 2552 etiam
343 2493 545 2576 poenitentes
566 2492 678 2553 eadem
694 2492 746 2552 die
762 2491 803 2552 ad
829 2490 1040 2575 percipienda
1071 2491 1215 2578 corporis
1238 2499 1271 2554 et

137 2576 302 2658 sanguinis
316 2576 469 2644 dominici
488 2585 684 2636 sacramenta
699 2574 899 2636 reconciliat.

180 2705 276 2792 Quod
295 2706 417 2791 infirmi
437 2719 468 2766 et
497 2705 616 2788 aegroti
643 2705 711 2765 oleo
734 2702 895 2764 benedicto
914 2703 1137 2789 perunguendi
1157 2705 1230 2770 siut.

218 2811 376 2874 LXVIII.
421 2813 607 2873 Secundum
624 2810 710 2871 beati
731 2809 839 2870 Iacchi
859 2810 1006 2891 Apostoli
1028 2811 1269 2890 documentum,

137 2897 191 2956 eui
214 2895 312 2955 etiam
334 2897 462 2970 decreta
482 2898 613 2957 Petrum
630 2903 823 2972 consonant,
846 2892 965 2954 infirmi
994 2894 1084 2974 oleo,
1113 2894 1201 2976 quod
1231 2894 1271 2954 ab

136 2978 305 3058 Episcopis
324 2977 549 3056 benedicitur,
572 2976 804 3058 aPresbyteris
820 2978 899 3058 ungi
925 2977 1053 3038 debent.¹
1102 2979 1156 3039 Sic
1184 2977 1271 3037 enim

137 3060 183 3117 ait
197 3057 394 3140 :Infirmatur
412 3061 574 3142 aliquisita
591 3060 699 3120 robis?
721 3059 851 3120 inducat
867 3061 1076 3137 Presbyteros
1094 3058 1269 3131 Ecclesiae,

138 3154 170 3200 et
187 3153 278 3202 orent
293 3162 493 3226 supereum,
517 3154 686 3220 unguentes
700 3162 770 3200 eum
786 3142 855 3203 oleo
873 3145 906 3202 in
926 3145 1049 3202 nentina
1064 3143 1195 3203 Domini
1204 3167 1217 3212 ,·
1240 3155 1281 3202 et·

137 3225 241 3284 oratio
250 3221 341 3305 fidei
359 3224 496 3286 salvabit
512 3224 693 3309 infirmum,
716 3237 746 3284 et
766 3224 918 3286 allevabit
939 3246 1009 3284 eum
1034 3225 1199 3284 Dominus.
1226 3225 1270 3287 Et

137 3308 214 3365 siin
235 3310 374 3386 peccatis
400 3312 461 3381 sit,
485 3305 682 3367 dimittentur
713 3309 752 3366 ei.
795 3308 867 3368 Non
893 3317 941 3368 est
962 3306 1071 3388 itaque
1094 3307 1270 3392 parvipen-

138 3389 243 3448 denda
258 3388 482 3451 huiuscemodi
501 3390 679 3468 medicina,
701 3407 785 3472 quae
817 3390 941 3452 animae
968 3390 1177 3474 corporisque
1201 3413 1271 3454 me-

138 3472 234 3533 detur
253 3473 472 3555 languoribus.

300 3582 349 3640 De
371 3580 552 3664 spontanei
568 3601 686 3664 sponsa
702 3582 736 3641 in
753 3580 943 3640 monasterio
956 3581 1107 3661 ingressa.

218 3686 342 3749 LXIX.
385 3687 418 3749 Si
437 3708 571 3769 sponsus
591 3687 643 3748 rel
656 3707 771 3768 sponsa
793 3685 963 3748 intraverit
983 3687 1018 3747 in
1041 3689 1273 3752 monasterium

136 3768 280 3915 iddifflpod
300 3769 468 3882 arrharum
484 3770 617 3832 nomine
636 3771 746 3832 datum
765 3778 822 3848 est,
840 3769 874 3830 in
894 3771 1047 3863 simplum
1060 3781 1186 3877 tantum
1203 3774 1275 3838 red·

300 3961 351 4020 De
372 3959 450 4021 locis
472 3959 639 4044 inquibus
660 3958 780 4020 Missae
802 3959 1009 4022 celebrandae
1026 3975 1108 4025 sunt.

197 4093 201 4102 ·
219 4047 326 4129 LXX.
368 4069 406 4127 In
422 4068 539 4148 quibus
559 4064 642 4127 loeis
660 4075 693 4126 et
704 4087 768 4210 spuo
791 4077 945 4150 apparatu
963 4069 1132 4133 Missarum
1155 4069 1272 4136 solem·

135 4147 272 4231 nitate's,
295 4151 438 4233 exceptis
460 4150 624 4228 basilicis,
642 4150 712 4211 cele
736 4150 799 4210 rari
820 4151 978 4229 debeant,
1001 4161 1035 4214 et
1054 4164 1162 4216 utrum
1186 4157 1273 4218 eele-

135 4231 221 4294 brari
244 4233 385 4296 debeant
393 4263 407 4312 ,·
422 4233 619 4297 'inconcilio
634 4233 824 4297 Laodicensi
844 4233 887 4296 ita
904 4235 1074 4300 scribitur:
1099 4239 1196 4324 Quod
1209 4235 1272 4302 noa
