2948 4990
545 293 670 360 crosa
696 299 841 358 sexsus
1178 283 1250 356 625

119 441 380 527 mulieribusque
396 442 678 526 respondentibus,
700 443 763 502 alta
782 461 861 504 voce
879 461 994 506 canera
1018 439 1169 504 studeint
1189 462 1250 526 pro

119 527 193 587 eins
214 527 330 586 anima.
370 527 413 586 Et
429 547 526 608 super
538 531 656 586 'eorum
671 525 812 585 tumulos
834 545 895 584 nec
911 523 1104 586 manducare
1128 545 1188 586 neo
1203 525 1253 585 bi·
1336 539 1338 543 '

118 609 199 700 bere
221 617 440 705 praesumant.
483 608 580 688 Quod
605 608 631 670 si
653 606 810 686 fecerint,
843 605 1031 668 senonicam
1057 606 1265 698 senten-tiam¹
1306 641 1309 646 ·

121 701 297 774 accipiant.

125 795 168 882 Ut
183 819 247 882 pro
273 795 429 880 defunctis
451 798 621 860 amicorum
633 810 778 881 parentes
808 815 916 856 eorum
942 795 1073 876 triginta
1094 793 1163 857 dies
1189 793 1251 858 ad-

546 881 676 964 implere
695 879 830 962 faciant.

205 979 392 1048 CXCVIII.
434 984 563 1048 Fideles
584 1007 641 1067 pro
656 985 817 1046 defunctis
832 983 1006 1044 amicorum
1017 993 1049 1047 et
1065 985 1253 1068 parentibus

120 1088 237 1128 eorum
258 1066 380 1128 ieiunia
393 1077 426 1130 et
441 1067 620 1130 oblationes
641 1068 774 1150 triginta
792 1067 858 1127 dies
874 1066 1049 1149 adimplere
1064 1068 1194 1146 iaciant,
1221 1079 1254 1130 et

119 1159 285 1210 mortuum
302 1172 398 1230 super
415 1162 577 1212 mortuum
598 1173 663 1211 nou
681 1158 822 1234 ponant,
846 1170 905 1210 nec
929 1171 997 1210 ossa
1024 1149 1253 1212 defunctorum
1332 1205 1335 1210 .

119 1253 219 1316 super
237 1241 355 1292 terram
371 1233 541 1296 dimittant.
564 1291 567 1296 ,
584 1234 680 1312 Quod
699 1232 724 1295 si
748 1230 904 1309 fecerint,
927 1231 1250 1298 canonicaesenten-

119 1315 183 1375 tiae
204 1315 401 1375 subiaceant.
476 1373 478 1384 ,

139 1423 191 1482 De
207 1423 259 1481 bis
279 1442 357 1503 quos
382 1421 557 1509 Episcopus
582 1436 636 1484 aut
656 1421 812 1484 Sacerdos
838 1420 1168 1494 eocoommunicavcrit,
1191 1441 1231 1484 uo

493 1525 546 1567 eos
557 1504 682 1589 fideles
706 1506 868 1588 recipiant.

203 1607 356 1670 CXCIX.
398 1609 525 1671 Placuit
543 1621 578 1670 ut
597 1609 707 1670 fideles
723 1631 776 1670 eos
791 1629 870 1689 quos
878 1606 1054 1690 Episcopus
1072 1607 1253 1670 autSacer·

118 1692 193 1770 doS,
215 1701 351 1773 propter
370 1714 482 1752 eorum
503 1702 633 1773 peccata
649 1690 985 1766 excommunicaverit,
1007 1710 1072 1750 non
1087 1689 1251 1772 recipiant

117 1784 292 1856 antequam
310 1775 542 1864 poenitentiam
559 1775 718 1856 accipiant
735 1784 767 1835 et
788 1774 828 1833 ad
850 1771 1086 1833 confessionem
1107 1773 1251 1838 veniant.

144 1877 186 1940 Ut
204 1879 311 1940 mallus
330 1880 501 1959 Presbyter
514 1901 599 1940 suam
622 1879 796 1940 Ecclesiam
820 1880 886 1938 siae
908 1896 1061 1954 consensu
1079 1875 1233 1960 Episcopi
1261 1913 1263 1922 κ

544 1963 595 2022 sui
611 1961 816 2047 derelinquat.
1208 1981 1210 1990 ’

203 2065 272 2130 CC.
315 2067 548 2149 compellimur
566 2077 680 2128 statuta
703 2065 872 2126 Canonum
895 2072 927 2126 et
949 2064 982 2125 in
1012 2062 1075 2126 boo
1098 2086 1250 2147 servare,

119 2159 156 2210 nt
177 2152 291 2212 nullus
307 2151 478 2234 Presbyter
498 2150 651 2211 creditam
667 2148 727 2208 sibi
748 2148 915 2209 ecclesiam
931 2147 1000 2208 sine
1018 2167 1178 2212 consensu
1198 2152 1252 2216 sul

118 2233 274 2316 Episcopi
292 2234 506 2316 derelinquat,
528 2233 745 2312 et}1.aicorum
761 2229 909 2292 suasione
929 2230 970 2290 ad
985 2228 1081 2290 aliam
1099 2240 1249 2301 transeat.

164 2338 207 2400 Ut
227 2360 320 2400 sacra
336 2341 484 2418 mysteria
511 2337 616 2399 aulicas
638 2337 826 2414 Presbyter,
856 2337 920 2396 nisi
945 2339 978 2398 in
1005 2337 1075 2398 loco
1096 2356 1209 2398 corase-

579 2434 684 2498 crato,
707 2431 786 2498 agat.

203 2501 290 2565 CCI.
332 2505 376 2564 Ut
391 2502 501 2566 nullus
524 2503 697 2586 Presbyter
712 2524 800 2564 sacra
822 2499 992 2584 mysteria,
1016 2499 1078 2562 nisi
1109 2499 1143 2564 in
1168 2500 1260 2566 locis.

119 2585 158 2644 ab
177 2585 341 2668 Episcopo
358 2586 571 2663 consecratis,
593 2605 686 2667 agere
705 2593 909 2667 praesumat..

118 2691 165 2752 Ne
184 2689 278 2753 aliud
297 2691 395 2752 altare
419 2694 451 2751 in
467 2689 610 2752 Ecclesia
628 2689 820 2763 consecrata,
839 2690 902 2749 nisi
920 2685 1008 2771 quod
1026 2687 1065 2749 ab
1088 2687 1247 2774 Episcopo

317 2788 530 2835 consecratum
544 2787 602 2847 est,
620 2774 734 2856 aliquis
752 2772 922 2848 Presbyter
940 2771 1049 2850 erigat,
1113 2775 1115 2778 ’

201 2877 307 2941 CCII.
348 2883 392 2940 Ut
409 2878 519 2939 nullus
535 2877 708 2961 Presbyter
734 2875 767 2934 in
783 2875 926 2938 Ecclesia
951 2886 1136 2938 consecrata
1157 2877 1248 2940 aliud

120 2960 218 3022 altare
240 2961 341 3043 erigat
362 2961 423 3022 nisi
438 2961 527 3041 quod
553 2961 591 3020 ab
615 2960 773 3043 Episcopo
800 2957 1031 3020 sanctificatum
1057 2969 1122 3039 est,
1144 2969 1180 3021 ut
1206 2960 1247 3024 sit

121 3042 273 3104 discretio
298 3046 385 3104 inter
399 3055 557 3107 sacratum
574 3053 607 3105 et
625 3063 691 3103 non
714 3049 882 3102 sacratum.

163 3149 206 3210 Ut
220 3149 408 3235 Episcopus,
421 3132 591 3226 Presbyter
611 3148 826 3290 etbliiacoaus,
839 3165 902 3206 non
916 3148 980 3211 sint
998 3150 1152 3212 aleatores
1175 3163 1207 3214 ct

617 3250 634 3289 e
656 3249 745 3290 raosa.
925 3241 929 3256 '

200 3334 321 3400 CCIII.
363 3335 459 3414 Quod
473 3334 669 3416 Episcopus,
691 3331 878 3416 Presbyter,
900 3323 1106 3400 etDiaoontis
1125 3337 1246 3400 aleator

121 3425 153 3476 et
168 3419 275 3480 ebrius
289 3421 356 3479 esse
377 3441 441 3479 non
460 3417 583 3486 debeat.
626 3414 782 3479 Similiter
803 3415 922 3476 Clerici
939 3426 970 3476 et
985 3418 1093 3499 Laici,
1123 3421 1148 3485 si
1167 3443 1244 3505 per-

120 3501 294 3562 manserint
314 3501 347 3560 in
366 3501 458 3594 alea,
487 3500 713 3561 communione
739 3499 919 3581 priventur.

370 3604 411 3668 Ut
423 3627 512 3667 nemo
533 3606 724 3667 Clericorum
741 3625 852 3665 usuras
876 3607 1019 3691 accipiat.
1098 3671 1101 3682 ,

201 3713 317 3780 CCIV.
359 3713 522 3791 Quoniam
542 3711 718 3773 venerandi
737 3727 876 3774 canones
899 3721 932 3772 et
956 3699 1066 3774 tlibina
1094 3713 1245 3796 prohibet

120 3798 289 3858 auotoritas
305 3818 414 3858 usuras
430 3796 592 3878 accipere,
614 3795 687 3856 ideo
704 3794 814 3854 nullus
830 3794 891 3854 hoc
911 3795 1113 3856 Clericorum
1137 3797 1243 3860 facere

118 3890 307 3958 praesumat,
331 3889 379 3957 et,
403 3879 436 3939 in
459 3888 615 3960 quantum
628 3878 808 3961 potuerint,
831 3876 934 3938 Laicis
955 3887 1063 3938 uetare
1084 3878 1244 3940 studeant.

162 3993 204 4054 Ut
224 3995 308 4058 diem
331 3995 544 4067 dominicum,
572 3997 606 4055 ia
627 4015 688 4077 quo
716 3993 870 4054 Dominus
902 3993 1064 4066 sarremt,
1087 3996 1192 4054 cuncti

505 4077 722 4140 venerabiliter
738 4075 852 4139 colant.

151 4165 154 4167 ’
199 4157 297 4224 CCV.
338 4161 466 4224 Placuit
481 4170 517 4221 ut
533 4160 645 4221 fideles
665 4159 752 4219 diem
778 4155 991 4233 dominicum,
1014 4156 1048 4216 in
1080 4177 1145 4238 quo
1173 4157 1243 4218 Do·

118 4235 221 4306 minus
235 4245 428 4323 resurrexit,
451 4264 562 4306 omnes
575 4240 806 4309 venerabiliter
824 4239 941 4305 colant.
982 4240 1060 4302 Nam
1074 4240 1101 4301 si
1121 4241 1242 4324 Pagani
1296 4299 1297 4304 ,

853 4353 903 4427 40
