2910 4986
178 301 250 384 476
279 351 281 358 -
583 327 869 400 carnuntum-ru

176 465 283 544 faciat,
325 466 421 544 Quod
438 468 463 527 sl
480 489 633 551 unapars
654 470 683 536 ei
698 470 810 532 adhoc
833 472 1014 546 conseutlre
1030 473 1181 553 uoluerit,
1203 473 1238 537 id
1251 486 1316 555 est,

177 558 233 609 eut
251 549 308 609 ille
330 549 386 630 qui
406 549 616 629 homicidium
633 553 809 632 commisit,
834 565 889 615 aut
912 556 937 616 is
969 556 1027 636 qui
1046 556 1309 638 compositionem

175 631 340 712 suscipere
357 632 469 712 dehet,
488 633 585 694 faciat
606 635 699 694 illum
720 637 832 698 Comes
850 638 908 720 qui
926 638 956 700 ei
971 649 1142 700 contumax
1155 640 1255 701 fuerit
1269 642 1310 712 ad

178 713 394 796 praesentiam
412 727 553 778 nostram
567 719 701 795 venire,
723 729 758 779 ut
781 739 855 780 eum
879 721 919 800 ad
944 731 1069 804 tempus
1099 721 1186 803 quod
1216 725 1308 791 nobis

175 796 336 878 placuerit
359 797 548 861 inexilium
571 801 749 878 mittamus,
772 803 875 863 donee
897 802 942 864 ibi
968 805 1158 888 castigetur,
1181 813 1218 863 ut
1242 809 1306 868 Co-

175 877 245 936 miti
268 901 325 939 suo
341 880 531 944 inobediens
549 905 615 945 esse
625 883 760 945 ulterius
780 905 844 944 non
857 885 982 964 audeat,
993 897 1025 948 et
1040 888 1141 948 maius
1157 883 1309 950 damnum

176 959 252 1024 inde
272 983 338 1034 noo
358 963 529 1031 adcrescat.
571 963 691 1028 Ibide.
707 969 752 1040 13.

293 1078 296 1095 =
435 1051 489 1110 De
504 1049 738 1127 Samamentis,
759 1048 814 1111 uhi
827 1051 963 1112 iuranda
982 1057 1054 1128 sint.

260 1125 422 1190 XXVIII.
465 1132 526 1196 Ubi
544 1132 719 1213 antiquitus
743 1137 942 1208 consuetudo
962 1137 1023 1212 fuit
1039 1138 1077 1197 de
1093 1127 1246 1198 libertate
1261 1157 1309 1212 sa-

177 1221 339 1274 eramenta
359 1211 537 1276 adrhamire
552 1213 606 1275 vel
629 1214 776 1296 (iurare,
805 1217 849 1277 ibi
873 1218 1005 1278 mallum
1025 1222 1055 1295 h)
1071 1218 1244 1293 habeatur,
1275 1227 1309 1277 et

175 1295 221 1356 ibi
246 1305 443 1358 sacramenta
470 1296 628 1359 iurentur.
692 1299 808 1359 Mallus
838 1308 942 1360 tamen
971 1323 1077 1382 neque
1101 1301 1134 1359 in
1159 1299 1306 1360 Ecclesia

176 1397 284 1472 neque
301 1375 334 1436 in
347 1378 429 1438 atrio
451 1380 521 1440 eius
535 1379 697 1442 habeatur.
741 1381 868 1442 Minora
886 1404 963 1443 vero
981 1383 1099 1466 placita
1119 1386 1245 1457 Comes,
1262 1383 1307 1443 si-

177 1483 215 1521 ve
237 1468 321 1519 mtra
343 1483 431 1526 suam
448 1472 648 1545 potestatem,
669 1461 720 1522 ve'l
741 1463 796 1522 ubi
814 1464 983 1545 impetrare
1004 1467 1158 1547 potuerit,
1180 1464 1306 1544 haheat,

174 1542 334 1622 Volumus
355 1545 467 1627 utique
492 1556 527 1604 ut
542 1547 654 1606 domus
674 1546 690 1604 al
709 1546 834 1606 Comite
852 1547 885 1606 in
908 1547 981 1608 loco
995 1548 1051 1608 ubi
1067 1547 1200 1608 mallum
1218 1557 1311 1608 tene-

166 1647 210 1685 re
231 1623 343 1702 debet,
367 1628 622 1702 constituantur,
650 1637 686 1686 ut
703 1638 836 1710 propter.
855 1630 996 1696 calorem
1016 1630 1091 1691 solis
1112 1639 1144 1690 et
1161 1629 1306 1714 pluviam

175 1707 307 1789 publica
332 1709 454 1771 utilitas
475 1733 540 1770 non
563 1719 735 1771 remaneat.
778 1710 897 1772 Ibida.
912 1713 956 1787 14.

404 1796 460 1855 De
478 1795 525 1852 his
547 1795 603 1876 qui
622 1793 662 1853 de
674 1791 768 1871 furto
795 1797 932 1860 accusati
943 1792 1078 1872 suerint.

257 1873 375 1940 XXIX,
416 1875 451 1935 Si
461 1875 545 1935 liber
554 1877 649 1936 homo
659 1876 698 1936 de
712 1876 798 1936 furto
815 1887 981 1942 accusatus
996 1877 1154 1948 suerit,'et
1172 1897 1223 1938 res
1234 1897 1313 1959 pros.

174 1958 260 2036 prias
274 1955 436 2031 habuerit,
458 1959 492 2017 in
509 1959 606 2030 mallo
626 1959 666 2018 ad
683 1958 894 2040 praesentiam
917 1957 1049 2028 Comitis
1069 1981 1102 2020 se
1118 1959 1302 2020 adrhamiat.

174 2039 218 2101 Et
239 2040 266 2101 si
292 2060 343 2099 res
371 2061 436 2098 non
461 2040 578 2116 hahet,
603 2041 804 2115 fideiussores
827 2042 925 2101 donet
946 2041 1003 2124 qui
1018 2051 1098 2104 'eum
1124 2039 1302 2102 adrhamire

176 2133 209 2184 et
229 2123 262 2182 in
285 2121 440 2203 placitum
462 2123 578 2192 adduci
592 2125 718 2188 faciant.
760 2125 802 2184 Et
815 2123 910 2184 liceat
926 2125 955 2184 ei
971 2123 1072 2206 primii
1088 2125 1158 2186 viee
1178 2146 1237 2206 per
1258 2145 1310 2188 sa:

176 2213 374 2266 crementum
393 2225 426 2266 se
453 2207 630 2268 secundum
656 2206 761 2288 legem
787 2207 956 2283 idoneare,
978 2207 1004 2266 si
1022 2207 1173 2289 potuerit.
1214 2204 1257 2264 At
1276 2203 1305 2265 si

176 2289 236 2348 alia
253 2287 323 2348 rice
351 2288 415 2347 duo
442 2288 496 2348 vel
522 2297 587 2349 tres
610 2311 684 2350 eum
706 2289 745 2350 de
774 2291 862 2348 furto
890 2290 1132 2366 accusaverint,
1155 2289 1252 2348 liceat
1273 2285 1303 2346 ei

176 2381 287 2431 contra
307 2390 409 2438 unum
430 2392 470 2431 ex
488 2370 538 2432 his
556 2393 630 2431 cum
651 2380 740 2432 scuto
765 2381 797 2430 ct
816 2373 899 2432 fuste
918 2373 952 2430 in
970 2393 1081 2454 campo
1094 2369 1302 2433 contendere.

175 2453 272 2530 Quod
292 2451 318 2512 si
344 2473 453 2514 servus
473 2452 512 2520 de
537 2454 625 2514 furto
653 2463 818 2516 aecusatus
839 2455 956 2530 fuerit,
980 2455 1127 2516 dominus
1152 2453 1222 2514 eius
1243 2473 1302 2532 pro

174 2557 213 2596 eo
237 2534 402 2611 emendet,
432 2545 487 2596 aut
510 2558 583 2596 eum
606 2546 802 2597 sacramento
831 2545 979 2606 excuset;
1012 2537 1074 2602 nisi
1096 2539 1158 2596 tale
1178 2537 1307 2610 furtum·

64 2680 66 2686 ,
172 2617 528 2701 perpetratum‘haheat
543 2619 774 2703 propterquod
795 2619 835 2680 ad
859 2619 1053 2704 supplicium
1072 2617 1159 2694 tradi¹
1177 2616 1308 2700 debeat.¹

177 2699 261 2761 laid.
278 2721 306 2762 c.
331 2699 377 2762 15.

396 2783 452 2845 De
471 2783 618 2868 despectu
638 2785 815 2845 litterarum
836 2784 1075 2861 dominicarum.

255 2867 356 2934 XXX.
398 2867 431 2926 Si
446 2867 517 2962 uuis
533 2868 652 2928 litteras
668 2876 789 2928 nostras
803 2867 991 2948 dispexerit,
1004 2867 1038 2926 id
1052 2877 1111 2943 est,
1119 2867 1306 2938 tractoriam,

150 3001 154 3006 .
174 2971 256 3032 quae
276 2955 408 3032 propter
428 2951 540 3010 Missos
566 2951 769 3032 recipiendos
791 2949 957 3030 dirigitur,
988 2959 1043 3008 aut
1063 2949 1200 3010 honores
1219 2971 1299 3031 quos

173 3032 270 3093 habet
290 3031 422 3107 amittat,
441 3042 499 3092 aut
513 3034 546 3092 in
568 3055 606 3094 eo
635 3033 707 3093 loco
736 3031 791 3094 uhi
813 3030 994 3114 praedictos
1008 3031 1119 3092 Missos
1136 3030 1298 3112 suscipere

174 3115 296 3188 debuit,
312 3113 435 3183 tamdiu
449 3115 598 3193 resideat,
620 3125 651 3176 et
666 3115 706 3174 de
719 3113 784 3175 suis
807 3115 903 3174 rebus
926 3113 1103 3195 legationes
1130 3113 1207 3184 illue
1239 3133 1302 3176 ve·⁴

171 3195 302 3256 nientes
332 3197 483 3276 suscipiat
511 3219 678 3280 quousque
701 3200 808 3256 animo
828 3205 936 3256 nostro
956 3197 1152 3268 satisfactum
1173 3195 1300 3271 habeat·
1403 3205 1406 3208 ’

174 3277 240 3356 Qui
259 3299 338 3338 vero
352 3279 519 3358 epistolam
541 3292 680 3342 nostram
694 3301 889 3362 quocunque
904 3279 999 3339 modo
1016 3277 1202 3359 dispexerit,
1213 3277 1301 3337 iussu

118 3367 120 3378 ⁴
174 3369 282 3420 nostro
296 3361 334 3428 ad
352 3361 506 3440 palatium
523 3364 644 3440 veniat,
665 3372 697 3422 et
720 3363 810 3423 iuxta
832 3361 1032 3423 voluntatem
1057 3371 1196 3421 nostram
1220 3380 1305 3421 con·.

173 3463 284 3524 gruum
306 3442 459 3504 stultitiae
481 3467 557 3506 suae
575 3445 816 3527 castigationem
836 3442 978 3524 accipiat.
1017 3444 1096 3510 Etsi
1109 3443 1205 3502 homo
1219 3441 1303 3502 liber

173 3525 227 3586 vel
249 3524 467 3587 ministerialis
494 3529 626 3596 Comitis
648 3529 709 3588 hoe
743 3528 876 3604 fecerit,
908 3529 1066 3598 honorem
1085 3526 1307 3606 qualemcun-‚fl

172 3631 236 3690 que
253 3608 403 3669 habuerit
424 3609 493 3671 sive
510 3610 704 3671 beneficium
729 3610 861 3672 amittat.
918 3613 961 3671 Et
988 3610 1014 3670 si
1045 3629 1154 3670 servus
1181 3607 1303 3682 fuerit,

172 3693 277 3757 nudus
295 3692 335 3753 ad
352 3693 462 3773 palum
488 3693 629 3774 vapulet,
653 3703 684 3754 et
705 3701 801 3774 caput
823 3693 892 3752 eius
910 3691 1092 3753 tondeatur.
1114 3688 1238 3757 Ibide.
1256 3687 1301 3748 16·

387 3799 436 3858 De
457 3798 579 3866 iniustis
599 3798 729 3858 teloneis
747 3811 777 3857 et
799 3797 1082 3862 consuetudinibus·

255 3879 372 3944 XXXI,
413 3883 456 3940 Ut
464 3879 518 3940 ubi
532 3889 675 3962 tempore
684 3881 735 3940 avi
747 3881 847 3944 nostri
856 3880 975 3940 Domni
988 3879 1119 3964 Pippini
1131 3887 1305 3948 consuetu,

171 3962 211 4026 do
236 3964 299 4024 fuit
316 3963 484 4024 teloneum
505 3962 592 4038 dare,
618 3963 662 4022 ibi
681 3972 713 4023 et
728 3963 762 4022 in
778 3964 926 4024 futurum
939 3963 1048 4034 detur;
1072 3985 1146 4026 nam
1164 3963 1220 4022 ubi
1238 3983 1300 4034 no·

169 4049 254 4111 viter
276 4047 442 4129 inceptum
461 4055 519 4123 est,
542 4045 678 4106 ulterius
701 4065 766 4106 non
786 4054 906 4128 agatur.
948 4045 990 4106 Et
1011 4045 1067 4106 ubi
1084 4065 1214 4107 necesse
1231 4064 1298 4105 nou

203 4221 286 4288 lsJal.
301 4221 476 4345 limium,
496 4221 537 4272 ibi
553 4220 663 4281 scabini
680 4231 707 4280 et
730 4220 801 4292 legis
828 4219 952 4294 doctores
981 4222 1179 4288 conveniant,
1206 4231 1232 4274 ιι
1259 4218 1307 4282 itt

255 4310 298 4342 nza
324 4310 353 4343 ns
374 4303 424 4344 etc.
1222 4306 1225 4312 ’
