2948 4990
558 331 673 401 noun
702 331 864 401 ‘sextus
1195 319 1266 402 643

136 488 216 542 nem
239 479 309 544 eius
323 477 380 578 ⁸ali
426 478 453 543 is
476 479 579 578 faerit
598 483 814 568 praescriptas
837 484 891 549 rel
912 483 1268 570 interiectus,placnit
1312 499 1320 514 ‘

136 581 215 623 enm
238 582 301 624 aec
322 584 357 623 m
404 584 444 626 ne
467 583 614 649 accipere
641 567 909 630 communionem.
940 581 942 588 '

134 667 187 730 Ne
200 668 316 754 aliquis
335 668 521 756 Episcopus,
542 669 591 732 vei
610 670 747 752 inferior
756 674 886 754 gradus,
908 673 1068 736 dominico
1089 674 1141 736 die
1159 697 1266 758 quem·

174 773 183 779 ··
453 767 456 774 '
478 769 572 838 quum
592 755 734 817 iudicare
751 769 940 841 praesumat.

222 855 434 923 CCCXVIII.
475 861 519 922 Ut
539 860 649 938 nullus
670 861 848 947 Episcopus
864 863 916 924 vel
937 863 1009 946 quis
1034 863 1119 924 inira
1145 861 1267 947 positus

135 939 192 1004 die
213 940 375 1018 dominico
399 963 508 1005 causas
530 943 673 1005 iudicare
698 953 889 1027 praesumat.
930 946 1072 1009 Caeteris
1095 966 1171 1007 vero
1196 945 1267 1006 die-

133 1023 209 1102 bus,
230 1023 480 1088 conhibentibus
499 1027 659 1112 personis,
680 1027 738 1088 illa
759 1051 841 1110 quae
861 1029 941 1089 iusta
966 1040 1042 1092 sunt
1061 1027 1200 1090 habeant
1223 1029 1275 1094 li-,

135 1105 278 1169 centiam
300 1106 480 1187 iudicandi,
503 1119 638 1194 excepto
661 1111 823 1172 criminali
847 1111 986 1194 negotio.

157 1215 207 1274 De
222 1224 363 1297 potente,
384 1213 412 1273 si
428 1225 599 1299 pauperem
620 1217 842 1300 expoliaverit,
866 1230 896 1278 at
911 1237 973 1277 non
988 1215 1169 1281 reddiderit
1191 1218 1247 1280 ad

344 1309 485 1357 monente
507 1297 685 1384 Episcopo,
714 1312 749 1360 ut
769 1300 1064 1362 excommunicetur.

140 1383 143 1388 Δ
221 1395 394 1466 CCCXIX.
436 1403 470 1465 si
493 1404 566 1486 quis
592 1414 760 1488 potentum
784 1405 962 1488 quemlibet
987 1405 1213 1488 expoliaverit,
1235 1419 1268 1472 et

136 1483 332 1570 admonente
352 1483 513 1570 Episcopo
535 1507 600 1548 non
619 1487 815 1570 reddiderit,
838 1489 1143 1568 excommunicetur.

140 1592 185 1657 Ut
207 1592 312 1655 nullus
333 1591 471 1654 Clericus
498 1593 537 1655 ab
556 1594 714 1738 Episcopo
736 1617 793 1657 suo
809 1577 955 1659 recedere
977 1609 1204 1680 praesumeret
1223 1597 1268 1658 ad

568 1680 665 1740 aium
691 1680 835 1742 transire.

143 1739 147 1744 ἡ
222 1777 384 1846 CCCXX.
427 1786 470 1846 Ut
488 1785 598 1848 nullus
618 1785 764 1848 Clericus
786 1786 825 1849 ab
850 1785 1011 1871 Episcopo
1036 1807 1094 1850 suo
1118 1788 1265 1866 recedat,

138 1873 173 1926 et
194 1863 234 1926 ad
255 1863 355 1926 alium
376 1889 409 1929 se
432 1870 611 1932 transferat.

143 1971 186 2033 Ut
200 1971 316 2032 Clerici
327 1975 383 2056 qui
398 1994 487 2034 arma
497 1977 785 2060 praesumpserint,
810 1980 844 2038 in
862 1979 1085 2064 monesterium,
1100 1975 1144 2036 ad
1170 1997 1265 2056 egen-
1325 2015 1326 2024 t

439 2055 512 2118 dum
537 2060 761 2141 poenitentiam
784 2060 959 2123 tradantur.

222 2159 399 2228 cccxxi.
440 2167 482 2225 Ut
503 2165 623 2230 Clerici
648 2167 760 2250 quiin
787 2187 980 2250 quacunque
1003 2165 1161 2227 seditione
1180 2186 1267 2224 arma

136 2244 285 2306 volentes
304 2249 586 2329 praesumpserint,
607 2251 740 2334 reperti,
762 2250 877 2313 amisso
895 2249 1017 2313 ordinis
1033 2250 1084 2309 sni
1106 2249 1216 2330 gradu,
1231 2247 1263 2306 in

136 2327 333 2388 monasterio
354 2330 574 2410 poenitentiae
596 2333 835 2396 contradantur.

162 2426 205 2496 Ul
230 2434 334 2494 nuilus
356 2435 472 2516 Regum
498 2439 588 2500 huius
611 2437 746 2504 Cononis
762 2460 923 2501 censuram
945 2440 979 2500 in
1002 2439 1108 2529 aliquo
1127 2437 1246 2498 uiolari
1287 2447 1291 2458 ’

340 2541 342 2545 ·
622 2523 794 2607 permittet.

219 2620 408 2688 CCCXXH
460 2629 563 2691 Huius
591 2627 828 2692 constitutionis
848 2629 950 2690 forma
974 2634 1130 2704 servetur,
1152 2634 1189 2685 nt
1209 2644 1266 2684 ex·

137 2709 330 2770 secrandnm
357 2712 525 2774 anathema
549 2712 620 2793 fiat,
655 2721 688 2776 et
715 2711 807 2775 velut
829 2709 1067 2794 praevaricator
1090 2707 1266 2771 catholicae
1336 2721 1342 2732 ¹

136 2791 213 2871 fidei
238 2813 365 2874 semper
391 2795 408 2854 b
430 2794 569 2858 Domino
594 2817 670 2864 rens
693 2794 836 2871 exsistat,
858 2792 1047 2874 quicunque
1069 2794 1194 2875 Regum
1214 2789 1268 2849 de-

136 2875 249 2956 inceps
270 2876 401 2936 canonis
423 2878 520 2940 huius
542 2895 716 2941 censuram
734 2875 768 2936 in
797 2895 993 2960 quocunque
1019 2872 1193 2936 crediderit
1213 2878 1267 2930 aut

136 2958 338 3041 permisserit
358 2959 553 3022 violandam.

139 3097 143 3106 ·
183 3064 225 3126 Ut
246 3067 454 3150 unusquisque
470 3067 601 3128 alterins
622 3067 724 3128 ruinis
742 3075 916 3136 succurrat,
939 3074 971 3124 et
991 3064 1073 3123 irum
1093 3065 1157 3123 Dei
1168 3080 1228 3146 per

388 3170 475 3209 suam
496 3151 740 3234 compassionem
759 3149 778 3208 ie
797 3168 830 3208 se
851 3157 1020 3208 removent.

223 3253 427 3318 cccxxsst.
471 3257 650 3319 Occurrere
665 3265 752 3318 certe
769 3253 960 3316 miserorum
970 3250 1074 3314 ruinis
1088 3249 1184 3312 debet
1197 3249 1269 3310 sub·

139 3336 225 3400 sidio
245 3341 471 3422 unusquisque
489 3361 554 3422 quo
578 3338 682 3416 valet,
705 3348 737 3399 et
761 3359 801 3398 ex
826 3335 1025 3399 relevatione
1045 3334 1168 3394 alienae
1192 3333 1268 3395 uin-

140 3421 245 3482 dictae
280 3423 445 3484 dse'Dei
471 3433 638 3484 removere
672 3420 856 3484 vindictam·
905 3419 998 3479 Libat
1023 3417 1109 3478 enim
1128 3417 1268 3478 Domino

138 3523 293 3587 prospera
315 3505 370 3586 qni
393 3506 432 3566 ab
454 3505 580 3567 afflictis
606 3503 703 3587 pellit
722 3503 861 3564 adversa.

142 3655 144 3666 .
162 3611 259 3694 Quod
279 3612 351 3673 Lex
371 3633 463 3694 quam
482 3614 552 3672 Rex
566 3613 621 3693 qni
637 3611 730 3694 prior
740 3607 822 3687 fuit,
841 3609 990 3680 instituit,
1011 3608 1049 3670 ub
1070 3607 1127 3667 illo
1147 3606 1202 3688 qui
1221 3604 1251 3662 ei

359 3695 543 3756 antecesserit
563 3694 637 3778 pari
656 3692 809 3751 cernentia
829 3691 978 3752 roborata
1002 3694 1052 3751 sit.

223 3799 432 3863 cccxxiv,
473 3803 591 3883 Legem
616 3819 712 3880 quam
733 3807 843 3858 noster
865 3796 967 3858 edidit
991 3797 1146 3876 Princeps
1166 3791 1272 3854 stabili

140 3883 258 3946 robore
281 3884 454 3962 firmamus,
478 3893 574 3964 atque
596 3888 633 3942 ut
655 3881 774 3941 futuris
798 3878 997 3963 temporibus
1019 3879 1206 3942 observetur
1222 3895 1275 3956 pa·

140 3968 170 4058 ri
191 3967 352 4028 sententia
373 3966 554 4028 delinimus.
1213 3975 1222 3990 ⁸

222 4073 265 4137 Ut
284 4074 317 4131 in
343 4072 582 4156 metropolitane
600 4066 673 4128 sede
690 4068 736 4129 nd
754 4067 917 4146 Synodum
935 4049 1087 4149 egendum
1109 4083 1214 4128 omnes

499 4148 673 4235 Pontifices
698 4151 912 4232 conserantur.

228 4256 424 4327 CCCXXV.
466 4253 594 4322 Placuit
630 4253 765 4318 definire
800 4261 835 4317 ut
856 4252 998 4342 paternis
1021 4254 1277 4342 institutionibus

324 4469 327 4477 ¹
416 4459 422 4485 i

422 4490 432 4519 b

440 4535 444 4553 t
