2926 4984
188 256 262 338 512
596 243 892 344 esrrruusnrua

189 424 224 481 et
241 424 317 477 ente
334 412 606 502 Rachinhurgios,
634 429 666 481 et
684 418 746 482 hoc
762 419 922 482 sustinere
942 417 1086 482 noluerit
1100 417 1189 503 quod
1204 417 1267 502 ipsi
1287 416 1339 482 le·

193 499 303 584 gitime
328 499 555 576 iudicaverint,
578 502 603 563 si
620 525 678 584 pro
691 503 758 564 istis
773 503 876 564 causis
896 503 935 563 ad
951 503 1107 586 palatium
1123 503 1264 577 venerit,
1283 521 1336 562 va·

190 583 334 668 puletur.
377 586 420 644 Et
439 583 465 644 si
485 585 587 646 maior
604 607 740 670 persona
761 597 818 665 est,
841 586 947 669 legem
969 587 1088 650 exinde
1108 586 1212 647 saciat.
1246 582 1333 648 lbid.

197 688 224 728 c.
247 687 276 748 9.
293 680 323 726 rt
337 688 363 732 c.
378 688 428 748 29.

217 773 266 833 De
281 775 501 834 ecclesiasticis
514 776 595 834 viris
610 777 666 860 qui
681 797 714 836 se
727 777 932 837 reclamantes
950 776 995 837 od
1006 777 1160 860 palatium
1174 775 1315 834 ueniant.

275 879 378 939 xvu,
422 879 454 940 Si
492 881 698 942 ecclesiastici
730 881 790 942 viri
821 883 861 943 ad
890 883 1044 964 palatium
1058 882 1208 944 venerint
1227 881 1266 941 de
1285 901 1336 942 eo·

190 984 262 1023 rum
284 963 386 1024 causis
409 985 442 1024 se
459 964 645 1040 reclamare,
669 964 729 1026 nisi
745 987 842 1047 super
863 988 974 1026 eorum
996 967 1143 1043 seniore,
1165 963 1333 1044 vapulent,

192 1045 254 1105 nisi
281 1046 399 1188 S3enior
414 1069 490 1112 suus
516 1068 570 1108 eos
594 1068 653 1130 pro
674 1069 767 1110 causa
794 1070 849 1109 sua
867 1048 1090 1112 transmiserit.
1134 1049 1220 1111 Ibid.
1242 1061 1269 1111 θ’.
1289 1067 1333 1113 10.

193 1140 224 1188 et
245 1149 271 1188 c.
314 1149 343 1188 o.

192 1235 239 1296 De
257 1236 389 1295 audiere
411 1253 489 1320 quoe
508 1236 574 1296 siae
588 1236 715 1296 licentia
743 1239 802 1297 viri
825 1240 876 1298 sai
898 1238 1004 1298 velum
1022 1239 1055 1297 ia
1074 1251 1167 1322 caput
1180 1237 1312 1298 miserit.

274 1341 393 1401 XVlll.
436 1340 554 1402 Mulier
584 1341 610 1402 si
640 1341 710 1402 sine
737 1343 873 1404 comiato
896 1350 937 1422 a)
959 1343 1018 1404 viri
1040 1343 1217 1404 suivelum
1236 1342 1334 1404 inca·

191 1433 252 1519 ppt
269 1423 403 1499 miserit,
426 1424 451 1485 si
470 1425 538 1484 viro
555 1445 612 1485 suo
629 1425 743 1506 placet,
766 1426 902 1508 recipiat
922 1447 992 1486 eam
1009 1426 1127 1486 iterum
1153 1425 1195 1485 ad
1216 1425 1333 1486 coniu-

193 1529 294 1590 gium·
336 1505 471 1588 Capital.
487 1531 514 1566 a.
537 1509 605 1588 757.
628 1529 654 1566 c.
676 1510 704 1568 3.

213 1613 263 1673 De
285 1634 321 1673 eo
340 1612 580 1697 quifiliastram
608 1635 694 1672 suam
724 1629 834 1676 contra
854 1617 1048 1675 voluntatem
1063 1613 1163 1698 ipsias
1185 1613 1312 1676 dederit

550 1697 622 1756 uiro
646 1697 779 1774 ingenuo
800 1699 854 1758 vel
874 1719 972 1757 servo.

277 1777 365 1844 XlX.
408 1778 441 1840 si
459 1778 531 1861 quis
550 1778 645 1838 horno
661 1778 823 1841 filiastram
843 1803 932 1842 suam
946 1789 1056 1840 contra
1071 1779 1271 1841 voluntatem
1287 1779 1333 1862 ip·

195 1861 274 1938 sius,
292 1870 323 1920 et
337 1862 445 1922 matris
459 1871 490 1922 et
508 1871 688 1942 parentum,
706 1863 832 1923 dederit
846 1864 916 1923 viro
937 1863 1080 1945 ingenuo
1095 1871 1151 1921 aut
1168 1862 1333 1925 ecclesias·

193 1944 260 2005 tico
275 1944 324 2004 vel
346 1965 451 2016 servo,
475 1954 506 2004 et
522 1944 576 2003 illa
593 1944 735 2005 noluerit
750 1945 867 2007 habere
885 1947 1000 2028 ipsum,
1023 1955 1055 2006 et
1072 1945 1244 2025 reliquerit
1257 1967 1331 2006 eum

195 2035 386 2109 potestatem
407 2027 546 2086 habeant
563 2035 711 2106 parentes
730 2027 818 2090 illius
834 2029 908 2089 dare
928 2029 976 2088 illi
996 2028 1095 2087 alium
1110 2028 1269 2094 maritum.
1289 2029 1332 2090 Et

195 2107 223 2170 si
246 2109 309 2168 iam
326 2109 475 2168 maritum
490 2108 597 2184 habet,
621 2129 685 2168 non
705 2121 881 2198 separetpr.
924 2110 1002 2174 Ibid
1016 2134 1042 2172 c.
1064 2112 1094 2187 4.
1257 2110 1260 2114 ’

377 2215 424 2274 De
440 2212 565 2294 femina
586 2214 720 2292 ingenua
740 2236 818 2297 aiace
840 2237 961 2276 servam
986 2217 1152 2300 occeperit.
1248 2277 1250 2280 ,
1276 2289 1278 2294 ,

280 2297 356 2362 XX.
401 2296 434 2358 si
453 2297 570 2357 femina
593 2297 731 2376 ingenua
754 2298 916 2379 acerprrit
941 2320 1093 2375 servum,
1115 2297 1221 2358 sciens
1243 2297 1333 2377 quod

196 2405 308 2447 servus
328 2390 433 2456 esset,
455 2379 570 2441 habeat
592 2400 675 2440 eum.
720 2381 789 2440 Una
805 2380 965 2441 enimlex
982 2381 1043 2441 erit
1059 2390 1091 2442 et
1106 2380 1175 2443 viro
1197 2389 1230 2440 et
1243 2379 1334 2440 femi·

197 2488 269 2528 nae.
311 2463 470 2528 Jordan.
511 2477 513 2486 “

218 2573 268 2635 De
294 2593 330 2632 eo
347 2571 403 2654 qai
424 2569 517 2630 habet
539 2569 701 2628 mulierem
721 2568 904 2648 legitimam,
926 2570 955 2629 si
970 2567 1080 2651 frater
1100 2570 1166 2628 eius
1186 2567 1318 2630 ridolto-¹¹

651 2654 729 2711 ravit
750 2674 819 2712 cam
841 2671 887 2711 eo.
1102 2725 1106 2732 ι

279 2735 375 2800 XXl.
419 2735 452 2796 Si
473 2733 545 2817 quis
564 2734 661 2793 homo
686 2733 806 2794 liabens
823 2734 992 2794 mulierem
1007 2733 1200 2813 legitimam,
1223 2733 1248 2794 si
1266 2732 1333 2792 fra·

196 2833 248 2884 ter
267 2821 336 2880 eius
354 2817 586 2881 adulteraverit
609 2839 681 2877 cum
701 2838 754 2891 ea,
779 2817 834 2876 ille
857 2817 955 2876 frater
973 2817 1024 2877 vel
1043 2817 1096 2875 illa
1125 2816 1245 2876 femina
1276 2814 1334 2896 qui

198 2903 392 2966 adulterium
421 2908 705 2984 perpetraverunt,
727 2897 859 2958 interim
885 2899 973 2980 quod
997 2898 1147 2974 vivunt‚-
1168 2919 1335 2978 nunquam

197 2987 338 3048 babeant
358 2985 495 3068 amplius
513 2982 709 3064 coniugium.
752 2982 812 3041 llle
840 3002 916 3042 vero
946 2981 1037 3041 cuius
1067 3002 1150 3040 uxor
1184 2980 1270 3057 fait,
1304 2979 1333 3040 si

199 3072 286 3147 vult,
311 3077 497 3150 potestatem
513 3065 609 3136 habet
624 3085 757 3124 uxorem
778 3064 924 3145 accipere
948 3062 1051 3122 aliam.
1093 3061 1200 3126 laida
1222 3062 1252 3124 8.
1297 3115 1300 3127 f

203 3177 247 3239 Ut
274 3175 463 3236 Sacerdotes
483 3172 539 3231 uel
558 3171 673 3230 Clerici
698 3167 742 3229 ad
766 3170 922 3230 secularia
943 3169 1087 3248 negotia,
1111 3169 1221 3228 relicto
1243 3163 1336 3250 Epis·

533 3274 613 3336 copo
638 3274 713 3326 sao,
746 3273 809 3311 aoa
830 3253 1002 3312 convolent.

281 3339 391 3403 XXll.
435 3336 531 3415 Quod
555 3357 619 3394 non
645 3344 791 3416 oporteat
819 3335 1006 3396 Sacerdotes
1031 3333 1083 3392 vel
1110 3332 1254 3392 Clericus
1277 3327 1337 3390 lia-

198 3423 313 3486 bentes
330 3423 483 3482 adversus
503 3417 643 3477 invicem
660 3417 807 3510 negotia,
831 3416 997 3498 proprium
1018 3416 1214 3498 Episcopum
1231 3412 1336 3473 relin-

201 3507 317 3591 quere,¹
338 3514 371 3565 et
389 3503 428 3563 ad
444 3499 600 3562 secularia
619 3499 739 3558 iudicia
755 3501 937 3560 convolare.
1236 3568 1244 3576 ,

246 3615 289 3677 Ut
306 3609 490 3687 Presbyteri
513 3619 543 3664 et
562 3606 699 3664 Diocoai
719 3617 850 3688 praeter
872 3605 1063 3688 Episcopum
1080 3600 1170 3661 aiat!
1189 3610 1294 3678 agant.
1316 3663 1324 3690 ›.

284 3714 415 3779 XXlll.
458 3708 641 3792 Presbyteri
665 3717 697 3769 et
714 3709 852 3772 Diaconi
875 3718 1004 3793 praeter
1032 3708 1229 3791 Episcopum
1254 3691 1338 3766 nihil

203 3822 298 3886 agere
315 3803 509 3885 pertentent.

129 3984 131 3987 ι
185 3927 187 3934 “
244 3909 294 3970 De
318 3926 354 3967 co
375 3904 429 3986 qui
454 3899 561 3962 oblato
586 3897 713 3995 dederit
734 3899 788 3995 uel
814 3899 1125 3982 acceperit'praeter
1145 3895 1329 3980 Episcopi*

685 4002 864 4046 zasuonem.
1327 3997 1331 4002 ·

286 4065 416 4135 XXIV.
448 4065 493 4158 ¹Si
509 4062 581 4148 quis
598 4062 703 4124 oblata
720 4063 847 4124 dederit
865 4064 917 4126 vel
933 4057 1340 4160 ¹acceperitpraeterlipisj⁸

226 4226 593 4298 ·2)21.aa.eammeaa;
623 4216 749 4273 usensis.
813 4230 817 4236 “
882 4225 884 4233 ’
