2926 4986
185 301 259 384 782
613 312 905 374 carmeianen

182 459 421 537 conventibus,
443 455 656 522 constitutum
672 467 722 520 est
740 465 777 517 ut
789 477 1003 540 unaquaeque
1030 441 1197 544 Ecclesia,
1223 455 1251 520 si
1272 459 1332 521 ia-

183 550 287 612 cultas
306 543 466 626 suppetit,
490 541 658 624 proprium
677 539 793 600 habeat
815 539 1066 622 Presbyterum,
1089 549 1123 602 et
1152 545 1329 624 unusquis·
1355 593 1360 612 ,

181 651 246 717 qne
261 629 435 710 Presbyter
452 646 516 684 nna
532 633 658 684 tantum
676 623 717 682 sit
730 631 902 684 contentus
916 624 1074 686 Ecclesia.

376 732 417 794 Ut
439 734 472 794 in
494 731 546 792 die
568 729 728 790 dominico
757 727 863 787 rurale
886 749 964 812 opus
986 752 1050 790 non
1060 727 1140 814 fiat.

264 839 324 905 XI.
366 840 457 900 Inter
471 845 598 898 caetera
620 853 699 898 vero
716 831 946 895 admonitionis
969 844 1097 896 nostrae
1126 836 1230 899 officia
1251 837 1328 898 satis

181 923 265 988 illud
288 922 505 984 necessarium
520 917 625 980 visum
638 926 709 990 est,
732 924 768 973 ut
793 905 923 996 populis
948 916 1100 978 fidelihus
1133 921 1329 980 terribiliter

182 1006 396 1071 denuntIetur
413 1014 448 1064 ut
464 1004 550 1064 diem
562 999 771 1072 dominicum,
789 999 822 1057 in
838 1019 904 1078 quo
920 1009 1034 1060 auctor
1051 999 1134 1060 vitae
1149 1003 1328 1062 resurrexit

181 1080 998 1165 amortuis,lmnorabiliteretvenerabihtarcolant.
1023 1085 1102 1146 Nam
1114 1081 1141 1143 si
1155 1085 1328 1167 Paganiob

182 1173 370 1234 memoriam
382 1179 414 1228 et
429 1165 645 1228 reverentiam
666 1163 810 1222 Deorum
833 1184 965 1223 suorum
982 1163 1051 1225 dies
1068 1165 1194 1243 colere,
1214 1175 1247 1228 et
1269 1169 1328 1228 lu-

125 1254 126 1264 *
184 1257 256 1319 daei
284 1274 373 1314 more
403 1251 524 1312 carnali
551 1247 715 1309 sabbatum
744 1245 918 1304 carnaliter
949 1246 1118 1307 observare
1152 1258 1325 1330 satagunt,

183 1337 314 1422 qnando
339 1334 437 1416 magis
466 1330 666 1406 Christianae
689 1327 857 1408 religionis
890 1326 1042 1406 devotio,
1065 1328 1106 1388 ob
1139 1331 1327 1391 memoriam

184 1417 365 1482 dominicae
381 1412 645 1486 resurrectionis,
679 1412 820 1470 eundem
845 1407 931 1469 diem
955 1411 1189 1472 venerabiliter
1219 1422 1320 1494 atque

181 1501 419 1565 honorabiliter
439 1497 547 1559 colere
566 1490 679 1556 debet!
723 1491 817 1552 Multi
842 1509 982 1574 namque
1011 1503 1195 1554 nostrorum
1227 1495 1321 1574 visu,

183 1585 279 1648 multi
295 1583 391 1643 etiam
407 1580 612 1660 quorundam
630 1573 734 1634 relatu
757 1573 929 1635 didicimus
944 1575 1101 1656 quosdam
1127 1575 1161 1634 in
1181 1576 1323 1644 hoodie

186 1689 285 1750 opera
307 1663 428 1725 ruralia
449 1669 637 1722 exercentes
671 1656 808 1716 fulmine
834 1654 1064 1738 interemptos,
1088 1660 1244 1738 quosdam
1271 1682 1324 1719 as»

182 1761 276 1811 tuum
294 1745 515 1808 contractione
530 1743 698 1816 multatos,
721 1738 876 1818 quosdam
897 1738 992 1798 etiam
1014 1739 1136 1800 risibili
1163 1741 1239 1822 igne
1266 1742 1326 1802 ab·

182 1837 346 1912 sumptos,
368 1827 474 1888 subito
503 1826 536 1884 in
567 1825 709 1885 cinerem
736 1821 893 1880 resolutos
912 1821 1094 1902 poenaliter
1124 1824 1325 1890 occubuisse.

182 1911 327 1978 Proinde
343 1929 473 1969 necesse
491 1917 538 1968 est
563 1916 597 1965 ut
616 1905 756 1988 primurn
774 1903 984 1981 Sacerdotes,
1014 1905 1137 1986 Reges,
1171 1915 1202 1966 et
1224 1907 1325 1966 Prin.

184 1997 294 2079 cipes,
317 1991 491 2071 cuuctique
515 1989 626 2048 fideles
648 1987 723 2046 lmic
744 1985 807 2045 diei
828 1985 969 2044 debitam
991 1986 1251 2050 observationem
1272 1997 1326 2049 at.

183 2099 248 2164 que
265 2073 483 2136 reverentiam
502 2070 705 2131 devotissime
729 2066 912 2133 exhibeant,
957 2068 1014 2129 VJ.
1034 2067 1104 2132 205.

184 2211 234 2270 De
257 2207 429 2268 Missurum
450 2198 710 2262 celebrationibus
733 2197 865 2336 ludicris
897 2198 1173 2276 incongruentibus
1193 2199 1326 2261 minime

685 2300 761 2358 agen
789 2299 825 2336 rs.

265 2394 345 2458 ΧΗ.
365 2430 367 2438 ‚
387 2389 475 2452 Illud
491 2385 606 2461 etiam,
629 2405 822 2466 quamquam
838 2401 932 2462 saepe
959 2381 1157 2444 admonitum
1181 2387 1233 2465 sit,
1257 2387 1324 2448 ite-

183 2503 256 2540 rum
270 2475 502 2538 inculcandum
519 2467 712 2551 populisque
732 2463 990 2525 denuntiandum
1002 2471 1324 2549 summoperevisum

183 2565 263 2638 fuit,
287 2572 324 2622 ut
340 2559 506 2620 lllissarum
526 2549 760 2612 celebrationes
784 2548 817 2606 in
837 2546 916 2606 locis
940 2546 1232 2628 incongruentibus
1249 2553 1324 2613 fieri

184 2644 318 2707 omuino
333 2663 398 2701 non
419 2639 576 2704 ‹leheant3
600 2643 631 2693 et
650 2651 780 2691 necesse
796 2637 893 2689 estut
909 2631 1132 2712 aurisquisque
1149 2633 1326 2717 Episcopo·

182 2750 256 2788 rum
276 2717 500 2784 huiuscemodi
526 2713 725 2776 temerariam
755 2711 1023 2772 consuetudinem
1042 2713 1059 2770 al
1081 2717 1233 2794 parochia
1266 2740 1325 2776 sna

182 2809 312 2894 penitus
328 2812 482 2866 amoveat.
524 2798 609 2860 Etsi
632 2797 705 2878 quis
733 2793 999 2874 Presbyterorum
1025 2794 1143 2855 abhinc
1175 2802 1324 2880 (excepto

183 2892 314 2975 quando
334 2891 366 2948 in
382 2889 498 2948 itinere
516 2881 685 2963 pergitur,
708 2886 741 2937 et
757 2877 848 2936 locus
876 2875 1027 2936 basilicae
1057 2880 1173 2958 procul
1199 2889 1265 2957 est,
1290 2890 1329 2940 et·

183 2977 217 3036 id
227 2975 258 3034 in
273 2965 642 3044 altaribusabEpiscopo
661 2957 854 3020 consecratis
869 2957 939 3017 lieri
958 2960 1129 3022 necessitas
1145 2963 1324 3042 compellit,

182 3039 971 3140 nepopulusDeisineMissurumcelehratione,et
988 3044 1131 3122 corporis
1146 3055 1177 3104 et
1198 3045 1327 3124 sangui-

177 3131 233 3200 nis
244 3128 769 3213 dominiciperceptione,maneat)
778 3123 947 3182 Missurum
962 3124 1194 3186 celebrationes
1208 3124 1240 3184 in
1261 3127 1327 3186 hu-

185 3220 322 3282 iusmodi
334 3215 467 3276 inlicitis
485 3211 563 3271 locis
583 3218 655 3290 post
674 3216 722 3267 tot
735 3215 902 3284 tantasque
914 3204 1151 3286 prohibitiones
1161 3210 1267 3268 facere
1282 3219 1328 3270 at-

147 3321 149 3326 ·
182 3301 373 3376 tentaverit,
397 3297 532 3378 dignum
553 3301 600 3355 est
625 3300 659 3350 ut
674 3290 789 3372 gradus
810 3288 859 3346 sui
874 3287 1058 3368 periculum
1078 3290 1232 3355 incurrat,
1270 3293 1326 3352 Sa·

181 3387 246 3446 tius
264 3383 362 3466 igitur
382 3389 430 3441 est
449 3377 577 3439 Missam
599 3394 664 3433 non
681 3371 812 3445 audire,
835 3391 933 3449 quam
952 3391 1021 3435 eam
1047 3372 1102 3430 uhi
1131 3393 1194 3432 non
1227 3371 1327 3452 licet,

183 3491 245 3529 nee
261 3473 398 3548 oportet,
421 3459 584 3521 celebrare
603 3465 658 3516 aut
680 3453 803 3517 audire.
848 3449 883 3513 V
881 3459 908 3516 I.
926 3454 1009 3526 208,
1035 3453 1070 3512 V
1069 3459 1112 3514 II.
1133 3453 1203 3536 396.

225 3571 321 3659 Quod
339 3567 523 3645 Presbyteri
543 3557 927 3701 inconsulpiisbb'piscopis
957 3558 1074 3618 viduas
1098 3562 1199 3621 velare
1220 3585 1286 3624 non

711 3662 726 3699 e
750 3653 834 3705 eunt.

267 3757 358 3822 Xlll.
402 3753 485 3832 Quia
500 3773 576 3834 ergo
597 3747 686 3831 quod
707 3767 801 3828 saepe
826 3745 859 3804 in
876 3745 992 3806 nostris
1011 3747 1168 3810 Conciliis
1185 3751 1332 3832 prohibi.

183 3858 253 3909 tum
272 3853 336 3919 est,
359 3837 472 3899 viduas
488 3830 681 3895 inconsultis
706 3828 874 3910 Episcopis
904 3828 1006 3889 velari
1030 3850 1095 3888 non
1126 3831 1263 3912 debere,
1297 3847 1332 3898 et

181 3927 320 3992 eandem
338 3920 603 3983 constitutionem
624 3915 641 3972 al
664 3911 857 3994 quibusdam
873 3911 1084 3991 praevaricari
1106 3935 1193 3974 nunc
1211 3939 1333 4000 cogno-

182 4014 299 4083 vimus,
323 4025 450 4088 prorsus
467 4023 507 4062 nc
523 3997 677 4076 deinceps
692 3995 782 4053 fieret
797 3992 1023 4052 interdiximus
1034 4018 1042 4063 ;
1065 4005 1102 4054 ut
1118 3997 1143 4055 si
1167 3998 1332 4081 quispiam

180 4093 450 4171 Presbyterorum
483 4083 635 4160 deinceps
678 4077 774 4138 huius
814 4076 1054 4138 constitutionis
1091 4073 1333 4144 contumaciter

180 4188 396 4249 transgressor
411 4164 576 4239 extiterit,
599 4159 724 4222 scilicet
748 4167 785 4220 ut
814 4157 957 4237 aliquam
984 4158 1111 4222 viduam
1140 4161 1331 4226 inconsulto

179 4257 340 4340 Episcopo
357 4251 463 4313 velare
483 4252 664 4333 praesumat
674 4287 683 4323 ‚
707 4241 830 4325 gradus
842 4239 892 4301 sui
906 4239 1266 4326 periculumincurrat·
