2910 4984
525 350 693 424 annino
716 335 870 440 uentis,
1180 311 1252 406 799

124 493 288 573 norantia,
304 489 439 574 ·'partim
468 490 609 569 desidia,
639 491 924 566 dehonestabatur,
954 505 1071 567 operae
1112 493 1255 574 pretium

123 581 292 654 duximus,
314 578 384 637 Deo
400 584 582 650 annuente,
605 573 693 656 apud
710 596 834 635 sacrum
849 573 1052 634 Conventum
1070 579 1103 631 ut
1119 596 1159 636 ex
1181 575 1253 638 dic.

122 664 164 725 tis
184 669 367 724 sanctorum
387 656 651 736 Patrum‚,velut
665 677 705 716 cx
722 656 855 717 diversis
869 651 989 736 pratis,
1010 655 1164 733 quosdam
1184 681 1255 720 ver.

123 754 238 807 nantes
266 740 416 802 flosculos
438 739 618 820 carpendo,
638 739 805 801 tractando
824 739 858 797 in
874 756 971 796 unam
994 737 1138 818 regulam
1151 742 1255 802 Cano.

125 828 273 889 nicorum
294 833 326 886 ct
339 823 574 884 canonicarum
594 842 789 902 congerere,
812 830 844 882 et
861 817 1033 894 Canonicis
1055 821 1253 886 velsancti-

124 908 318 971 monialibus
330 905 518 980 servandam
540 904 750 982 contradere,
773 914 809 963 ut
823 923 882 984 per
901 922 971 960 eam
997 901 1179 965 Canonicus
1198 928 1253 966 or·

126 991 168 1053 do
186 991 303 1072 absque
319 987 523 1069 ambiguitate
540 985 639 1068 possit
654 985 782 1050 servari.
822 987 866 1046 Et
887 982 1039 1065 quoniam
1055 983 1146 1045 illam
1163 1009 1254 1050 sacer

125 1076 315 1134 Conventus
333 1071 377 1130 ita
395 1069 490 1130 etiam
509 1069 656 1130 laudibus
675 1068 808 1145 extulit,
830 1075 986 1147 utusque
1009 1064 1049 1125 ad
1068 1086 1169 1128 unum
1183 1071 1249 1132 iota

27 1149 30 1156 ⁴
125 1155 354 1216 observandam
378 1160 605 1233 percenseret,
626 1151 792 1211 statuimus
809 1159 845 1209 ut
861 1148 900 1208 ab
919 1145 1066 1208 omnibus
1082 1149 1116 1208 iu
1140 1153 1253 1214 eadem

147 1237 323 1298 rofessione
340 1235 531 1315 degentibus
549 1233 770 1292 indubitanter
783 1239 948 1308 teneatur,
970 1238 1003 1289 et
1020 1230 1126 1294 modis
1144 1235 1253 1294 omni-

122 1259 186 1380 bus
199 1319 266 1380 sive
289 1317 495 1378 alCanonicis
513 1317 578 1377 sive
598 1313 934 1378 hSanctimonialibus
953 1311 1107 1374 canonice
1133 1314 1253 1398 degeri-

122 1402 210 1462 tibus
240 1399 391 1480 deinceps
414 1401 611 1468 observetur.
637 1398 716 1468 ‚Sed
746 1397 840 1458 etde
866 1394 1085 1456 Ecclesiarum
1107 1395 1251 1478 bonore,

125 1483 305 1566 quomodo,
326 1483 395 1541 Deo
414 1479 602 1557 adiuvante,
625 1478 833 1562 quantumin
851 1477 942 1538 n‘obis
963 1485 1026 1553 est,
1050 1476 1174 1574 vigeat,
1203 1481 1249 1542 si-

124 1566 245 1646 militer
260 1564 294 1624 iu
313 1563 422 1625 subter
446 1563 603 1626 adnotatis
628 1561 776 1647 capitulis
794 1561 949 1622 insertum
970 1580 1038 1624 esse
1063 1559 1251 1624 dinoscitur.

125 1754 221 1838 Quod
239 1753 392 1838 Episcopi
408 1755 442 1813 in
455 1752 676 1832 Langobardie
695 1753 794 1836 positi
807 1751 845 1812 ab
867 1751 912 1810 eis
935 1769 1013 1834 quos
1035 1749 1248 1828 ordinabant,

333 1849 527 1896 sacramenta
544 1849 573 1895 ct
588 1857 718 1894 munera
741 1835 870 1912 exigere
894 1835 1038 1894 solerent.

201 1914 265 1979 Ν.
306 1919 354 1979 De
370 1917 535 2000 Episco‘pis
552 1938 629 1993 vcro
656 1917 689 1976 in
713 1915 935 1998 Longobardia
959 1914 1158 1995 constitutis,
1190 1917 1249 2002 qui

123 1996 163 2056 ab
177 1993 229 2061 his
249 2021 328 2081 quoa
350 2000 542 2061 ordinabant
556 2008 749 2060 sacramenta
767 2009 797 2059 et
814 2017 958 2075 munera,
981 2008 1092 2058 contra
1106 1999 1251 2062 divinam
1305 2012 1308 2020 ’

124 2088 157 2140 et
179 2083 367 2143 canonicam
383 2083 624 2159 auctoritatem,
646 2084 790 2163 accipere
809 2080 860 2141 vel
877 2080 1005 2162 exigere
1025 2081 1110 2140 soliti
1136 2094 1248 2162 erant,

25 2235 28 2239 ι
122 2164 225 2224 modis
242 2164 389 2226 omnibus
414 2164 587 2225 inhibitum
607 2174 656 2226 est
672 2187 713 2226 ne
733 2163 868 2224 ulterius
882 2161 937 2223 liat
948 2186 957 2233 ;
979 2162 1055 2243 quia
1083 2163 1173 2226 iuxta
1198 2187 1252 2228 sa·
1349 2229 1351 2234 ,

124 2267 194 2306 cros
212 2248 382 2323 Gennaes,
404 2257 541 2330 uterque
566 2248 585 2308 d
611 2248 710 2330 gradu
736 2245 866 2330 proprio
894 2245 970 2304 talia
988 2245 1143 2309 facientes
1165 2248 1251 2316 deici
1285 2279 1288 2286 ⁴

76 2358 79 2363 ·
123 2327 253 2395 debent.
293 2332 322 2397 Ι,
341 2351 392 2412 91.

141 2434 191 2495 De
213 2436 357 2520 capitulis
377 2456 455 2520 quac
476 2433 516 2497 de
536 2434 662 2498 incestis
683 2435 799 2518 nicptiis
831 2447 861 2496 ct
889 2434 962 2496 aliis
983 2435 1086 2496 causis
1106 2435 1230 2516 agendo

368 2541 371 2553 ¹
628 2530 739 2583 essent.

200 2597 241 2660 V.
282 2599 447 2670 Nonnulla
473 2619 551 2662 vero
581 2599 737 2682 capitula,
768 2595 854 2659 sicut
882 2597 920 2660 de
946 2597 1077 2662 incestis
1106 2600 1248 2683 nuptiiS,

120 2703 247 2743 necnon
265 2685 352 2746 etde
374 2684 637 2763 Ecclesiisquae
668 2682 755 2741 inter
785 2679 960 2742 coheredes
986 2682 1193 2762 dividuntur,
1217 2695 1250 2747 et

118 2757 175 2825 tali
199 2767 365 2827 occasione
391 2766 522 2848 proprio
553 2765 677 2825 honore
699 2772 830 2839 carent,
866 2761 933 2826 sive
955 2765 995 2825 de
1023 2764 1249 2840 hisEcclesiis

119 2869 201 2927 quae
221 2849 357 2909 nimium
375 2849 471 2910 rebus
485 2848 624 2932 propriis
641 2855 716 2908 suut
735 2845 936 2923 adtenuatae,
959 2846 1012 2908 vel
1032 2856 1119 2909 certe
1137 2850 1177 2910 de
1197 2849 1249 2912 his

118 2931 214 2990 rebus
231 2952 312 3010 quae
329 2952 432 3012 nuper
451 2931 637 2991 necessitate
656 2924 870 3010 compellente
893 2926 909 2990 t
937 2930 1104 2990 nonnullis
1131 2930 1249 2994 Eccle-

118 3011 174 3070 siis
188 3021 263 3070 suut
277 3012 419 3088 ablatae,
443 3023 476 3072 et
497 3013 523 3073 si
543 3034 604 3092 qua
625 3020 701 3072 sunt
719 3011 800 3086 alia,
823 3010 941 3072 sivein
963 3010 1186 3076 ecclesiasticis
1200 3015 1248 3076 si-'

119 3113 159 3153 ve
181 3091 376 3174 inpublicis
393 3093 507 3172 rebus,
529 3093 752 3154 emendatione
771 3091 886 3172 digna,
909 3109 990 3173 quae
1009 3095 1162 3176 temporis
1177 3097 1250 3158 bre-

118 3174 217 3234 vitate'
234 3177 358 3237 efficere
375 3177 561 3257 nequimus,
585 3176 617 3234 in
637 3184 761 3235 tantum
776 3173 990 3236 differendum
1008 3178 1092 3238 illud
1113 3178 1249 3260 dignum

118 3255 330 3319 iudicavimus
349 3259 463 3337 donec,
486 3259 623 3318 Domino
643 3259 791 3330 favente,
814 3258 962 3318 consulto
980 3257 1134 3320 fidelium
1148 3261 1250 3324 facul·

53 3406 56 3411 ,
120 3348 166 3398 tas
185 3341 276 3400 nobis
295 3340 328 3401 id
349 3339 507 3403 efficiendi
524 3339 562 3400 ab
581 3363 618 3401 eo
635 3340 804 3403 tribuatur.
847 3341 983 3401 lnveuta
1002 3363 1095 3421 vero,
1118 3353 1155 3403 ut
1175 3347 1246 3406 Deo

117 3420 296 3502 opitulante
313 3423 462 3484 ellectum
477 3425 643 3485 obtineant
656 3423 715 3508 per
732 3433 892 3503 tempora,
914 3420 969 3484 hic
986 3422 1159 3488 inserendo
1172 3449 1248 3498 ceni

116 3505 246 3572 suimus.
273 3511 301 3568 J.
324 3509 389 3584 aad„

119 3610 165 3670 De
187 3635 281 3674 causa
301 3614 527 3676 Monncborum
537 3617 558 3682 ,·'
569 3611 680 3692 qitibus
708 3609 847 3690 eligendi
873 3611 935 3673 sibi
952 3612 1100 3692 abbates·
1116 3613 1247 3680 licentia
1265 3607 1268 3619 ¹

500 3693 636 3753 delusit
659 3715 702 3753 cx
723 3714 756 3752 se
777 3695 865 3778 ipsis.
1043 3717 1046 3724 ·
1162 3721 1165 3726 ’
1205 3723 1208 3726 ·

198 3775 259 3838 Vl.
299 3771 531 3840 Monachorum
553 3769 713 3858 siquidem
734 3772 860 3836 causam
889 3776 1052 3857 qualiter,
1071 3779 1151 3840 'Deo
1173 3778 1247 3862 opi·
1298 3841 1299 3846 χ

116 3858 250 3936 talanta,
272 3882 312 3920 ex
325 3871 413 3942 parte
434 3859 696 3941 disposuerimus,
719 3867 751 3916 et
765 3860 924 3940 quomodo
947 3861 1248 3922 coustitutum‘fue-

116 3941 169 4018 rit,
183 3963 264 4003 exse
276 3943 351 4024 ipsis
365 3943 423 4008 sibi
433 3940 711 4022 eligendiAbbutis
724 3940 890 4000 licentiam
908 3942 1103 4020 dederimus,
1113 3951 1146 4004 et
1164 3966 1247 4025 qna·

64 4026 67 4031 ’
116 4022 193 4084 liter
206 4026 275 4084 Deo
291 4023 588 4106 opitulanteiquieti
607 4023 740 4104 vivere,
764 4023 1025 4106 propositumque
1040 4046 1132 4085 suum
1149 4025 1247 4086 inde·

115 4106 197 4165 fesse
217 4108 378 4168 custodire
399 4108 545 4182 valeant,
568 4105 844 4182 ordinaverimus,
868 4106 900 4164 in
923 4107 984 4166 alia
1001 4106 1156 4186 schedula
1173 4107 1248 4189 dili-

115 4195 230 4267 genter
244 4189 391 4250 adnoturi
407 4189 564 4264 fecimus,
588 4197 620 4250 et
636 4197 673 4248 ut
687 4186 772 4266 apud
787 4209 986 4250 successores
1003 4179 1247 4254 nostruitatum

114 4266 199 4332 foret
218 4271 497 4347 etinviolubiliter
514 4277 775 4352 conservaretis,
798 4269 1066 4336 confirmavimus.
1098 4277 1127 4336 Ι,
1150 4275 1219 4338 81.*
