2926 4986
630 300 922 364 ctelsuttuluu

508 529 1048 620 CAPITULARIUM

414 695 793 750 ADDITIONES
846 692 1134 758 QUATUOR.

614 816 949 832 m

484 879 790 968 sonmo
839 901 1063 968 Polus.

208 1040 379 1114 Consulto
407 1039 610 1108 omittimus
635 1037 735 1108 tanc
754 1036 924 1134 primam
948 1034 1219 1122 Additionem‚
1247 1037 1352 1132 ‚quia

297 1164 417 1236 supra
441 1140 524 1210 loeo
550 1162 617 1208 sao
643 1138 746 1208 edita
777 1149 847 1225 est,
879 1161 970 1230 pag.
1002 1137 1075 1216 Ι315
1103 1171 1153 1194 -·
1179 1135 1245 1208 25.

441 1315 1114 1412 Aoo1T1osucuuo'u.

202 1458 371 1550 Cap'itula
397 1483 488 1552 quae
515 1459 684 1550 deinceps
710 1467 929 1549 sequuntur,
963 1481 1037 1526 uon
1073 1470 1159 1528 tuno
1199 1462 1349 1552 quando

200 1561 445 1650 praescripto,
475 1559 637 1628 velutin
663 1557 963 1648 subsequentibus
988 1555 1186 1646 habentur,
1214 1563 1346 1631 ineen-

202 1669 253 1738 to,
282 1659 446 1736 collecta,
476 1660 660 1741 ordinatu,
691 1658 831 1748 hucque
857 1657 993 1724 inserta
1018 1679 1098 1725 esse
1122 1673 1346 1746 noscuntur,

201 1755 264 1823 sed
293 1757 524 1846 postmodum
550 1781 570 1824 u
596 1755 780 1826 Fidelibus
807 1767 965 1846 reperto,
991 1755 1060 1824 hac
1086 1757 1124 1826 in
1153 1758 1346 1846 schedula,

201 1854 294 1924 sicut
320 1866 551 1936 uetuerunt,
580 1867 663 1924 sunt
688 1855 837 1937 inserta,
863 1865 905 1921 ut
929 1854 1070 1924 facilius
1096 1877 1119 1922 a
1134 1857 1343 1948 fidelibus,

381 1955 549 2047 quotiens
575 1977 720 2022 necesse
747 1952 883 2039 suerit,
919 1957 1162 2048 reperiantur.

502 2075 629 2136 Ouoo
672 2074 1031 2137 Csessueouou.

227 2237 253 2280 ¹·
333 2252 344 2298 t
351 2237 443 2322 fidei
461 2255 654 2302 sacramento
669 2241 749 2323 bap·
879 2241 1061 2320 omiserint,
1083 2242 1254 2304 canonicae
1270 2262 1354 2326 poe·
1441 2241 1442 2260 ³

284 2321 406 2381 tizandi
434 2323 631 2395 imbuantur,
655 2338 684 2383 et
715 2336 749 2384 ut
880 2325 1225 2387 nitentiaesultdantnr.

280 2405 413 2488 parvuli
431 2404 471 2464 de
492 2408 590 2465 sacris
602 2405 749 2486 fontibus
818 2410 849 2492 9.
884 2405 927 2466 Ut
951 2408 1055 2466 nullus
1076 2409 1349 2484 Presbyterorum

284 2488 323 2547 ab
348 2489 397 2544 lu's
419 2509 482 2546 non
510 2490 746 2571 suscipiantur,
880 2489 1013 2548 Missam
1052 2491 1137 2550 solus
1181 2489 1352 2550 celebrare

283 2569 338 2628 vel
352 2572 493 2629 homines
511 2569 556 2629 ad
572 2572 745 2654 confirma·
865 2629 870 2638 ,
878 2586 1069 2652 praesumat.

283 2655 398 2712 tionem
423 2665 607 2724 teneantur,
631 2655 685 2735 qui
714 2655 749 2711 in
801 2673 848 2717 to,
881 2652 979 2712 Utin
1000 2673 1183 2736 unaquaque
1197 2652 1352 2712 Ecclesia

280 2736 410 2816 publica
422 2736 618 2817 poenitentia
645 2734 747 2794 adime
875 2737 1168 2816 propriusPresbyt.
1180 2736 1352 2795 habeatur.

283 2819 431 2878 canonice
476 2819 510 2876 in
553 2815 749 2878 reconciliati
800 2835 847 2884 ts.
880 2814 921 2876 Ut
938 2821 971 2876 in
988 2818 1039 2878 die
1061 2818 1219 2878 dominico
1234 2817 1349 2876 rurale

282 2903 462 2960 manserint.
879 2921 957 2974 opus
976 2923 1038 2960 non
1057 2899 1126 2980 fiat.

220 2999 250 3046 α.
283 2983 353 3063 Quo
374 2982 681 3065 temporebaptisma
699 2999 747 3042 te·
801 3003 847 3048 η.
879 2985 928 3043 De
953 2969 1348 3072 Missa'rum'celebratio-

282 3065 403 3123 lebrari
421 3075 575 3148 oporteat.
877 3067 968 3126 nibus
977 3067 1010 3124 in
1020 3068 1097 3125 locis
1106 3064 1347 3141 incongruenti-

221 3143 252 3206 5.
287 3145 329 3206 Ut
350 3160 477 3227 paetum
501 3148 535 3204 in
561 3147 746 3229 baptismate
879 3149 934 3209 bus
957 3150 1081 3206 nn'm'rne
1105 3147 1245 3227 agendis.

272 3226 400 3308 facturn
419 3251 490 3289 curn
506 3229 575 3290 Deo
599 3231 619 3288 lt
641 3229 746 3313 bapti·
799 3237 846 3299 ιδ.
881 3230 977 3312 Quod
989 3230 1170 3306 Presbyteri
1179 3227 1348 3288 inconsul-

282 3312 361 3368 zatis
380 3311 570 3371 observetur.
877 3315 917 3371 tis
926 3313 1090 3396 Episcopis
1105 3311 1213 3372 viduas
1229 3312 1347 3370 velare

217 3391 249 3470 4.
281 3391 369 3472 Quid
388 3395 428 3451 sit
453 3392 684 3454 abrenuntiatio
711 3393 745 3451 in
876 3415 940 3454 non
959 3395 1102 3455 debeant.

282 3471 448 3556 baptismo,
467 3488 497 3534 et
512 3475 674 3554 quomodo
690 3475 744 3536 ob·
798 3486 845 3563 14.
873 3476 922 3535 De
985 3477 1075 3535 uellis
1114 3476 1296 3554 virginibus
1325 3477 1348 3534 iz

282 3556 442 3616 servanda
461 3559 512 3621 sit.
875 3499 1072 3634 Presiyteris
1092 3580 1155 3618 non
1179 3557 1348 3622 velandis.

219 3632 331 3702 &De
369 3639 484 3700 scholis
508 3660 569 3721 per
604 3637 744 3720 singulas
798 3650 845 3715 15.
880 3639 977 3721 Quod
1019 3639 1173 3724 qitaedam
1194 3638 1346 3719 feminae

283 3722 374 3781 urbes
401 3720 563 3781 habendis.
877 3724 939 3782 sibi
953 3722 1058 3782 veliem
1079 3723 1193 3801 alisque
1209 3743 1349 3782 assensu

218 3803 249 3868 6.
279 3804 376 3885 Quod
390 3805 428 3864 ab
449 3803 617 3886 Episcopis
631 3803 744 3861 ieiunis
875 3804 1081 3864 Sacerdotem
1101 3805 1279 3887 imponunt.

281 3887 513 3969 impositionem
525 3883 744 3968 manuumfie·
797 3897 842 3960 16·
870 3887 919 3945 De
950 3887 1123 3947 Abbatissis
1159 3899 1190 3944 et
1214 3885 1350 3948 Sancti-

280 3972 310 4030 ri
332 3981 464 4052 oportet.
847 3969 1061 4029 monialibus
1101 3988 1180 4045 quae
1216 3985 1349 4031 ¹contra

219 4074 249 4134 q.
281 4055 328 4110 De
352 4051 551 4127 Presbyteris
572 4048 742 4108 indiscrete
878 4050 1018 4110 Uonones
1040 4050 1141 4109 viduis
1169 4063 1200 4110 et
1222 4055 1349 4136 puellis

278 4153 337 4213 por
353 4131 554 4192 diversanon
570 4130 742 4195 mittendis.
874 4133 980 4192 uelum
1001 4134 1174 4214 imponunt.

216 4215 248 4277 8.
281 4214 322 4276 Ut
339 4214 525 4292 Presbyteri
537 4216 592 4297 qui
608 4211 744 4294 gradum
798 4235 843 4296 ¹7·
872 4215 921 4275 De
933 4213 1066 4298 feminis
1086 4214 1246 4276 nobilibus
1263 4236 1350 4298 quoe
