2926 4984
496 333 611 391 arasa
646 332 821 399 aelurus
1172 311 1243 386 563

113 469 239 618 ¹1¹2?ss
261 470 387 556 placitis
409 481 441 536 et
460 475 590 560 synodis
613 475 791 554 constituit,
818 474 1000 539 conservari
1020 473 1244 562 praecipimus.

89 593 97 607 ·
156 579 166 616 ι
194 600 201 616 .
224 575 251 621 c.
277 576 322 620 12.

257 662 305 720 De
327 681 362 722 eo
386 663 441 745 prii
462 663 481 723 la
501 685 588 726 servo
607 662 709 727 alieno
728 662 852 748 aliquid
871 665 1108 749 comparaverit.

199 765 348 830 CCCVl.
391 768 426 830 Si
456 771 572 851 quista
602 793 696 833 servo
722 771 828 832 alieno
860 770 984 852 aliquid
1012 768 1247 855 comparaverit

116 851 284 913 nesciente
307 849 436 912 domino
454 875 523 932 suo,
545 853 571 914 si
596 854 744 915 dominus
762 854 884 914 firmam
905 854 1048 916 noluerit
1071 875 1139 915 esse
1162 875 1249 935 emp·

116 937 252 1011 tionem,
274 934 387 994 reddat
406 936 545 1017 pretium
559 937 704 1019 emptori,
726 946 765 998 ut
782 937 901 1018 emptio
922 936 1006 996 nihil
1020 935 1135 998 habeat
1151 931 1250 997 firmi·

115 1019 201 1081 tatis.
245 1017 280 1076 Si
300 1016 405 1100 ipsum
425 1039 491 1079 non
515 1017 752 1096 habet,si1nile
775 1019 898 1084 reddat.

206 1121 247 1182 Ut
269 1121 481 1182 Ecclesiurum
502 1125 627 1202 negotia
647 1126 666 1183 d
683 1123 792 1186 Iudice
819 1126 964 1185 corniano
984 1122 1163 1186 audiantur.

202 1226 368 1290 CCCVII.
408 1229 537 1289 Placuit.
555 1239 592 1288 ut
605 1231 963 1314 Ecclesiarumnegotia
980 1232 1099 1314 absque
1118 1231 1186 1291 ulla
1200 1228 1249 1292 di·

117 1312 241 1374 latione
272 1311 427 1372 continuo
450 1312 467 1370 d
487 1311 598 1372 Iudice
627 1312 816 1393 audiantur,
838 1321 870 1375 et
896 1313 1041 1399 proficue
1061 1315 1248 1377 incremen-

116 1404 240 1456 tentur.

122 1501 166 1562 Ut
185 1498 292 1580 Iudex
312 1501 512 1574 criminosum
534 1499 704 1560 discutiens
724 1521 787 1561 non
811 1511 881 1560 unte
899 1503 1081 1562 sententium
1101 1496 1254 1586 proferat·
1294 1543 1295 1550 ι

138 1584 321 1669 capitalem,
344 1582 437 1664 quam
454 1592 508 1642 aut
528 1604 598 1642 reus
615 1584 680 1665 ipse
702 1581 892 1666 confiteatur
906 1597 960 1644 aut
977 1596 1037 1669 per
1048 1587 1228 1647 innocentes

528 1676 619 1724 testes
642 1667 851 1726 convincatur.

205 1767 387 1835 CCCVIII.
428 1770 555 1834 Placuit
572 1780 607 1831 ut
620 1770 723 1830 Index
745 1769 952 1831 criminosum
971 1767 1160 1847 discutiens,
1183 1789 1255 1847 non⁴

120 1865 195 1940 ante
218 1855 411 1916 sententiam
432 1855 574 1936 proferat
592 1853 771 1934 capitalem,
794 1873 890 1934 quam
912 1863 966 1913 aut
988 1875 1063 1914 reus
1087 1852 1155 1932 ipse
1175 1871 1251 1913 eon-

119 1941 262 2014 fiteatur,
276 1947 329 1998 aut
350 1959 409 2018 per
429 1937 618 1996 innocentes
635 1943 669 1995 et
690 1955 817 1995 veraces
834 1943 930 1996 testes
953 1934 1153 1996 manifestius
1170 1947 1255 2000 cossa

119 2023 280 2082 vincatur.
322 2021 365 2080 Et
386 2015 425 2080 de
441 2018 614 2093 maioribus
635 2026 742 2078 nostra
761 2026 816 2077 aut
827 2039 1047 2080 suceessorum
1067 2025 1252 2090 nostrorum

121 2111 314 2186 expectetur
337 2101 507 2166 sententia.

257 2205 298 2267 Ut
312 2209 367 2289 qui
381 2208 459 2268 socii
472 2207 613 2266 criminis
629 2219 701 2270 suut
721 2229 784 2269 noa
803 2205 1010 2268 admittantur
1024 2219 1127 2270 testes.

208 2309 356 2373 CCCIX.
399 2311 526 2371 Placuit
546 2321 582 2372 ut
604 2321 699 2372 testes
718 2333 784 2371 non
803 2312 1011 2373 admittantur
1024 2310 1080 2394 qui
1099 2317 1176 2380 suni
1197 2313 1252 2396 so,-

25 2439 29 2450 ,
122 2395 166 2456 cii
186 2394 341 2472 criminis,
363 2414 423 2454 nec
438 2393 584 2488 infames,
607 2415 667 2455 nee
682 2394 938 2474 calumniatores,
961 2395 1014 2457 vel
1033 2391 1154 2461 caeteri
1170 2413 1251 2487 quos

123 2499 230 2539 canon
248 2485 280 2537 et
301 2479 355 2537 lex
371 2475 531 2558 prohihet.

404 2581 451 2642 De
469 2582 585 2666 ariptiis
608 2582 733 2642 incestis
753 2579 970 2665 prohibendis.

207 2687 337 2752 CCCX.
379 2688 511 2770 Nuptias
528 2687 733 2769 prohibemus
757 2687 911 2764 incestas,
934 2687 1043 2763 idest,
1066 2707 1169 2768 usque
1194 2685 1253 2749 ad-

125 2772 257 2834 finitatis
273 2771 392 2831 lineam
401 2794 408 2841 ;
432 2771 482 2831 vel
496 2769 641 2850 quandiu
653 2770 738 2830 inter
752 2790 785 2831 se
803 2769 983 2836 hereditare
995 2771 1171 2852 potuerint,
1185 2789 1252 2830 non

125 2857 377 2938 coniungantur,
400 2853 475 2934 quia
498 2852 576 2914 haec
594 2852 704 2935 patius
722 2851 877 2914 incestiva
893 2873 990 2934 quam
1010 2851 1161 2945 coniugia
1178 2861 1255 2915 sunt

103 2939 308 3001 *iudicanda
333 2947 335 2951 ⁴

410 3013 451 3077 Ut
468 3016 507 3076 dc
532 3017 707 3078 absentibus
728 3037 791 3076 non
808 3015 975 3076 iudicetur.

209 3121 358 3189 CCCXI.
383 3123 509 3185 Placuit
519 3131 555 3180 ut
565 3121 714 3182 adversus
729 3121 948 3194 absentesnon
964 3121 1134 3191 iudicetur.
1157 3117 1255 3206 Quod

125 3209 152 3274 si
176 3210 296 3268 factum
316 3205 427 3282 fucrit,
450 3206 573 3286 prolata
590 3203 752 3274 ,sententia
776 3226 839 3264 non
862 3203 989 3266 valebit.

273 3311 314 3373 Ut
337 3311 519 3401 clementior
548 3309 704 3369 severiori
727 3309 930 3393 praeferatur
952 3309 1115 3374 sententia,

209 3395 378 3482 cccxli.
419 3415 546 3477 Placuit
574 3403 611 3474 ut
633 3413 720 3476 inter
746 3438 838 3498 pares
863 3418 1038 3480 sententias
1064 3401 1257 3488 clementior

126 3525 256 3588 semper
281 3499 436 3563 severiori
456 3498 666 3581 praeferatur.

185 3610 228 3671 Ut
252 3609 308 3692 qui
334 3606 374 3666 dc
397 3628 428 3666 se
450 3603 699 3690 conseruisset,
725 3625 819 3688 super
844 3597 941 3666 alitum
960 3627 1023 3668 non
1042 3607 1202 3676 credatur.
1274 3611 1275 3620 ’

211 3713 397 3779 CCCXIII.
439 3711 566 3773 Placuit
585 3719 621 3770 ut
633 3709 690 3792 qni
709 3707 747 3771 de
768 3732 800 3772 se
818 3713 983 3774 confessus
1003 3722 1060 3792 est,
1081 3733 1180 3798 super
1196 3712 1258 3777 ali-

126 3825 183 3863 um
206 3817 278 3860 'non
302 3797 460 3860 credatur.
812 3829 816 3835 -

293 3907 342 3965 De
364 3899 540 3963 testimonio
557 3899 649 3958 unius
662 3898 796 3958 hominis
816 3920 879 3960 non
897 3901 1092 3987 accipiendo.

215 4007 395 4075 cccxlv.
431 4010 472 4066 Ut
493 4002 711 4065 testimonium
731 3989 974 4068 utriushominis
989 4029 1054 4068 non
1073 4005 1258 4090 accipiatur,

125 4100 208 4163 Nam
231 4096 259 4158 si
278 4116 318 4156 ex
330 4089 466 4171 utraque
485 4097 576 4169 parte
590 4087 700 4169 plures
718 4086 792 4163 sint,
816 4089 994 4151 veraciores
1013 4105 1106 4172 atque
1126 4092 1257 4174 religio·

128 4184 230 4244 siores
243 4186 276 4239 et
290 4173 491 4237 honestiores
510 4169 688 4250 elegantur,
710 4167 767 4248 qui
782 4181 980 4252 sacramento
993 4196 1051 4250 suo
1065 4173 1258 4237 confirment

127 4259 361 4336 testimonium,
384 4253 532 4332 nihilque
550 4273 583 4312 se
603 4247 674 4311 falsi
694 4272 761 4312 esse
782 4249 932 4318 dicturos.
