2926 4986
430 461 432 466 λ
466 373 623 442 nonum
640 343 833 437 s'ucuum.
1140 377 1212 456 737

86 533 270 634 corrigendi
286 557 380 626 saint,
404 547 437 607 iu
459 553 616 628 quantum
634 537 835 606 manifestius
853 564 930 612 ausu
951 542 1092 604 uetando
1110 557 1146 604 no
1163 538 1215 606 te4

86 635 223 698 merario
245 631 365 694 servire
385 629 521 690 Diabolo
537 647 601 688 non
618 636 777 688 metuunt.
818 629 866 686 De
885 625 934 687 his
946 649 1075 708 quoque
1088 627 1120 686 in
1132 629 1217 688 Cou-

87 719 164 782 cilio
182 717 372 798 Ancyrano,
395 712 489 774 titulo
511 730 606 787 ιιιιιιι,
627 709 669 770 ita
687 709 841 791 scriptum
865 719 925 768 est:
959 712 1022 795 Qui
1042 711 1220 786 divinatio.

77 824 143 863 nes
164 808 333 882 expetunt,
356 807 386 854 et
408 815 526 855 morem
552 793 721 853 Gentilium
744 793 992 872 subsequuntur,
1025 807 1079 852 aut
1103 795 1136 852 in
1161 793 1219 854 do·

90 905 157 944 utos
173 901 243 939 situs
260 871 474 938 hitiuscemodi
494 877 633 935 kenuines
647 873 873 944 introducunt,
897 875 1078 958 inquirendi
1093 873 1220 958 aliquid

91 978 159 1026 arte
181 959 344 1044 malefica,
368 973 422 1018 αιιε
435 957 589 1038 expiandi
610 978 723 1026 carisa,
747 957 802 1016 sub
822 957 930 1034 regulo
945 958 1150 1040 quinquennii
1174 959 1219 1016 ia-

92 1058 182 1107 ceant
203 1042 370 1104 secumdum
395 1042 513 1122 gradus
537 1040 748 1123 poenitentioe
776 1036 934 1120 definitos.
975 1038 1113 1120 Oportet
1133 1039 1220 1100 enim

91 1128 171 1188 haec
185 1127 219 1185 in
238 1124 405 1199 omnibus,
424 1133 457 1184 et
477 1122 614 1182 maxime
630 1121 664 1180 in
680 1119 826 1180 his'locis
848 1120 903 1179 ubi
927 1119 1016 1181 licite
1037 1132 1070 1181 et
1088 1121 1221 1204 impunc

93 1210 187 1270 multi
206 1229 240 1269 se
254 1224 347 1289 posse
365 1213 419 1265 aut
439 1213 623 1287 perpetrare
646 1202 709 1263 hoc
731 1202 917 1278 confidunt,
939 1213 975 1262 ut
992 1201 1166 1268 studiosius
1189 1213 1223 1268 et
1301 1245 1305 1266 ι

93 1289 282 1373 diligentius
298 1289 531 1350 admoneantur
543 1295 576 1348 et
593 1285 736 1349 severius
754 1286 967 1368 corrigantur.
1212 1291 1215 1302 “

62 1393 63 1398 '
155 1398 205 1458 De
222 1395 294 1456 aliis
308 1395 396 1460 vitiis
417 1395 549 1476 quaein
570 1414 627 1452 usu
648 1394 739 1475 quusi
756 1412 816 1475 per
835 1405 979 1453 naturam
1000 1393 1163 1462 habentur.

122 1552 123 1560 ,
176 1499 298 1564 Xth„
310 1502 393 1561 Sunt
416 1509 449 1560 et
477 1497 539 1558 alia
562 1497 747 1560 detestanda
775 1498 872 1581 vitia,
895 1521 977 1580 quae
1003 1500 1046 1560 ita
1064 1503 1226 1568 habentur

96 1585 189 1670 quasi
206 1584 396 1644 naturaliter
408 1582 441 1641 in
463 1603 543 1658 usu,
559 1591 595 1641 ut
611 1602 648 1641 ea
667 1585 889 1664 perpetrantes
906 1583 1018 1664 quanti
1032 1585 1096 1646 sint
1113 1585 1228 1647 discri-

97 1668 194 1734 minis
210 1674 275 1728 uon
295 1667 477 1732 advertant;
500 1665 585 1725 sicut
598 1675 674 1724 sunt
689 1685 726 1724 eu
740 1685 821 1747 quae
838 1663 1009 1746 Apostolus
1028 1678 1135 1750 aperte
1150 1689 1217 1730 enu

98 1760 220 1827 meret,
243 1749 354 1824 idest,
376 1746 561 1824 ebrietates,
583 1746 843 1822 comessationes,
866 1749 1109 1826 contentiones,
1138 1749 1232 1828 irae,

98 1835 207 1908 rixae,
229 1830 461 1906 dissensiones,
481 1831 715 1903 detractiones,
733 1828 893 1905 invidiae,
918 1830 1126 1906 inimicitiae,
1144 1855 1229 1914 quae

98 1913 272 1987 homines,
287 1913 376 1972 iuxta
393 1911 755 1993 eundemApostolum,
777 1912 794 1970 d
815 1933 915 1993 reguo
943 1911 1002 1972 Dei
1032 1914 1228 1992 excludunt,

101 1999 144 2058 ita
163 1995 379 2075 inquientem:
404 1995 467 2077 Qui
485 1997 566 2055 enim
581 1995 657 2055 tolia
669 2005 784 2073 agunt,
807 2014 934 2072 regnum
952 1994 1013 2056 Dei
1035 2017 1097 2056 non
1119 2009 1235 2057 conse·'

101 2091 248 2164 queritur,
259 2078 296 2137 ln
313 2085 436 2136 tantum
448 2076 534 2138 enim
548 2100 584 2137 ea
599 2077 802 2158 impudenter
814 2086 845 2135 et
858 2074 1131 2159 fidenterquidam
1142 2103 1230 2139 coru-

102 2161 255 2236 mittunt,
270 2169 306 2219 ut
321 2159 435 2220 merito
453 2159 491 2218 de
513 2159 578 2220 illis
594 2159 657 2218 dici
675 2159 792 2240 possit:
813 2158 986 2217 Laetantur
1005 2181 1074 2220 cum
1087 2163 1231 2242 iesalefe-

103 2245 221 2317 serint,
243 2254 273 2300 et
290 2243 432 2302 exultant
445 2243 479 2300 in
496 2243 586 2302 rebus
602 2243 756 2323 pessimis.
797 2240 889 2301 Unde
913 2252 1040 2320 oportet
1062 2255 1097 2302 ut
1121 2265 1233 2306 omues

105 2323 278 2390 Christiani
301 2323 380 2384 haec
401 2332 433 2384 et
452 2324 614 2384 subtiliter
633 2324 825 2403 intellegant
839 2331 871 2382 et
892 2323 1119 2386 studiosissime
1139 2349 1234 2386 cave-

104 2418 180 2478 ant,
206 2427 247 2466 ne
267 2407 350 2466 forte
370 2428 405 2468 en
423 2415 660 2487 perpetrantes,
682 2414 714 2465 ct
734 2406 796 2464 alia
813 2405 896 2464 bona
918 2427 1000 2485 quae
1020 2418 1137 2490 agunt,
1157 2431 1236 2489 per-

104 2491 198 2566 dant,
220 2498 252 2550 et
267 2499 398 2570 propter
406 2487 486 2550 haec
508 2491 643 2571 tregue
658 2487 717 2549 Dei
734 2509 767 2548 se
783 2488 907 2547 alienos
926 2489 1055 2548 iaciant.
1079 2485 1237 2550 Similiter

105 2572 201 2634 etiam
218 2572 258 2633 de
276 2571 377 2633 otioso
396 2593 561 2648 sermone,
587 2581 674 2632 iuxta
694 2569 824 2629 Domini
843 2590 972 2646 vocem,
995 2591 1106 2633 omnes
1124 2573 1236 2634 reddi-

102 2656 169 2716 turi
184 2675 293 2728 sumus
307 2653 340 2714 iu
356 2653 407 2715 die
429 2655 547 2719 iudicii
563 2655 736 2716 rationem:
758 2653 797 2712 de
820 2653 1013 2713 scurrilitate
1034 2665 1066 2713 et
1093 2656 1236 2716 stultilo-
1286 2685 1287 2690 ι

104 2737 181 2818 quio
202 2748 234 2798 et
253 2736 551 2812 maledictionibus,
576 2737 721 2817 quoniam
732 2780 741 2811 ,
768 2735 863 2794 iuxta·
877 2734 1086 2816 Apostolum,
1105 2737 1237 2798 stratedi-

103 2833 206 2880 centes
220 2839 348 2898 regnum
360 2820 423 2878 Dei
440 2841 503 2879 non
512 2818 736 2901 possidebunt.-
751 2817 789 2878 de
805 2817 991 2894 mendacio,
1010 2817 1049 2876 de
1069 2819 1235 2900 periculo-

104 2924 159 2979 so,
181 2901 297 2978 noxio,
326 2901 515 2980 assiduoque
545 2901 740 2974 iuramento,
772 2910 804 2960 et
830 2899 997 2961 obscoenis
1021 2901 1235 2982 turpibusque

105 2983 257 3057 canticis,
281 2983 428 3043 omnibus
447 2983 635 3043 Christianis
661 2981 916 3063 intellegendum
948 2991 979 3042 et
999 2981 1238 3050 observandum

106 3075 198 3126 estut
213 3085 413 3145 summopere
432 3067 470 3124 ab
491 3064 542 3125 his
558 3085 590 3125 se
613 3074 763 3139 caveant,
786 3063 891 3125 uehis
911 3064 1078 3125 studentes
1096 3088 1155 3148 per
1178 3087 1237 3126 ue·

107 3146 301 3228 glegeutiam
332 3147 559 3208 detrimentum
583 3167 722 3211 suarum¹
737 3146 897 3227 patiantur
921 3146 1108 3208 animarum.
1136 3149 1237 3210 ‘Haec

106 3229 206 3310 igitur
229 3249 310 3309 quae
325 3229 468 3289 breviter
483 3229 654 3310 praemissa
668 3237 762 3306 suut,
782 3229 922 3310 primum
936 3229 1108 3290 adiuvante
1125 3230 1238 3294 divina

107 3310 208 3393 gratia
230 3311 249 3370 d
270 3311 503 3393 nobismetipsis
523 3311 718 3386 abdicando,
750 3311 884 3370 formam
906 3321 938 3370 et
962 3313 1148 3393 exemplum
1165 3315 1237 3377 aliis

24 3455 26 3460 ,
106 3392 259 3476 praebere
274 3395 461 3470 volumnus,
481 3404 515 3456 et
540 3393 686 3454 fidelibus
707 3392 1005 3454 vestrishumititer
1020 3394 1236 3474 innotescere,

25 3507 27 3522 ι
107 3484 141 3537 et
161 3474 300 3536 fideliter
318 3477 507 3538 denuntiare
527 3476 706 3538 necessario
721 3475 942 3537 iudicavimus.
972 3477 1037 3537 Sed
1057 3487 1090 3537 et
1108 3501 1167 3560 per
1179 3503 1237 3560 pa-

106 3557 233 3619 rochias
251 3571 372 3621 nostras
391 3559 711 3620 omnesadmouendo
726 3558 886 3618 instruere
904 3559 1061 3641 cupimus,
1077 3581 1129 3635 oe,
1148 3563 1237 3642 quod

32 3692 36 3701 .
107 3640 205 3717 absit,
226 3662 389 3720 persuum
406 3642 618 3723 ignorantiam
636 3651 668 3702 et
683 3650 822 3702 nostram
837 3642 1074 3725 neglegentiam
1089 3641 1237 3706 huiusce-

106 3722 195 3787 modi
212 3725 384 3786 mortiferis
405 3725 590 3786 subiaceant
605 3723 699 3786 vitiis.

129 3829 226 3913 ,Quod
243 3831 336 3891 Lairi
352 3851 470 3891 uxores
491 3831 560 3890 sola
580 3850 673 3890 cause
683 3829 832 3912 filiorum
862 3831 975 3892 tatere
999 3829 1154 3904 debeant,
1184 3844 1216 3892 et

317 3912 405 3996 quod
424 3913 600 3992 coniugium
625 3913 644 3972 a
664 3915 735 3996 pro
763 3928 809 3973 est
833 3914 1017 4002 institutum.

144 4017 149 4026 '
190 4015 322 4085 XXIII.
346 4017 569 4100 congessimus
585 4017 680 4078 etiam
690 4017 722 4076 in
736 4039 832 4099 opere
848 4025 1027 4081 conventus
1040 4020 1140 4082 nostri
1153 4042 1238 4081 non·

43 4142 48 4163 .
108 4099 201 4162 nulla
215 4100 277 4162 alia
298 4101 438 4183 capitulo
457 4100 497 4161 ad
514 4099 683 4160 Laicorum
699 4101 843 4162 fidelium
865 4101 1124 4162 observationem
1143 4113 1237 4164 etsu-

107 4183 211 4244 lutem
231 4183 442 4266 pertinentia,
466 4204 604 4266 quorum
624 4182 813 4252 hicomissa
830 4183 1018 4266 prolixitate¹
1038 4184 1236 4247 mentionem
1324 4232 1327 4252 ‚

108 4275 231 4326 tantum
248 4266 398 4335 facimus3
419 4264 645 4346 'scilicet'quod
664 4265 755 4328 nosse
780 4287 833 4326 eos
849 4275 994 4348 oporteat
1013 4267 1236 4351 coriiugiumir

49 4355 50 4358 ’
106 4351 259 4414 Decesse
274 4347 502 4430 coustitutum,
523 4357 555 4412 et
568 4349 655 4432 quod
666 4371 730 4411 nou
744 4349 786 4412 sit
801 4371 894 4412 causa
905 4347 1071 4428 luxuriae,
1092 4353 1149 4415 sed
1160 4375 1236 4414 cnu-
