2948 4990
522 399 646 457 11111111.
672 400 825 472 saurus:
1172 375 1246 448 ott
1338 389 1342 402 ·

149 531 194 593 Ut
226 534 360 617 capitale
385 528 571 624 supplicium
591 545 732 688 edacipiat
753 544 809 625 qui
836 529 1021 606 uiolentiam
1040 525 1228 602 commisisse

620 629 781 688 inoscitur.
1254 625 1257 634 ’

208 722 482 792 CCCLXXXVL
525 725 590 808 Qui
628 731 829 793 manifestam
870 683 1030 812 detegitur
1056 727 1249 791 commisisse
1330 779 1331 786 a
1411 749 1414 758 ’

118 806 324 888 violentiam,
342 833 405 872 non
425 813 487 874 iam
503 813 699 895 relegatione
714 825 768 874 aut
790 812 1008 896 deportatione
1023 811 1145 876 insulae
1161 811 1243 891 ploc-

117 901 224 966 laiffl'a
244 894 302 954 8θᾶ
317 896 510 977 supplicium
526 897 660 977 capitale
681 897 828 978 excipiat,
849 917 909 956 uec
924 894 1108 975 interposita
1124 897 1251 974 (proro-

123 973 262 1036 callonls
283 979 440 1039 sententia
462 979 594 1060 quaein
613 1002 686 1040 eum
705 980 828 1040 fuerint
856 978 938 1040 dicta
949 978 993 1057 71),
1018 977 1249 1058 suspendatur:

123 1055 282 1140 quoniam
303 1061 402 1122 multa
418 1063 560 1122 facinora
577 1063 635 1124 sub
655 1085 720 1124 uno
740 1062 914 1124 violentiae
937 1059 1066 1121 nomine
1085 1058 1252 1120 continen-

124 1151 192 1208 tur,
215 1161 286 1198 cum
300 1143 371 1204 aliis
392 1145 457 1203 vim
478 1145 598 1206 inferre
613 1146 820 1220 tentantibus,
843 1144 913 1205 aliis
934 1165 1008 1204 cum
1029 1139 1253 1220 indignatione

126 1220 349 1286 resistentibus
372 1225 502 1304 verbera
531 1228 708 1311 caedesque
731 1229 843 1288 crebro
873 1228 1066 1308 deteguntur
1088 1223 1253 1282 admissae.

126 1302 223 1365 Unde
237 1309 411 1386 placuitnt
430 1308 456 1369 si
476 1311 560 1372 forte
586 1311 658 1391 quis
681 1312 732 1372 vel
750 1332 789 1371 ex
805 1309 996 1392 possidentis
1015 1315 1121 1388 parte,
1137 1301 1188 1366 rel
1211 1323 1251 1362 ex

129 1387 201 1450 eius
222 1390 279 1469 qui
300 1391 531 1467 possessionem
549 1403 703 1454 temerare
718 1383 898 1469 tentaverit,
919 1391 1129 1470 interemptus
1150 1385 1201 1460 sit,
1216 1383 1249 1443 in

129 1493 205 1533 eum
219 1473 411 1554 supplicium
436 1474 524 1536 exeri
548 1475 605 1558 qui
626 1475 691 1534 vim
712 1477 817 1538 facere
839 1473 1028 1552 tentaverit,
1050 1481 1084 1532 et
1105 1465 1252 1530 alterutri

126 1555 213 1638 parti
233 1576 359 1617 causam
383 1557 537 1618 malorum
557 1557 715 1639 praebuit.
1118 1553 1120 1558 ’

293 1665 342 1722 De
363 1685 399 1724 eo
421 1665 476 1739 qui
491 1663 552 1723 sibi
569 1662 739 1724 indebitum
761 1663 862 1723 locum
880 1661 1087 1738 usurpaverit.
1229 1726 1234 1736 ⁴

212 1744 485 1806 cchxxxvll.
527 1744 561 1804 Si
580 1746 652 1826 quis
669 1744 848 1804 indebitum
868 1743 927 1804 sibi
948 1745 1055 1804 locum
1077 1755 1250 1817 usurpave-

128 1824 197 1904 rit,
219 1826 307 1886 nulla
324 1847 356 1888 se
378 1825 579 1910 ignoratione
598 1827 761 1906 defendat,
782 1828 886 1910 sitque
907 1827 1002 1909 plene
1016 1820 1174 1904 sacrilegii
1196 1841 1254 1881 re·

129 1927 169 1970 us
194 1909 250 1990 qui
268 1909 330 1969 hoo
352 1931 444 1992 agere
464 1910 644 1970 tentaverit.

156 2013 198 2076 Ut
221 2016 373 2076 inuiolata
391 2026 593 2092 permaneant
613 2034 690 2096 quae
715 2013 839 2075 diuersi
864 2015 1027 2097 Principes
1047 2023 1229 2072 statuerunt.

215 2096 500 2160 CCCLXXXVIH.
543 2099 765 2176 Quaecunque
794 2096 876 2158 circa
901 2104 1114 2159 sacrosanctus
1134 2092 1250 2154 Eccle-

128 2177 193 2274 sias
210 2179 228 2238 al
247 2178 450 2262 Principibus
468 2177 601 2241 diversis
621 2189 694 2239 sunt
708 2189 833 2257 statuta,
852 2185 981 2241 manere
996 2177 1147 2241 inviolata
1162 2194 1251 2260 prue-

129 2283 275 2342 ciprmus.

133 2366 177 2428 Ut
197 2368 226 2426 si
244 2367 403 2427 Ecclesiae
421 2367 590 2450 priuilegia
608 2365 928 2429 alicuiustemeritate
941 2363 1067 2446 fuerint
1087 2375 1248 2447 corrupta,

251 2451 407 2532 piaculum
429 2451 561 2522 pariaque
587 2451 735 2512 librarum
757 2453 829 2510 atari
850 2471 952 2532 poena
972 2448 1141 2512 multetur„

213 2532 465 2592 CCCLXXXlX.
509 2531 541 2592 Si
561 2532 723 2594 Ecclesiae
741 2531 936 2593 venerabilis
957 2528 1127 2612 privilegia
1146 2525 1250 2586 cuius·

128 2635 225 2696 quarn
249 2615 372 2674 fuerint
389 2613 567 2692 temeritate
586 2615 720 2691 violata,
742 2615 793 2674 vel
819 2612 1071 2676 dissimulatione
1093 2609 1248 2689 neglecta,

128 2696 331 2838 ἓοωωίεευω
352 2697 498 2779 quinque
520 2695 675 2758 librarum
701 2697 770 2758 anri
793 2695 1060 2758 condemnatione
1081 2693 1248 2776 plectatur.

156 2799 235 2858 upra
257 2801 283 2839 c.
310 2779 375 2844 116.

155 2885 197 2946 Ut
212 2905 289 2966 quae
311 2883 433 2944 diuersi
457 2883 622 2967 Principes
641 2896 830 2953 statuerunt,
851 2877 906 2942 uel
928 2879 1091 2940 Antistites
1115 2875 1231 2956 singuli

167 2988 227 3052 pro
253 2968 354 3027 causis
376 2968 590 3027 ecclesiasticis
620 2969 835 3036 obtinuerunt,
859 2964 1042 3026 inconvulsa
1056 2973 1207 3046 perpetuo

605 3061 776 3110 seruentur.

213 3131 360 3195 CCCXC.
413 3131 633 3212 Quaecunque
672 3131 690 3190 al
726 3131 806 3191 divis
838 3121 1043 3212 Principibus
1077 3117 1249 3186 constituta
1351 3173 1354 3180 .

129 3223 216 3289 sunt,
238 3213 288 3272 vel
308 3213 427 3291 singuli
440 3214 561 3296 quique
576 3213 742 3274 Antistites
762 3236 820 3292 pro
840 3211 942 3272 causis
957 3207 1178 3272 ecclesiasticis
1193 3207 1249 3266 im·

127 3305 306 3379 petrarunt,
328 3297 387 3355 suh
408 3317 511 3374 poena
529 3295 686 3378 sacrilegii
713 3295 778 3376 iugi
801 3305 832 3355 et
859 3293 961 3354 solida
983 3291 1168 3353 aeternitate
1185 3311 1249 3352 ser·

129 3388 255 3439 ventur.
299 3377 431 3453 Clerici,
454 3399 518 3437 non
547 3378 742 3441 secularibus
778 3377 964 3452 lodicibus,
994 3374 1050 3436 sed
1076 3372 1248 3456 episcopali

128 3459 310 3522 audientiae
331 3469 552 3522 reses-ventura
573 3464 620 3522 fas
643 3460 730 3521 enim
750 3480 815 3521 non
843 3469 890 3520 est
917 3466 955 3518 ut
978 3455 1079 3518 diuini
1106 3456 1247 3516 muneris

129 3543 277 3606 ttinistri.
296 3542 520 3625 temporalium
555 3546 751 3607 Potestatum
785 3541 964 3603 subdantur
992 3538 1133 3599 arbitrio.
1183 3539 1258 3606 Su-¹

124 3647 187 3711 pra
207 3647 233 3690 c.
260 3647 304 3685 11.

169 3732 218 3791 De
240 3733 411 3814 privilegiis
431 3731 655 3804 Ecclesiarum,
671 3730 814 3814 quatinus
827 3735 1010 3815 incorrupta
1026 3731 1205 3812 persistant,

253 3839 416 3904 CCCXCI.
456 3838 672 3920 Praecipimus
693 3847 729 3898 ut
749 3838 919 3920 privilegia
940 3857 1022 3918 quae
1043 3833 1195 3896 Ecclesiis
1215 3843 1247 3894 et
1285 3879 1287 3884 .

130 3917 264 3980 Clericis
284 3921 367 4002 Lege
391 3943 541 3984 concessa
561 3930 646 4000 sunt,
668 3931 819 3982 maneant
838 3920 1030 4001 incorrupta.

132 4033 228 4118 Quod
246 4037 369 4097 seruari
389 4035 520 4110 debeat,
545 4039 650 4119 potius
669 4033 920 4120 quamanferri,
940 4015 1029 4120 quod
1046 4044 1171 4094 sanctae
1186 4031 1249 4091 Dei

458 4119 617 4180 Ecclesiae
628 4118 733 4200 suerit
758 4120 913 4185 collatum.

211 4199 390 4268 cccxon.
431 4201 583 4285 Iniquum
603 4211 652 4265 est
672 4212 704 4264 et
720 4201 880 4284 sacrilegii
908 4201 1008 4263 instar
1027 4209 1063 4262 ut
1084 4219 1166 4284 qnae
1188 4219 1247 4282 pro

162 4357 200 4423 l)
220 4355 337 4422 Legend.
360 4359 566 4430 provocatione,
585 4359 736 4422 centenum·
751 4375 821 4430 quac
840 4359 870 4409 iu
890 4349 947 4412 eun
958 4361 1053 4430 ficet-it
1071 4357 1155 4414 dicta.
