2948 4990
230 297 303 376 668
681 285 967 376 carrrnasnr‘nn

311 455 491 520 Auctoritas
508 453 723 518 ecclesiastica
740 463 836 536 atque
860 451 1015 516 canonica
1031 450 1126 514 docet
1141 471 1206 514 non
1229 451 1356 516 debere
1457 525 1458 528 Ἴ

229 541 348 624 absque
366 538 525 598 sententia
548 538 681 598 Romani
707 536 872 597 Pontificis
897 534 1042 596 Consilia
1064 535 1237 601 celebrare.
1456 547 1458 640 p

309 617 459 702 Episcopi
480 619 743 684 intercessionem
760 626 924 702 praestent
944 617 994 678 bis
1019 618 1077 700 qui
1102 617 1215 699 iniqua
1234 616 1269 679 vi
1296 638 1356 700 op—

226 705 419 794 primuntur.

308 785 425 848 Nullas
441 783 617 866 Episcopus
635 783 698 845 nisi
720 782 753 844 in
774 779 917 865 legitima
936 779 1079 863 synodo,
1101 788 1133 840 et
1148 799 1207 840 suo
1222 787 1356 875 tempo-

104 889 117 906 ··
227 891 263 935 re
283 867 454 952 apostolica
466 875 562 946 atque
580 865 733 927 canonica
746 865 914 927 vocatione
935 871 1138 946 congregata,
1158 883 1256 944 super
1273 885 1361 945 qu1-.

226 955 360 1016 busdam
379 949 567 1010 criminibus
587 948 729 1030 pulsatus
746 947 903 1007 audiatur.
1087 1003 1089 1008 .

308 1035 409 1096 Nemo
427 1031 621 1112 Episcopum
635 1029 720 1112 apud
735 1029 863 1091 ludices
878 1027 1038 1090 seculares
1054 1047 1202 1090 accusare
1212 1047 1354 1109 praesu·

226 1126 301 1195 mat,
322 1113 378 1177 scd
394 1114 478 1194 apud
496 1111 652 1174 Primates
666 1132 749 1174 snos.

307 1198 515 1259 Accusatores
535 1201 570 1254 et
587 1194 807 1256 accusationes
827 1214 906 1275 quas
916 1193 1017 1272 Leges
1027 1188 1128 1252 seculi
1139 1211 1204 1250 non
1228 1189 1350 1254 adscis-

225 1288 322 1352 cunt,
353 1277 507 1339 canonica
527 1275 674 1338 funditus
694 1275 823 1358 repellit
844 1275 1023 1337 auctoritas.

305 1361 410 1424 Variis
434 1357 684 1420 detractionibus
706 1367 738 1418 et
763 1357 1017 1420 accusationibus
1046 1375 1112 1415 nou
1136 1353 1231 1416 decet
1257 1356 1350 1420 labe-

223 1443 336 1506 iactari
358 1442 548 1519 Primatem,
570 1440 627 1502 sed
649 1439 746 1522 magis
766 1441 898 1501 Petrum
923 1436 1046 1522 regulis
1071 1435 1225 1502 roborari.
1265 1441 1350 1500 Nam

225 1537 257 1589 et
276 1524 423 1586 Liberius
440 1526 524 1603 Papa
545 1544 603 1604 pro
623 1521 796 1592 Athanasio
826 1522 950 1584 duobus
975 1519 1069 1580 annis
1091 1518 1127 1576 in
1155 1519 1254 1582 exilio
1275 1531 1348 1581 tru-

222 1629 276 1670 sus
298 1615 359 1677 est;
383 1615 414 1666 et
434 1603 527 1666 multi
549 1603 604 1664 alii
621 1603 772 1687 Episcopi
786 1604 842 1686 qui
862 1626 936 1666 eum
955 1603 1105 1664 damnare
1119 1600 1297 1664 voluerunt
1311 1605 1346 1682 r),

223 1689 322 1750 exilio
344 1697 419 1748 sunt
439 1686 594 1749 damuati:
616 1707 755 1769 quorum
777 1688 961 1770 exemplum
978 1705 1088 1746 omnes
1116 1685 1272 1746 convenit
1292 1707 1346 1748 se-

222 1771 281 1853 qui
306 1769 502 1834 Sacerdotes.

305 1850 446 1913 Multum
464 1849 628 1933 derogatio
646 1849 829 1934 praevalet,
850 1849 979 1932 quando
1006 1847 1176 1930 derogator
1198 1845 1346 1910 creditur

220 1934 284 1996 fide
301 1933 428 2014 dignus.
470 1933 546 1994 Ideo
570 1953 635 1992 non
655 1953 763 1994 omnes
781 1932 971 1994 admittendi
991 1940 1083 2008 suut,
1105 1929 1161 1991 sed
1185 1930 1248 1991 viri
1267 1951 1345 2012 pro-

219 2014 384 2080 batissimi.
424 2013 532 2075 Primo
548 2036 672 2095 semper
691 2035 837 2096 persona,
859 2015 958 2092 fides,
979 2012 1064 2089 vita,
1086 2021 1118 2074 et
1141 2013 1344 2074 conversatio

221 2095 440 2159 accusantium
463 2095 653 2177 inquiratur.
693 2097 735 2158 Et
750 2106 857 2176 postea
880 2117 963 2178 quae
981 2095 1183 2172 obiciuntur,
1204 2095 1345 2156 fideliter

218 2188 474 2264 pertractentur;
508 2175 586 2257 quia
606 2177 688 2238 nibil
714 2179 807 2239 aliter
825 2177 896 2240 lieri
918 2178 1025 2257 debet,
1044 2178 1107 2240 nisi
1123 2177 1343 2259 impetitorum

218 2261 310 2346 prins
336 2260 401 2324 vita
422 2259 620 2324 discutiatur.

300 2344 370 2405 Non
397 2351 445 2402 est
470 2341 639 2404 auctoritas
663 2361 856 2424 quemquam
881 2339 1080 2404 Clericorum
1109 2338 1251 2403 iudicare
1287 2342 1343 2404 vel

219 2426 370 2488 damnare
390 2434 561 2505 antequam
586 2432 783 2486 accusatores
808 2433 989 2507 praesentes
1011 2424 1147 2502 babeat,
1168 2424 1342 2509 locumque

219 2527 254 2571 se
277 2505 476 2568 defendendi
497 2505 633 2586 accipiat
654 2505 694 2566 ad
719 2506 878 2568 abluenda
897 2506 1039 2571 crimina.

301 2588 414 2650 Omnis
435 2587 594 2650 accusatio
616 2588 701 2648 intra
729 2588 927 2670 provinciam
949 2589 1114 2666 audiatur,
1144 2596 1176 2649 et
1196 2587 1214 2648 a
1241 2590 1339 2650 Com·

217 2669 470 2755 provincialibus
488 2669 690 2734 terminetur.
733 2671 823 2730 Ultra
846 2670 1032 2753 provinciae
1060 2670 1214 2732 terminos
1243 2693 1340 2733 accu-

218 2752 310 2815 sandi
331 2751 464 2814 licentia
485 2773 550 2813 non
569 2751 802 2834 progrediatur.

300 2836 491 2916 Episcopus,
511 2855 572 2895 nec
592 2843 790 2916 provocatus,
810 2855 869 2916 pro
892 2835 988 2896 rebus
1010 2832 1203 2897 transitoriis·
1222 2833 1338 2916 litiget.

226 2933 229 2939 '
299 2917 372 2986 Non
400 2926 448 2977 est
473 2915 592 2990 iustum
616 2915 758 2977 iudicare
787 2926 843 2976 aut
870 2918 1084 2980 condemnare
1111 2919 1218 2982 virum
1246 2917 1339 2982 ouius

219 3019 313 3064 causa
334 2997 419 3058 adli
467 2997 556 3059 idum
580 3017 656 3060 non,
668 3009 717 3060 est
736 2999 921 3060 examinata.

299 3079 403 3142 Maior
420 3019 585 3140 luminore
607 3101 672 3140 nou
693 3088 796 3160 potest
817 3081 961 3147 iudicari.
1103 3160 1105 3164 Ι

299 3159 419 3222 Indicis
429 3181 494 3222 non
510 3170 558 3222 est
575 3164 754 3242 quemlibet
767 3163 909 3226 iudicare
924 3162 976 3226 vel
990 3161 1202 3226 condemnare
1220 3163 1338 3246 absque

217 3243 362 3326 legitimo
377 3253 579 3314 accusatora3
602 3243 678 3324 quia
697 3254 730 3306 et
745 3245 900 3307 Dominus
920 3245 1032 3306 Iudam
1046 3247 1239 3308 durem‘esse
1262 3248 1341 3310 scie·

216 3327 282 3404 bat,
299 3323 361 3385 'sed
381 3325 457 3404 qnia
473 3347 536 3386 non
558 3334 607 3386 est
629 3334 804 3403 accusatus,
827 3327 900 3389 ideo
921 3336 1049 3388 nonest
1067 3329 1196 3390 eiectus.
1220 3329 1340 3410 V.598.
1376 3347 1378 3352 '

299 3405 473 3487 Episcopus
499 3407 636 3485 eiectos,
659 3417 754 3489 atque
780 3409 845 3470 suis
862 3410 957 3471 rebus
977 3410 1171 3492 expoliatos,
1192 3410 1225 3470 in
1250 3412 1340 3473 sedes

239 3488 362 3570 roprias
382 3488 495 3571 recipi,
517 3499 550 3550 et
570 3508 627 3552 sun
643 3489 750 3550 omnia
775 3490 924 3572 legaliter
945 3491 1048 3572 primo
1067 3492 1112 3552 eis
1130 3492 1222 3555 reddi
1237 3493 1340 3554 sancti

215 3514 364 3634 Eunones
388 3569 617 3642 decreveratis
651 3581 685 3634 et
705 3581 815 3652 postea
842 3573 869 3634 si
882 3574 955 3653 quis
987 3596 1040 3634 eos
1060 3595 1208 3636 accusare
1229 3575 1339 3652 vellet,

216 3673 321 3734 aequo
342 3651 488 3732 periculo
509 3654 615 3714 facere
636 3655 855 3732 sanciverunt,
887 3657 1016 3718 ludices
1041 3678 1106 3718 esse
1129 3658 1339 3718 decernentes

215 3737 391 3818 Episcopus
405 3745 492 3796 recto
507 3735 666 3818 sapientes
683 3736 716 3796 iu
736 3735 883 3797 Ecclesia
904 3737 1146 3816 convenientes,
1170 3740 1225 3800 ubi
1245 3749 1339 3801 testes

215 3828 322 3880 essent
342 3816 544 3910 singulorum
560 3817 617 3899 qui
639 3819 781 3900 oppressi
804 3818 1003 3885 ridebantur.

295 3899 423 3962 Placuit
443 3908 479 3958 ut
503 3899 531 3960 si
553 3919 765 3980 quaecunque
790 3923 925 3984 persona
944 3912 1055 3964 contra
1070 3903 1265 3986 Episcopum
1286 3904 1339 3965 rel

215 3992 338 4044 actores
368 3979 531 4042 Ecclesiae
558 4003 591 4042 se
617 3984 783 4064 proprium
806 3985 981 4046 crediderit
1005 3984 1122 4047 habere
1151 3985 1336 4067 negotium,

212 4066 304 4150 prius
325 4063 367 4125 ad
385 4083 460 4124 eum
476 4073 621 4125 recurrat
640 4065 779 4127 caritatis
802 4066 924 4138 studio;
949 4077 985 4129 ut
1004 4067 1154 4128 familiari
1176 4054 1339 4150 colloquio

213 4144 427 4210 commonitus
444 4166 482 4206 ea
495 4167 608 4210 sanare
626 4146 740 4211 debeat
759 4147 893 4231 quaein
915 4150 1149 4232 querimoniam
1170 4151 1339 4214 deducun-

250 4280 261 4332 ἰ
269 4278 286 4346 )
304 4276 418 4346 Legaud.
430 4257 595 4337 {Efficite
