2910 4986
524 339 639 398 aaran
674 333 863 407 ausurus
1011 347 1012 354 Ν
1182 306 1255 384 479

257 490 312 554 De
329 490 494 574 mancipiis
510 489 545 548 in
563 481 661 546 villas
685 477 860 540 dominicas
881 469 1143 554 confugientibus.

191 595 292 660 «XLI.
336 595 369 658 si
385 593 561 656 cuiuslibet
576 584 736 667 mancipia
753 583 786 642 in
807 580 918 643 villam
941 587 1082 638 nostram
1093 576 1256 662 coninge-

124 683 200 760 rint,
222 690 310 740 actor
336 678 481 739 eiusdem
500 673 596 734 villae
617 665 787 752 quaerenti
803 661 933 724 domiuo
951 682 988 721 ea
1010 660 1255 737 noncontradi-

124 774 184 840 cat,
207 761 264 824 scd
289 761 394 822 statim
414 781 451 821 ea
473 760 558 819 foras
575 751 744 815 decadem
764 747 843 808 villa
859 743 963 806 eiciet.
1004 742 1048 802 Et
1062 741 1088 802 si
1110 764 1145 804 se
1166 749 1259 825 putat

124 847 217 906 adea
239 842 419 924 repetenda
443 839 597 902 iustitiam
619 832 750 908 habere,
772 836 898 912 repetat
922 826 999 902 illa,
1024 834 1055 886 et
1079 825 1259 886 secundum

124 929 229 1010 legem
245 924 402 1006 adquirat.
445 923 572 984 sivero
593 928 736 1000 tempore
758 909 877 992 Domni
898 907 1009 970 Karoli
1025 905 1178 989 genitoris
1197 928 1259 967 no-

123 1009 178 1072 stri
198 1009 232 1068 in
253 1007 365 1069 villam
390 1005 481 1066 illam
501 1003 735 1084 confugerunt,
758 1003 791 1056 et
812 991 961 1055 dominus
982 1011 1019 1050 ea
1041 988 1184 1070 quaerit,
1207 1010 1260 1050 ac·

123 1105 174 1154 tor
196 1090 341 1151 eiusdem
364 1088 462 1152 uillae
486 1093 541 1147 aut
563 1105 601 1144 ea
619 1080 764 1163 legitime
790 1073 983 1150 contendat,
1006 1067 1061 1132 au't
1085 1069 1257 1154 quaerenti

124 1173 255 1235 domino
273 1171 395 1232 reddat.
443 1171 486 1232 Et
514 1175 604 1228 actor
629 1171 762 1247 propter
788 1157 974 1220 vestituram
996 1153 1117 1215 Domni
1143 1151 1258 1216 Karoli

124 1254 278 1338 genitoris
304 1250 404 1313 nostri
424 1253 536 1314 eadem
561 1245 719 1329 mancipia
741 1238 962 1304 contradicere
993 1256 1059 1297 nou
1078 1234 1206 1315 audeat,
1228 1235 1258 1298 si

124 1337 213 1400 illius
231 1335 363 1422 propria
380 1356 446 1396 esse
466 1340 653 1394 noscuntur.
695 1325 780 1389 Ibid.
803 1346 829 1385 c.
845 1323 876 1384 6.

384 1427 450 1501 'Dc
463 1437 641 1522 forestibus
661 1434 788 1495 nouiter
805 1429 969 1496 institutis.
998 1486 1006 1502 ,

197 1545 306 1611 'XLII
347 1550 391 1608 Ut
407 1543 593 1628 quicunque
608 1540 679 1600 illas
699 1537 814 1614 habet,
845 1533 993 1610 dimittat,
1016 1531 1080 1594 nisi
1097 1533 1182 1594 forte
1207 1533 1258 1594 in·

124 1633 211 1697 dicio
233 1628 339 1695 veraci
358 1627 528 1690 ostendere
543 1622 645 1706 possit
656 1620 742 1702 quod
758 1639 818 1702 per
835 1617 1010 1678 iussionem
1024 1615 1092 1677 sive
1106 1635 1167 1698 per
1184 1637 1257 1698 per·

124 1713 310 1778 missionem
322 1710 442 1773 Domui
456 1705 568 1770 Karoli
587 1702 740 1788 genitoris
753 1699 853 1762 nostri
867 1721 919 1762 eas
937 1697 1143 1767 instituisset;
1165 1717 1257 1780 prae·

125 1807 174 1859 ter
193 1795 264 1858 illas
282 1815 366 1877 quae
388 1793 429 1853 ad
445 1799 589 1853 nostrum
607 1807 686 1870 opus
705 1784 881 1866 pertinent,
896 1782 983 1843 unde
1000 1801 1059 1842 nos
1078 1779 1255 1847 decernere

126 1881 273 1944 volumus
290 1874 448 1960 quicquid
468 1871 560 1933 nobis
576 1868 745 1954 placuerit.
786 1863 870 1928 Ibid.
891 1885 918 1926 c.
941 1885 969 1946 7.

303 1987 359 2047 De
378 1980 526 2066 pontibus
540 1997 600 2062 per
625 1975 755 2036 diuersa
775 1972 845 2034 loca
866 1970 1080 2033 emendandis.

203 2088 329 2154 XLIII.
357 2086 515 2169 Volumus
526 2083 567 2162 utf
577 2080 665 2143 Missi
678 2076 777 2139 nostri
787 2098 847 2160 per
858 2077 1000 2160 singulas
1010 2077 1168 2157 civitates,
1186 2099 1253 2140 una

122 2199 197 2240 cum
217 2171 379 2255 Episcopo
400 2177 434 2229 et
457 2165 592 2241 Comite,
615 2163 726 2224 Missos
749 2161 803 2222 vel
826 2170 950 2222 nostros
968 2159 1115 2224 homines
1134 2161 1257 2224 ibidem

123 2262 365 2322 commanentes
388 2250 528 2342 eligant,
558 2267 696 2329 quorum
717 2263 812 2304 curae
842 2242 884 2304 eit
904 2252 1019 2324 pontes
1045 2264 1104 2326 per
1127 2243 1257 2306 diversa

121 2345 191 2404 loca
218 2335 402 2411 emendare,
422 2342 454 2393 et
476 2329 606 2411 eos-qui
634 2326 707 2388 illos
726 2325 904 2386 emendare
922 2325 1057 2400 debent,
1080 2343 1120 2384 ex
1147 2334 1255 2386 nostra

122 2423 267 2485 iussione
287 2418 459 2478 ndmbnere
487 2420 523 2471 ut
550 2409 771 2491 unusquisque
793 2407 882 2468 iuxta
900 2427 989 2468 suam
1009 2405 1258 2489 possibilitatem.

119 2515 152 2568 et
166 2501 384 2588 quantitatem
401 2518 455 2558 eos
480 2493 650 2556 emendare
673 2489 807 2552 studeat.
854 2487 940 2551 Ibid.
955 2510 981 2553 c.
996 2488 1027 2550 8.

119 2613 175 2675 De
200 2607 358 2688 legatione
378 2603 516 2666 omnium
535 2599 707 2659 Missurum
727 2594 975 2669 dominicorum,
1005 2593 1045 2656 de
1067 2595 1178 2679 quibus
1198 2594 1253 2657 vi-

425 2682 539 2743 delicet
559 2681 661 2742 causis
692 2697 783 2757 agere
805 2676 948 2743 debeant.

200 2795 318 2860 XLIV.
357 2790 488 2872 Legatio
515 2785 657 2847 omnium
687 2783 858 2844 Missornm
889 2791 1073 2844 nostrorum
1095 2782 1176 2845 haec
1197 2792 1254 2846 est.

117 2883 252 2956 Priamo,
276 2886 310 2936 ut
324 2874 407 2936 sicut
425 2873 487 2930 iam
500 2867 572 2930 aliis
589 2866 694 2929 Missis
716 2865 900 2925 iniunctum
920 2865 1001 2942 fuit,
1023 2864 1176 2926 iustitiam
1201 2868 1254 2928 fa.

117 2966 210 3027 ciant
226 2960 267 3021 de
282 2957 378 3020 rebus
395 2963 428 3015 et
444 2951 640 3012 libertatibus
657 2947 776 3008 iniuste
786 2947 908 3008 ablatis.
949 2948 992 3008 Et
1014 2949 1039 3009 si
1056 2947 1253 3033 Episcopus,

118 3057 176 3108 aut
190 3042 316 3116 Abbas,
338 3048 393 3098 aut
408 3033 570 3110 Vicarius,
592 3041 647 3092 aut
659 3030 861 3108 Advocatus,
884 3039 938 3089 aut
955 3029 1108 3110 quislibet
1127 3032 1167 3090 de
1179 3032 1254 3114 ple.

116 3131 158 3191 be
180 3129 247 3189 hoc
273 3122 386 3184 fecisse
413 3118 563 3178 inventus
586 3113 702 3189 fuerit,
724 3112 831 3174 statim
855 3111 1075 3177 restituantur.
1117 3112 1152 3173 si
1175 3135 1253 3177 vero

121 3213 172 3273 vel
190 3211 327 3280 Comes,
355 3201 407 3263 vel
421 3200 520 3260 Actor
540 3196 740 3274 dominicus,
762 3195 816 3255 vel
832 3193 1039 3256 alterMissus
1078 3194 1167 3254 alatii
1180 3218 1253 3259 nos.

116 3293 240 3354 tribou
262 3281 518 3371 perpetraverit,
540 3280 623 3340 etin
647 3286 787 3338 nostram
803 3273 992 3359 potestatem
1010 3219 1183 3358 subegerit,
1199 3299 1252 3340 re„
1290 3313 1292 3320 Α

116 3374 299 3456 diligenter
319 3365 506 3446 investigata
522 3372 554 3423 et
573 3360 730 3444 descripta
741 3424 743 3430 ,
754 3359 794 3420 ad
816 3367 962 3422 nostrum
978 3359 1135 3422 iudicium
1150 3380 1254 3423 reser-

116 3466 227 3520 vetur.
272 3447 408 3533 Capitul.
432 3445 471 3508 V.
492 3467 522 3505 a.
542 3445 614 3526 819.
634 3463 661 3504 c.
688 3464 713 3508 r.

115 3589 173 3652 De
195 3583 263 3645 illis
284 3577 481 3642 libertatibus
503 3585 534 3634 ct
554 3573 645 3634 rebus
660 3570 832 3639 reddendis
853 3593 931 3656 quac
952 3573 986 3632 in
1006 3570 1166 3638 dominica
1186 3595 1251 3646 ues-

377 3662 473 3720 titnra
494 3668 566 3716 sunt
573 3700 585 3728 ,
620 3653 756 3737 qualiter
776 3655 994 3738 inquirantur.¹
1328 3648 1338 3674 ⁸

197 3769 297 3833 XLV.
340 3765 499 3830 Volumus
522 3769 628 3822 autem
653 3767 689 3819 ut
717 3759 757 3820 de
785 3759 836 3822 his
861 3760 1063 3822 libertatibus
1091 3771 1123 3823 et
1151 3761 1248 3826 rebus

114 3851 295 3918 reddendis
312 3869 394 3932 quae
412 3847 446 3906 in
469 3855 577 3906 nostra
606 3842 760 3904 vestitura
788 3852 881 3919 sunt,
904 3845 1008 3924 primo
1031 3864 1091 3926 per
1114 3846 1249 3927 optimos
1292 3847 1294 3851 ’

117 3955 264 4019 quosque
281 3930 472 4014 inquiratur.
514 3925 597 3988 Etsi
623 3945 682 4007 per
699 3923 773 3985 illos
790 3924 929 3986 inveniri
950 3946 1014 3985 non
1033 3935 1155 4007 potest,
1170 3938 1249 3991 tunc

117 4038 245 4099 percos
264 4015 320 4096 qui
344 4022 415 4096 post
435 4012 508 4072 illos
522 4009 554 4068 in
578 4008 634 4067 illa
652 4006 769 4067 vicinia
790 4006 938 4066 meliores
958 4018 1042 4068 sunt.
1082 4009 1125 4067 Et
1144 4009 1170 4068 si
1188 3998 1248 4072 nob

119 4119 176 4180 per
192 4099 267 4159 illos
291 4096 340 4157 rei
356 4093 471 4154 veritas
491 4089 630 4151 inveniri
650 4099 769 4171 potest,
792 4098 870 4148 tunc
884 4089 979 4148 liceat
996 4089 1194 4172 litigantibus
1210 4115 1246 4154 ex
1263 4114 1265 4122 ’

121 4188 257 4262 utraque
278 4187 366 4260 parte
383 4185 477 4238 testes
490 4171 658 4234 adhibere.
674 4174 715 4232 Et
735 4172 759 4232 si
778 4170 1051 4248 discordavermt,
1071 4174 1248 4236 secundum

109 4262 384 4324 'constitutionem
404 4259 420 4319 d
444 4255 534 4319 nobis
552 4255 783 4340 promulgatam
801 4255 1035 4319 examIncntur.
1076 4253 1161 4318 lbid.
1180 4279 1207 4330 e,
1223 4280 1246 4322 χ,
