2926 4986
565 327 905 391 mmnmmmm.
1056 369 1061 380 .
1190 309 1280 384 tv

345 466 385 530 Ut
406 466 599 566 appellantes
617 469 703 530 nullu
724 477 890 531 arceantur
911 469 1098 552 detentione,

237 573 482 640 CCCXXXlll.
524 575 837 658 Appellantemnon
861 577 1112 647 debetasssictio
1136 560 1286 652 ulla,'aut
1355 565 1363 573 '¹

155 656 293 718 carceris
316 661 370 716 aut
391 656 585 718 detentionis
607 659 763 740 iniuriare
780 660 931 720 custodia.
972 662 1015 720 Et
1031 661 1128 720 liceat
1145 659 1285 744 appella·

154 739 218 798 tori
239 739 382 800 vitiatam
403 761 529 800 causam
554 741 778 822 appellationis
800 742 944 802 remedio
968 743 1147 807 sublevare.

153 844 203 906 Dc
228 847 277 907 lu's
297 848 368 928 qui,
392 859 576 931 contempto
590 845 807 928 fideiussore,
833 847 876 907 ad
896 847 1082 908 solutionem
1100 847 1283 933 potiusde-

549 929 681 990 bitorem
707 929 888 1008 delegerint.

275 1033 517 1118 CCCXXXIV.
561 1035 594 1095 Si
619 1034 708 1116 quis,
730 1044 915 1115 contempto
937 1035 1136 1112 fideiussore,
1157 1035 1283 1097 debito-

151 1139 221 1180 rem
238 1139 332 1178 suurn
353 1127 463 1180 tenere
481 1117 642 1192 maluerit,
666 1117 834 1178 fideiussor
852 1117 903 1177 vel
922 1115 1015 1178 heres
1028 1115 1131 1178 eius‘a
1151 1119 1283 1180 fideius-

152 1197 251 1263 sionis
274 1201 406 1260 vinculo
427 1200 593 1264 liberatur.
636 1200 669 1260 Si
692 1223 771 1262 vero
790 1209 980 1281 procurator
997 1199 1063 1261 litis
1083 1201 1283 1263 victusfue-

150 1284 205 1360 rit,
227 1283 395 1354 mandator
409 1282 485 1366 eius
508 1283 546 1342 ad
568 1282 762 1344 solutionem
777 1292 916 1364 tenetur.
941 1281 1110 1366 Capitale.
1122 1285 1191 1364 744.
1201 1305 1226 1348 c.
1238 1305 1282 1364 17.

174 1389 268 1474 Quod
282 1391 374 1452 liberi
394 1390 532 1450 domines
556 1403 669 1452 statum
691 1411 779 1449 suum
800 1401 829 1449 et
849 1389 1043 1452 deteriorare
1063 1403 1093 1451 et
1114 1392 1259 1454 inmelio-

597 1493 669 1560 rare
693 1485 833 1558 possunt.
908 1491 911 1498 '

234 1575 459 1643 CCCXXXV.
501 1580 603 1640 Homo
623 1578 716 1652 liber,
739 1577 794 1660 qui
818 1583 935 1638 statum
958 1575 1101 1639 suumin
1124 1585 1281 1658 potestate

149 1655 257 1737 babet,
280 1671 312 1721 et
332 1661 477 1741 peiorare
496 1683 569 1721 eum
592 1672 624 1721 et
644 1659 810 1744 meliorem
825 1661 931 1728 facere
953 1665 1074 1744 potcst3
1096 1669 1191 1742 atque
1206 1659 1280 1722 ideo

149 1763 263 1826 operas
286 1765 357 1806 suas
380 1744 510 1805 diurnas
533 1753 770 1824 nocturnasque
794 1742 888 1802 locat.

449 1851 497 1909 Dc
524 1851 705 1910 concubinis
721 1837 792 1910 'non
821 1846 982 1914 habendis.

232 1947 470 2020 CCCXXXVI.
513 1953 579 2032 Qui
601 1975 735 2016 uxorem
757 1952 864 2030 habet,¹
888 1975 926 2014 eo
949 1961 1094 2034 tempore
1122 1954 1278 2016 concubi-

148 2059 223 2096 nam
245 2035 362 2178 lgabere
389 2055 455 2098 non
482 2045 604 2120 potest,
635 2058 675 2098 ne
700 2038 739 2098 ab
769 2057 871 2097 uxore
896 2057 969 2096 eum
1000 2036 1132 2098 dilectio
1155 2045 1279 2121 separet

148 2142 250 2181 conca
277 2141 358 2180 inae.
1049 2147 1051 2154 ·

167 2227 216 2285 De
238 2227 403 2288 Monacbis
433 2225 489 2309 qui
515 2225 706 2286 monasterio
728 2238 926 2366 odontemnunt
950 2223 988 2286 ab
1016 2225 1174 2311 Episcopo
1205 2247 1257 2287 re-

630 2329 731 2368 uocun
756 2330 793 2368 cs.

235 2411 493 2475 CCCXXXVII.
536 2411 627 2474 Illud
650 2413 746 2474 etiam
767 2415 911 2476 unanimi
939 2437 1098 2476 consensu
1124 2414 1279 2476 convenit

147 2494 332 2576 Jobsernari,
355 2507 391 2556 ut
414 2497 439 2556 si
467 2497 523 2578 qui
547 2496 785 2560 Monachorum·
801 2501 856 2556 aut
882 2495 1122 2557 Monacharum*
1137 2497 1171 2558 in
1202 2518 1278 2566 con-

152 2579 336 2660 gregatione
359 2580 453 2660 positi
471 2576 653 2662 religiosam
668 2580 943 2640 conversationem
954 2579 1124 2660 elegerint,
1148 2587 1180 2639 et
1195 2581 1280 2660 po'st-

151 2683 201 2730 eav
222 2671 276 2720 aut
309 2661 348 2720 ad
390 2671 625 2744 parentesaut
650 2683 884 2743 quamcumque
913 2663 1207 2742 proprietatem'se
1238 2661 1277 2724 de

151 2744 398 2825 congregatione
417 2745 482 2826 ipsa
506 2744 733 2820 subtraxerint,
755 2755 787 2804 et
808 2745 847 2804 al)
869 2739 1028 2824 Episcopo
1049 2766 1106 2804 suo
1124 2764 1183 2825 per
1198 2742 1280 2824 epis·

149 2826 247 2884 tolam
269 2827 423 2887 admoniti
447 2827 486 2886 ad
504 2837 590 2910 septa
609 2826 793 2888 monasterii
814 2826 863 2888 sui
881 2827 987 2886 redire
1003 2826 1200 2902 distulerint,
1214 2825 1279 2884 sint

149 2929 252 2988 usque
277 2909 317 2968 ad
339 2909 461 2970 exitum
483 2909 566 2971 vitae
589 2909 606 2967 la
626 2909 851 2978 communione
873 2909 1030 2990 suspensi,
1053 2909 1223 2990 necprius
1237 2907 1278 2968 ad

149 2989 360 3052 eucharistiae
380 2990 511 3072 gratiam
529 2992 747 3068 admittantur,
766 3015 861 3073 qnam
877 2993 917 3052 ad
931 2992 1016 3060 ovile
1031 3013 1133 3068 snum,
1153 2991 1191 3057 de
1211 3012 1277 3073 quc,

148 3093 181 3131 se
208 3072 383 3152 vagationis
410 3073 581 3138 insolentia
606 3074 665 3154 ¹visi
684 3085 760 3134 sunt
776 3074 979 3152 subtraxisse,
1002 3073 1276 3155 cumhumillima

147 3155 380 3235 supplicatione
401 3156 540 3216 debeant
561 3155 775 3218 satisfactione
801 3157 932 3217 reverti.

147 3267 337 3348 Deseminis
359 3291 438 3350 quae
463 3271 625 3352 religionis
644 3285 755 3332 vestem
774 3273 807 3331 in
825 3271 968 3332 domibus
982 3273 1122 3353 propriis
1138 3285 1277 3335 mutave·
1306 3287 1308 3296 ’

207 3354 291 3420 rint,
313 3353 341 3410 si
361 3367 473 3434 posteo
492 3356 685 3415 concubitum
706 3353 854 3447 elegerint
864 3399 875 3426 ,
899 3355 977 3436 quid
993 3355 1146 3434 agendum
1160 3359 1210 3415 sit.

228 3455 506 3520 CCCXXXVlll.
546 3463 595 3520 De
616 3453 722 3522 viduis
741 3469 773 3520 et
792 3461 908 3541 puellis
930 3449 1094 3542 quaesibi
1112 3462 1145 3520 in
1162 3462 1275 3523 habitu

146 3537 312 3620 religionis
339 3540 371 3598 in
396 3541 541 3602 domibus
564 3542 720 3624 propriis,
750 3553 813 3602 tam
842 3543 859 3602 a
883 3538 1069 3622 parentibus
1096 3567 1190 3626 quam
1216 3566 1276 3626 per

145 3641 190 3695 se,
215 3630 334 3680 vestem
354 3624 568 3700 mutaverint,
592 3634 623 3685 et
650 3647 683 3685 se
705 3637 821 3706 postea·
836 3635 946 3686 contra
970 3627 1115 3694 instituta
1142 3629 1274 3686 Patrum

145 3704 195 3762 vel
216 3715 384 3784 praecepta
407 3707 575 3766 Canonum
598 3707 749 3788 coniugia
768 3708 966 3770 crediderint
983 3709 1175 3790 copulanda,
1196 3718 1273 3768 tam-

140 3783 200 3842 diu
232 3784 359 3864 utrique
388 3786 569 3848 habeantur
598 3789 615 3846 b
644 3791 870 3852 communione
902 3792 1079 3870 suspensi,
1104 3811 1272 3870 quousque
1372 3803 1376 3812 '

145 3867 233 3942 quod
255 3865 380 3926 inlicite
401 3878 679 3950 perpetraverunt,
708 3873 890 3932 emendent
933 3873 1029 3950 Quod
1051 3872 1076 3933 si
1099 3872 1271 3932 emendare

145 3947 361 4040 neglexerint,
383 3951 400 4008 b
421 3952 648 4018 ¹communione
669 3954 721 4012 vel
745 3954 890 4013 omnium
914 3953 1171 4016 Christianorum
1192 3975 1272 4013 con-

144 4048 233 4089 vivio
254 4050 286 4086 ιιι
309 4041 465 4112 perpetuo
485 4033 549 4093 sint
571 4044 796 4114 sequestratae.
821 4087 823 4094 ,

149 4132 261 4216 :Quod
283 4127 591 4218 qualitorpersonuc
622 4141 655 4199 in
680 4140 808 4204 iudiciis
833 4162 955 4225 semper
974 4141 1092 4202 adesse
1107 4143 1251 4207 debeant.

57 4245 59 4247 ’
149 4266 159 4332 '.
225 4233 486 4332 cccxxxix,
521 4243 609 4322 Quot
636 4265 793 4328 personae
820 4246 928 4344 'solent
954 4247 988 4308 in
1023 4247 1150 4312 iudiciis
1181 4245 1269 4314 esse?
