2910 4984
205 295 280 370 808
637 319 924 378 curtrutauluu

205 455 433 540 petitu'virere
448 471 692 542 cognoscantur.
734 461 892 542 spiritatis
909 468 1015 521 nutem
1031 459 1231 538 abstinentia,
1250 481 1360 542 quae.

207 543 239 600 in
259 540 501 623 poenitentibus
520 545 721 626 potissimum
741 546 848 626 vigere
866 545 982 619 debet,
1006 555 1039 604 et
1062 543 1266 625 quorundam
1295 544 1348 604 ci-

204 623 320 684 borum
341 641 377 681 uc
400 625 570 704 potionum
588 628 810 708 perceptiones
833 637 865 698 et
888 627 1084 686 desiderium
1104 628 1217 707 fugere
1231 625 1346 690 debet.

206 707 283 782 lile,
306 705 457 786 inquam,
480 708 537 768 ille
566 712 666 791 magis
688 710 902 790 parcimoniae
934 711 1053 769 servire
1080 709 1262 770 censendus
1291 717 1346 768 est

204 788 336 868 quisibi
353 809 418 846 non
441 790 546 850 solum
565 789 767 874 quarundam
790 814 899 852 rerum
917 792 1157 876 perceptiones,
1190 791 1249 852 sed
1277 791 1345 851 de-

203 869 391 933 lectationes
411 873 554 954 corporis
578 875 707 957 penitus
732 875 906 936 interdicit.

470 979 519 1040 De
541 980 589 1042 lais
609 985 664 1064 qni
685 1004 727 1044 eac
747 982 906 1042 industria
923 993 1062 1065 peccant.

285 1081 372 1144 LXI.
415 1085 478 1146 Sed
498 1107 558 1148 nec
575 1087 924 1170 bocpraetereundum
948 1096 1118 1168 putamus,
1149 1086 1237 1170 quod
1265 1073 1344 1168 qui·

203 1167 276 1229 dam
291 1187 331 1228 ex
349 1165 507 1228 industria
523 1181 709 1248 peccantes,
731 1179 864 1254 propter
891 1171 1169 1252 eleemosynarum
1194 1169 1352 1252 largitio·'

203 1271 278 1310 nem
296 1250 457 1330 quandam
474 1252 534 1312 sibi
551 1254 739 1332 promittuut
760 1251 992 1334 impunitatem.
1013 1251 1227 1334 Eleemosyna
1248 1245 1358 1318 ,enim'

203 1331 364 1412 extinguit
382 1343 524 1412 peccata,
538 1319 625 1394 itixta
646 1336 745 1396 illud:
767 1339 874 1414 Ignem
885 1335 1047 1394 ardentem
1064 1336 1221 1414 extinguit
1237 1356 1337 1414 aqna,

203 1429 232 1474 et
259 1415 455 1490 eleemosyna
477 1419 632 1496 extinguit
646 1431 796 1500 peccata,
820 1417 876 1477 scd
895 1438 1027 1497 eaquae
1054 1427 1108 1476 aut
1126 1416 1336 1489 necessitate,

203 1505 258 1556 aut
274 1517 356 1577 quae
378 1517 474 1576 casu,
498 1509 552 1558 aut
577 1501 722 1580 qualibet
743 1501 823 1560 bunt
845 1499 1028 1580 fragilitate.
1070 1501 1117 1560 Ea
1146 1521 1224 1561 vero
1249 1520 1337 1578 quac

203 1601 242 1640 cx
259 1578 416 1639 industria
435 1583 475 1641 ad
494 1583 667 1643 cuiuslibet
682 1582 850 1643 libidinem
880 1581 1074 1664 explendam
1104 1581 1227 1642 idcirco
1250 1583 1338 1641 fiunt

203 1671 240 1722 ut
253 1661 466 1744 eleemosynis
485 1665 706 1740 redimantur,
731 1687 933 1746 nequaquam
965 1665 1011 1726 eis
1038 1664 1153 1725 redimi
1177 1674 1336 1746 possunt;

203 1743 280 1825 quia
297 1742 352 1823 qui
370 1743 432 1805 boc
448 1757 654 1830 perpetrant,
675 1749 828 1809 videntur
845 1751 950 1807 Deum
965 1748 1112 1807 mercede
1132 1747 1337 1822 conducere,

203 1836 239 1885 ut
259 1826 305 1885 eis
320 1824 452 1907 impune
473 1852 606 1910 peccare
622 1831 726 1891 liceat.
766 1833 837 1892 Non
867 1851 942 1911 ergo
959 1830 1079 1890 idcirco
1106 1829 1179 1911 quis
1200 1850 1337 1910 peccare

203 1908 351 1969 debetut
379 1911 614 1995 eleemosynam
640 1914 756 1990 faciat,
779 1914 835 1973 sed
868 1913 941 1972 ideo
970 1913 1205 1995 eleemosynam
1226 1913 1336 1971 lacere

203 1989 299 2050 debet
318 1990 395 2068 quia
421 1995 745 2074 peccavit2‘mentem
760 1997 848 2056 enim
867 2004 898 2055 et
918 2017 1033 2077 corpus
1051 2017 1134 2076 quae
1151 1995 1253 2054 libido
1274 2005 1338 2054 tra·

202 2071 251 2135 xit
267 2071 306 2132 ad
323 2075 462 2157 culpam,
485 2077 618 2138 afflictio
639 2089 672 2139 et
687 2079 839 2138 contritio
858 2077 954 2138 debet
968 2079 1123 2138 reducere
1140 2078 1180 2137 ad
1197 2077 1336 2138 veniam.

350 2203 399 2264 De
420 2203 577 2265 Monaelie
598 2208 653 2287 qui
672 2192 893 2266 rnenasterium
913 2227 1001 2266 suzam
1023 2205 1189 2271 dimiserit.

287 2308 393 2374 LXII.
436 2310 469 2372 Si
486 2309 662 2371 Monachus
681 2313 910 2373 monasterium
928 2335 1021 2373 sunm
1037 2312 1203 2390 dimiserit,
1225 2313 1336 2373 omnia

203 2397 286 2456 bona
304 2394 423 2478 ipsius,
446 2403 478 2453 et
498 2415 581 2474 quae
602 2394 635 2453 in
657 2396 849 2456 monasterio
869 2396 1071 2473 introduxit,
1106 2405 1137 2455 et
1160 2418 1243 2476 quae
1268 2418 1336 2456 non

203 2477 403 2552 introduxit,
426 2475 568 2536 dominio
590 2479 773 2537 monasterii
795 2479 880 2558 sint,
903 2488 936 2539 et
958 2479 1024 2561 ipse
1051 2479 1155 2540 officio
1174 2479 1336 2541 Praesidis

201 2561 324 2622 servire
345 2567 486 2641 cogatur.
529 2559 564 2620 si
590 2582 667 2621 vero
695 2561 871 2622 Monachus
899 2561 940 2622 ad
975 2562 1075 2622 alium
1105 2562 1335 2622 monasterium

203 2642 407 2724 migraverit,
433 2640 642 2701 substantiam
673 2643 741 2703 eius
764 2644 852 2726 prius
886 2645 1116 2705 monasterium
1147 2645 1333 2728 possideat,

203 2738 235 2788 et
256 2727 289 2786 in
305 2724 370 2786 alio
389 2724 584 2786 monasterio
601 2725 668 2808 ipse
686 2749 751 2787 non
768 2727 955 2810 recipiatur.
998 2727 1036 2788 V.
1061 2728 1133 2810 579.

267 2853 364 2938 Quod
379 2855 573 2938 poenitentia
592 2854 761 2915 sectandum
775 2855 935 2917 Canonum
949 2869 1065 2917 statuta
1082 2859 1134 2937 agi
1152 2857 1266 2919 debeat.

285 2959 409 3026 Ltht.
451 2960 566 3020 Modus
586 2971 692 3021 antem
707 2961 925 3042 poenitentiae
942 2973 1073 3044 peccata
1091 2987 1147 3026 sua
1169 2964 1326 3044 confiten-

202 3045 306 3121 tibus,
329 3053 385 3104 aut
401 3064 460 3124 per
481 3043 688 3124 antiquorum
711 3047 879 3105 Canonum
900 3045 1157 3126 institutionem,
1191 3057 1246 3107 aut
1269 3068 1344 3129 per-

203 3138 383 3188 sanctarum
410 3125 647 3208 Scripturarum
671 3127 906 3205 auctoritatem,
929 3137 985 3187 aut
1002 3150 1061 3210 per
1081 3130 1331 3191 ecclesiasticam

202 3210 488 3285 consuetudinem,
510 3208 594 3269 sicut
606 3209 753 3292 superius
774 3211 975 3287 dictumest,
999 3211 1121 3293 imponi
1140 3213 1256 3291 debet,
1278 3235 1330 3274 re-

202 3292 341 3374 pudiatis
354 3315 389 3352 ac
400 3291 529 3374 penitus
537 3291 709 3353 eliminatis
723 3293 842 3354 libellis
855 3315 935 3375 quos
946 3291 1187 3376 poenitentiales
1200 3304 1329 3374 vocant,

200 3396 338 3456 qumum
362 3383 436 3434 sunt
459 3374 538 3434 certi
565 3397 712 3448 errores,
741 3375 857 3436 incerti
878 3386 1040 3447 auctores;
1064 3379 1104 3438 de
1128 3379 1245 3458 quibus
1266 3379 1330 3439 rite

195 3457 262 3516 'dici
285 3466 404 3536 potest:
427 3455 667 3539 Mortificadant
694 3461 913 3540 animaequae
942 3480 1006 3519 non
1032 3461 1264 3532 moriebantur,
1298 3473 1330 3520 et

199 3537 408 3620 vivificabant
433 3541 552 3598 animas
581 3560 659 3621 quae
681 3561 746 3600 non
776 3543 936 3602 vivebant.
983 3542 1049 3620 Qui
1084 3543 1162 3602 dum
1186 3543 1328 3624 peccatis

198 3621 347 3703 gravibus
367 3622 455 3682 lev-es
482 3623 636 3701 quosdam
662 3633 694 3684 et
722 3623 890 3693 inusitatos
910 3626 1082 3707 imponunt
1107 3627 1329 3708 poenitentiae

197 3705 320 3779 inertes,
342 3715 505 3765 consuunt
524 3705 690 3785 pulvillos,
711 3709 890 3767 secundum
902 3709 1126 3791 propheticum
1134 3731 1328 3786 sermonem,

196 3788 255 3848 sul)
275 3788 360 3848 omni
384 3786 491 3848 cubito
509 3810 641 3866 inanes,
664 3799 697 3850 et
715 3789 840 3850 faciunt
858 3791 1029 3854 cervicalia
1050 3791 1110 3852 sub
1125 3792 1228 3875 capite
1252 3792 1329 3852 uni·

196 3892 306 3932 versae
323 3871 432 3931 aetatis
452 3870 492 3929 ad
512 3871 682 3953 capiendas
700 3872 829 3934 animas.

197 3975 294 4061 Quod
312 3975 439 4061 quidam
459 3977 656 4053 Presbyteris
677 3965 793 4058 absque
811 3965 1199 4066 eonsensuEpiscoporum
1212 3979 1294 4052 Eccl
1311 4015 1328 4028 ·

556 4063 620 4120 sias
648 4059 724 4120 dent
744 4060 791 4120 vel
809 4061 966 4142 auferant.

274 4164 396 4234 LXIV.
438 4169 609 4230 Inventum
626 4168 774 4247 estquod
788 4168 881 4230 multi
906 4168 1031 4236 arbitrii
1050 4169 1100 4230 sui
1123 4149 1326 4248 temeritate,

194 4261 242 4327 ot,
267 4251 355 4333 quod
374 4259 421 4312 cst
448 4251 591 4333 gravius,
614 4251 702 4340 ducti
720 4249 914 4332 cupiditate,
935 4251 1135 4336 Presbyteris
1161 4252 1342 4334 quibusli-v
