2948 4990
220 296 292 368 602
613 285 920 384 ¹caurusamuu

564 462 614 526 Dc
633 453 703 529 voto
719 486 782 528 non
796 463 988 548 dffercndo.
1034 471 1037 486 '

298 564 351 626 LI.
394 566 477 662 Cam
495 571 620 634 voveris
641 582 750 635 votum
769 573 908 633 Domino
923 576 993 634 Deo
1015 581 1092 649 tao,
1115 593 1180 633 non
1199 572 1349 638 tardabis

215 644 364 728 reddere,
385 669 461 729 qnia
477 650 623 734 requiret
643 653 728 715 illud
747 656 905 716 Dominus
923 658 1010 717 Deus
1030 664 1114 720 tuus.
1156 655 1199 716 Et
1219 655 1245 716 si
1268 677 1345 715 mo·

215 736 302 790 ratus
323 730 435 807 fueris,
456 735 659 815 reputabitur
677 737 736 796 tibi
756 737 790 796 in
810 747 988 821 peccatum,
1004 738 1107 800 donec
1131 736 1229 799 facias
1251 738 1345 819 quod

215 830 270 870 ore
287 812 418 893 proprio
435 815 574 877 Domino
595 818 777 902 promisisti.

280 917 322 978 Ut
335 919 426 980 bomo
442 922 498 1002 qui
510 943 643 983 uxorem
660 926 836 1008 acceperit,
859 947 923 988 nou
942 924 1070 986 accedat
1091 923 1136 986 ad
1155 923 1281 985 bellum.

295 1023 361 1084 LII.
402 1026 485 1119 Eum
502 1029 662 1125 acceperit
685 1029 782 1092 homo
804 1052 948 1108 uxorem,
972 1053 1036 1093 non
1062 1030 1191 1092 accedat
1211 1029 1252 1090 ael
1270 1029 1342 1092 bel-

212 1101 281 1163 ]um
299 1125 359 1166 nec
380 1129 410 1167 er
436 1108 522 1170 ullae
546 1124 757 1195 iniungantur
772 1114 975 1176 necessitates
992 1114 1138 1196 publicae
1151 1137 1159 1183 ;
1173 1112 1230 1172 sed
1248 1135 1342 1174 vaca·

213 1185 261 1246 bit
277 1185 396 1270 absque
418 1192 513 1274 culpe
532 1192 641 1256 domui
667 1219 759 1269 suae;
790 1206 822 1260 et
847 1205 883 1258 ut
908 1217 973 1256 uno
991 1217 1076 1257 anno
1100 1196 1238 1256 laetetur
1263 1217 1341 1256 cum

214 1289 314 1330 uxore
338 1293 403 1332 sua.
1206 1305 1208 1310 ¹

240 1373 281 1435 Ut
298 1397 361 1436 uon
381 1380 566 1443 occidantur
581 1393 688 1468 patres
704 1383 885 1468 propitiis,
915 1405 971 1444 nec
986 1382 1060 1467 filii
1082 1403 1142 1465 pro
1161 1383 1316 1465 patribus.

295 1482 386 1545 LIII.
427 1487 523 1564 Quod
541 1509 604 1549 non
625 1489 930 1572 occidanturpatres
945 1510 1003 1570 pro
1023 1487 1108 1565 filiis,
1131 1507 1190 1548 nec
1204 1486 1264 1545 iilii
1277 1507 1340 1569 pro

213 1563 372 1644 patribus;
395 1569 451 1629 sed
469 1572 688 1654 unusquisque
706 1594 765 1656 pro
786 1581 918 1654 peccato
933 1592 991 1632 suo
1011 1571 1176 1631 morietur.
1207 1611 1211 1618 -

254 1670 304 1730 Dc
331 1691 368 1734 co
393 1678 448 1757 qui
465 1678 531 1736 uim
557 1701 577 1738 a
595 1679 846 1761 persecutoribus
868 1679 1010 1762 patitur,
1043 1687 1077 1737 ut
1097 1677 1295 1760 suscipiatur.

296 1775 379 1844 LIV.
423 1780 456 1840 Si
476 1782 547 1863 quis
563 1783 626 1844 rim
656 1783 673 1843 b
693 1781 951 1868 persecutoribus
968 1803 1078 1865 passus
1100 1783 1210 1857 fucrit,
1232 1781 1339 1842 susci-

211 1855 334 2000 piatnpr,
361 1871 394 1922 et
414 1864 561 1945 requiem
580 1866 745 1945 iuveniat,
772 1868 813 1928 ad
830 1886 1055 1948 quamcunque
1073 1863 1252 1926 Ecclesiam
1277 1885 1340 1926 ve-

212 1959 283 2000 neri
299 1985 306 2001 .

338 2027 387 2086 De
403 2028 532 2088 muliere
544 2050 622 2113 quae
638 2051 708 2091 cum
725 2031 792 2091 viro
812 2051 867 2092 suo
889 2050 952 2090 non
968 2038 1073 2113 potest
1094 2027 1218 2092 nubere.

295 2129 361 2193 LV.
404 2133 437 2192 Si
460 2134 510 2194 vir
532 2145 565 2196 et
581 2134 698 2198 mulier
719 2136 949 2197 coniunxerint
968 2155 1001 2197 se
1022 2134 1056 2194 in
1082 2131 1336 2209 matrimonium,

214 2217 246 2270 et
266 2222 373 2306 postea
391 2215 509 2276 dixerit
525 2217 643 2278 mulier
658 2217 697 2278 de
718 2218 789 2281 viro
805 2240 868 2280 non
890 2239 981 2300 posse
1003 2217 1097 2276 illum
1120 2217 1242 2276 nubere
1260 2236 1337 2275 cum

214 2312 249 2352 ea
260 2318 269 2364 ,·
296 2317 321 2354 ει
338 2317 374 2356 ea
389 2298 508 2380 poterit
525 2299 658 2382 probare
678 2300 766 2382 qnod
789 2323 901 2361 rerum
922 2300 983 2378 sit,
1005 2298 1139 2382 accipiat
1161 2297 1270 2362 alium,

262 2397 320 2464 ,Ut
335 2402 448 2484 absque
462 2426 611 2465 consensu
626 2405 779 2489 Episcopi
796 2406 968 2468 oblationes
991 2426 1054 2466 uon
1069 2405 1270 2489 accipiantur.

296 2505 380 2566 LVI.
423 2511 464 2568 Ut
483 2519 609 2592 praeter
628 2511 856 2573 conscientium
876 2510 1027 2594 Episcopi
1047 2508 1224 2570 oblationes
1243 2509 1333 2568 fruc-

212 2595 305 2648 tuum
326 2590 488 2652 Ecclesiae
504 2591 624 2654 debitas
641 2593 749 2654 nullus
764 2594 815 2655 vel
841 2593 915 2654 dare
930 2593 983 2654 vel
1001 2592 1145 2675 accipere
1166 2590 1292 2654 audeat.

217 2694 259 2756 Ut
283 2696 467 2774 Presbyteri
492 2699 629 2759 civitatis
650 2701 716 2759 sine
747 2701 833 2758 iussu
855 2699 905 2759 sui
923 2698 1074 2784 Episcopi
1093 2698 1174 2758 nibil
1199 2695 1334 2759 iubeant.

297 2803 394 2865 LVII.
437 2807 480 2864 Ut
508 2805 691 2888 Presbyteri
718 2804 854 2866 civitatis
887 2801 956 2865 sine
983 2801 1072 2862 iussu
1104 2802 1153 2863 sui
1182 2798 1335 2884 Episcopi

214 2884 296 2946 nihil
316 2886 456 2964 iubeant,
480 2909 540 2948 nec
560 2887 593 2947 in
610 2909 802 2969 unaquaque
820 2885 972 2970 parochia
998 2884 1122 2966 aliquid
1139 2893 1241 2966 agent,

254 2993 302 3054 Ne
318 2993 500 3072 Presbyteri
520 3015 585 3054 rem
601 2991 896 3134 Ecclesiaedabsquc
922 2993 1049 3053 licentia
1074 2993 1123 3052 sui
1143 2989 1295 3074 Episcopi

294 3158 410 3221 LVIII.
452 3160 495 3218 Ut
520 3088 989 3242 Presbyterivi'irinbcclesiae
1020 3155 1088 3216 sine
1120 3153 1253 3215 licentia
1282 3154 1333 3213 ch

214 3239 347 3300 scientia
363 3240 411 3301 sui
430 3239 580 3324 Episcopi
596 3263 661 3302 nou
682 3241 832 3317 vendant,
855 3260 916 3300 nec
934 3237 1084 3318 cuiquam
1100 3237 1253 3300 tribuant.

214 3345 252 3404 Si
257 3346 427 3422 Presbyter
440 3348 488 3405 acl
494 3347 653 3406 Diaconus
669 3345 843 3406 deseruerit
849 3343 1024 3404 Ecclesiam
1038 3365 1136 3420 suam,
1151 3341 1334 3426 deponatur.

296 3452 377 3516 LIX.
419 3455 460 3512 Ut
477 3451 649 3534 Presbyter
672 3451 727 3514 vel
747 3450 910 3512 Diaconos
935 3449 992 3530 qui
1019 3448 1140 3510 deserit
1159 3447 1334 3508 Ecclesiam

214 3556 315 3606 suam,
338 3543 371 3594 et
383 3533 424 3593 ad
436 3533 530 3592 aliam
547 3533 720 3608 transierit,
743 3533 930 3614 deponatur.

214 3640 473 3717 DcPresbytcris
495 3640 550 3699 uel
574 3639 764 3699 Diaconibus
794 3651 848 3699 aut
871 3636 1120 3697 Subdiaconibus
1147 3660 1167 3695 a
1194 3637 1333 3720 propriis

578 3721 743 3802 Episcopis
757 3720 979 3782 exauctoratis.

297 3807 363 3868 Lx.
404 3807 447 3866 Ut
473 3802 643 3884 Presbyter
659 3803 710 3864 vel
730 3803 910 3874 Diaconos,
931 3811 985 3861 aut
1004 3798 1243 3873 Subdiaconus‚
1273 3797 1298 3860 si
1318 3801 1333 3858 b

213 3890 343 3972 proprio
359 3888 518 3970 Episcopo
532 3893 762 3956 exauctoratus
777 3884 878 3944 sancti
897 3882 1065 3944 ministerii
1090 3881 1234 3942 officium
1253 3879 1333 3942 inci·

214 3973 281 4054 piat
298 3971 501 4054 praeripere,
525 3989 614 4050 spem
627 3967 838 4029 restitutionis
853 3987 917 4026 non
940 3967 1062 4026 habeat.

215 4079 253 4138 Si
277 4081 346 4164 (pais
359 4075 547 4160 Episcopus,
569 4076 749 4150 Presbyter,
774 4075 946 4143 Diacoaus,
972 4072 1026 4131 uel
1052 4066 1270 4130 Subdiaconus
1296 4067 1336 4130 ad

507 4158 620 4222 bellum
642 4157 849 4241 processerit,
873 4153 1057 4236 deponatur.

208 4275 211 4282 '
298 4267 377 4330 LXI.
420 4264 453 4325 si
478 4264 548 4347 quis
576 4263 769 4348 Episcopus,
791 4261 976 4343 Presbyter,
1005 4269 1059 4319 aut
1082 4257 1263 4335 Diaconos,
1287 4257 1333 4318 vel
