2910 4984
505 321 660 378 supino
695 322 855 386 ausura
1158 303 1234 380 833

110 485 182 530 rum
193 460 340 525 omnium
359 460 678 543 comprovincialium
689 463 920 547 Episcopomm
939 461 1098 540 instantia,
1110 467 1235 551 aliquo.

108 571 182 611 rum
204 545 314 607 audiat
340 566 447 606 causas
467 545 717 627 Episcoporum,
752 547 828 628 quia
851 546 959 606 irritae
980 555 1085 606 erunt.
1133 553 1233 614 Immo

110 653 171 692 nec
185 649 317 706 suorum
332 627 540 688 sacerdotum
563 649 671 689 causas
692 629 800 688 audiat
819 627 936 708 absque
957 629 1139 708 praesentia
1156 635 1233 695 Cle..

108 714 249 774 nieorum
266 731 408 786 suorum,
424 709 500 790 quia
522 709 612 770 irrita
631 710 864 771 eritsententia
880 709 1043 793 Episcopi,
1061 712 1123 774 nisi
1144 737 1235 800 prae·

110 794 213 856 sentia
238 792 439 853 clericorum
452 791 668 853 confirmetur.
712 791 747 852 V
743 797 789 857 ΙΙ.
812 791 877 852 106.

114 901 158 960 De
179 895 325 960 ri'rnondu
343 899 532 960 accusatoris
549 916 694 980 persono.
736 893 792 957 Ex
822 895 955 957 decretis
993 896 1083 960 Sinti
1110 901 1234 986 Puppe,

121 1001 124 1004 ·
559 979 695 1061 capitulo
718 1000 788 1039 vin.

194 1084 292 1148 XXI«
329 1084 456 1146 Placuit
477 1093 513 1144 ut
538 1104 664 1166 semper
682 1084 785 1166 primo
807 1082 840 1142 in
867 1083 1068 1146 accusatione
1090 1088 1237 1150 Clericu-

114 1192 185 1231 rum
202 1190 357 1251 persona,
380 1167 475 1245 fides,
498 1166 708 1242 conversatio,
721 1177 753 1226 et
767 1165 831 1226 vita
852 1165 1139 1248 blasphemantium
1161 1195 1237 1254 per.

114 1262 291 1314 scrutetur:
313 1272 386 1308 nam
408 1249 485 1309 tides
504 1271 613 1309 omnes
640 1259 728 1309 ectus
744 1247 883 1308 hominis
906 1248 1000 1308 debet
1026 1253 1237 1334 praecedere,

114 1335 189 1415 quia
208 1330 323 1392 dubius
340 1333 373 1390 in
395 1331 477 1406 fide,
500 1331 639 1391 infidelis
668 1339 731 1392 est:
762 1352 822 1390 nec
850 1329 895 1392 eis
928 1330 1059 1392 omnino
1081 1355 1147 1396 esse
1169 1358 1238 1398 cre·

114 1415 256 1478 dendum
277 1413 333 1496 qui
352 1413 495 1474 veritatis
515 1415 610 1473 fidem
625 1413 794 1494 ignorant,
819 1433 879 1473 nec
893 1424 998 1473 rectae
1022 1417 1238 1479 conversatio·

113 1499 163 1559 nis
179 1497 276 1558 vitam
294 1496 432 1566 ducunt;
456 1495 609 1574 quoniam
624 1497 702 1555 tales
719 1495 813 1555 facile
842 1505 874 1554 et
906 1493 1128 1558 indifferenter
1150 1501 1238 1561 lace-

112 1587 185 1642 rant
206 1599 362 1660 quosque,
381 1588 412 1638 et
429 1577 642 1638 criminantur
657 1587 742 1637 recte
762 1584 793 1637 et
808 1575 859 1657 pie
878 1575 1034 1638 viventes.
1076 1581 1154 1641 Ideo
1171 1604 1238 1646 sus·

111 1661 198 1746 picio
219 1683 331 1722 eorum
344 1659 545 1721 discutienda
561 1669 610 1720 est
622 1659 743 1742 primo,
767 1668 799 1718 et
814 1658 1014 1740 corrigenda,
1085 1696 1089 1706 ι

112 1771 161 1830 De
188 1767 330 1850 personis
363 1779 393 1827 et
420 1767 654 1846 accinctionem*
685 1764 819 1848 querelis
848 1785 910 1824 non
942 1766 1152 1842 recipiendis..
1182 1769 1238 1832 Es:
1291 1781 1293 1789 '

112 1863 204 1912 seusa
221 1849 352 1926 Synodc
368 1850 528 1918 Romanu,
553 1849 689 1928 capitulo
712 1869 768 1916 x1‚·
787 1866 855 1905 cum
876 1866 937 1928 quc
964 1850 1104 1908 il'icoenu
1135 1849 1237 1927 Syno-

111 1931 187 2011 dus,
212 1945 242 1992 et
262 1930 388 1992 decretu
408 1931 485 1992 Iulii
512 1942 543 1990 et
576 1929 767 2072 Symmachi,
782 1927 889 2012 Papae
925 1942 955 1989 et
984 1931 1049 1992 ulio
1080 1933 1236 2008 synodica
1278 1923 1281 1934 ⁵

574 2032 689 2072 concor
713 2032 776 2072 nn.

191 2115 302 2180 XXII.
344 2115 555 2180 Accusatores
571 2125 603 2178 et
615 2115 834 2178 accusationes
853 2135 931 2196 quas
947 2115 1033 2198 leges
1052 2119 1154 2179 seculi
1169 2140 1234 2180 nun

111 2199 311 2278 adsciscunt,
335 2211 367 2262 et
388 2221 446 2262 nos
469 2193 701 2260 submovemus.
744 2198 801 2259 VI.
827 2197 909 2276 381,
931 2197 1008 2262 Vll.
1029 2201 1095 2266 108.

115 2307 158 2367 Ut
177 2307 281 2373 nullus
301 2305 475 2390 Episcopus
496 2307 626 2365 ulterius
643 2303 870 2389 parochianum
891 2306 1045 2376 retinere,
1069 2307 1234 2382 ordinare,

111 2401 165 2449 dut
185 2387 324 2460 indicare
342 2400 530 2471 praesumat.
572 2387 626 2448 Ex
645 2387 765 2445 decime
794 2383 923 2460 Synodo
953 2387 1115 2459 Romano,
1147 2391 1233 2474 eapi-

171 2471 236 2531 tulo
258 2491 329 2540 vn;
360 2491 427 2530 cnm
455 2489 517 2552 quo
536 2469 706 2530 concordat
727 2466 956 2527 Antiochenam
979 2467 1172 2549 Concilium,
1241 2483 1243 2490 ’

552 2548 689 2636 capitulo
711 2569 786 2612 xxm.

192 2655 324 2725 XXIII.
365 2655 481 2718 Nullus
495 2655 673 2738 Episcopus
690 2651 821 2714 alterius
843 2652 1074 2732 parochianum
1099 2679 1234 2740 praesu-

108 2749 172 2818 mat
189 2740 330 2812 retinere
341 2741 403 2801 'aut
417 2740 564 2800 ordinare
586 2739 704 2819 absque
719 2735 786 2808 eius
802 2735 984 2812 voluntate,
1001 2738 1058 2798 ¹ch
1078 2739 1231 2814 iudicans

108 2823 185 2904 quia
203 2821 285 2900 sieut
300 2823 388 2881 irrita
401 2823 462 2882 erit
479 2822 547 2882 eius
571 2819 753 2896 ordinatio,
776 2818 820 2876 ita
843 2816 1048 2889 diiudicati0;
1079 2827 1233 2902 quoniam

107 2925 273 2965 censemus
293 2904 420 2964 nullum
436 2903 565 2964 alterius
591 2902 727 2978 Iudicis,
750 2899 812 2960 nisi
837 2896 903 2972 sui,
931 2903 1090 2962 sententia
1106 2908 1232 2968 teneri.
1291 2961 1295 2965 .

106 2988 185 3071 Nam
202 2984 257 3066 qui
274 3007 353 3066 eum,
364 2985 512 3046 ordinare
530 3007 596 3046 uon
614 2983 738 3067 potuit,
760 3002 821 3042 nec
838 2979 981 3046 iudicare
1000 2983 1163 3049 ullatenus
1175 3012 1231 3070 po·

105 3067 191 3158 terit.
234 3065 312 3128 Vl'l.
331 3069 404 3132 308.
700 3075 703 3080 “
954 3071 957 3076 ’
1114 3073 1116 3088 ‘

105 3175 155 3234 De
184 3175 321 3256 primatu
353 3171 453 3232 Sedis·
479 3170 686 3254 apostolieae,
714 3172 765 3233 cui
783 3169 1011 3259 Episcoporum
1025 3169 1162 3254 finitiva
1182 3177 1229 3234 in-

107 3255 192 3316 dicia
215 3268 244 3314 et
265 3251 552 3333 congregandorum
564 3253 765 3330 Synodorum
775 3255 947 3336 priuilegio
968 3267 1039 3313 sunt
1059 3273 1226 3321 reservato.

105 3337 148 3398 Et
173 3337 212 3396 de
224 3339 379 3408 ,canonico
395 3335 546 3419 Episcopi
563 3335 738 3396 vocatione.
779 3335 834 3396 Eur
853 3335 1228 3418 Synodisltomaata‘cu-

314 3419 415 3502 pitulo
432 3439 520 3494 xcix,
541 3430 572 3476 et
586 3437 629 3476 eor
648 3417 782 3478 decretis
801 3419 878 3477 Iulii
893 3420 1010 3502 Papae.

187 3499 312 3564 XXIV.
351 3502 466 3561 Nullus
480 3499 672 3580 Episcopus,
695 3499 755 3558 nisi
779 3500 933 3562 canonice
962 3508 1110 3578 vocatus,
1133 3511 1164 3563 et
1189 3503 1224 3566 in

104 3583 248 3666 legitima
267 3583 389 3667 synodo
406 3604 463 3643 suo
475 3592 618 3662 tempore
637 3581 809 3662 apostoliea
823 3583 1009 3642 auctoritate
1027 3594 1224 3660 convocata,

105 3669 158 3726 cui
179 3665 320 3728 iussione
337 3666 468 3726 Domini
484 3673 515 3723 et
532 3663 652 3724 meritis
667 3664 751 3724 beati
768 3664 856 3724 Petri
878 3663 1022 3747 Apostoli
1054 3665 1226 3746 singularis

104 3749 401 3832 congregandorum
418 3746 639 3808 Conciliorum
657 3746 847 3826 auctoritas,
870 3756 902 3806 et
924 3755 1105 3808 sanctorum
1124 3749 1227 3809 Cano.

104 3851 183 3890 num
198 3853 233 3890 ac
248 3830 503 3891 veiierandorum
520 3830 651 3888 Petrum
669 3829 827 3905 decretis,
858 3828 1081 3911 multiPliciter
1101 3830 1226 3910 priuata

103 3914 218 3973 traditu
236 3920 282 3973 est
300 3921 437 3993 potestas
446 3957 458 3983 ,
481 3931 577 3992 super
594 3912 790 3993 quibuslibet
805 3911 992 3971 criminibus
1006 3907 1170 3992 pulsetur,
1191 3913 1226 3977 id

103 4003 182 4070 est„
196 3994 381 4067 iudicetur,
401 3993 562 4068 audiatur,
584 3996 635 4053 vel
655 3995 834 4074 impetatur.
856 3993 911 4054 Sin
936 3994 1031 4052 aliter
1045 4013 1226 4079 praesump-

101 4077 201 4137 tumd
216 4076 414 4156 quibuslibet
431 4074 548 4150 fuerit,
572 4073 604 4132 in
628 4076 938 4138 vaiiurndeducatur
959 4074 1047 4155 quod
1070 4090 1222 4155 egerunt3

100 4179 163 4218 nec
177 4158 261 4218 inter
272 4157 563 4228 ecclesiasticaullo
580 4159 674 4224 modo
691 4158 900 4240 reputabitur,
924 4179 983 4216 nec
1002 4156 1082 4215 ullas
1097 4157 1226 4226 habebit

99 4241 186 4305 vires
204 4241 361 4324 quicquid
381 4241 410 4302 ei
433 4239 628 4306 obviaverit:
649 4241 801 4323 quoniam
817 4241 927 4303 eadem
950 4239 1067 4316 Sedes,
1088 4248 1223 4308 testante

878 4352 931 4452 aa
969 4419 972 4428 .
