2948 4990
204 283 277 358 650
625 297 916 362 carrrumnruu

386 443 434 505 Ne
458 441 572 527 aliquis
590 442 777 506 criminosus
795 439 986 529 Episcopum
1013 449 1144 502 aestuet.

283 548 478 616 CCCLXIV.
519 545 610 611 Nulli
638 546 811 612 criminoso
836 546 934 611 liceat
951 546 1148 631 Episcopum
1169 558 1352 604 accusare.

256 679 354 764 Quod
363 651 418 765 qui
431 679 623 766 Episcopum
644 691 786 752 accusat,
809 675 874 740 Dei
888 674 1121 742 ordinationem
1142 685 1285 736 accusat.

284 787 466 852 CCCLXV.
506 785 568 848 Dei
586 782 822 848 ordinationem
836 791 979 862 accusat,
1012 783 1047 846 in
1073 803 1137 867 qun
1170 781 1346 846 constitn-

200 881 322 950 untnr,
350 869 377 934 si
398 869 471 967 quis
491 869 687 953 Episcopum
701 877 833 958 pceusnt
853 867 907 930 rel
928 866 1140 945 condemnat,
1162 865 1245 928 dnm
1269 864 1345 928 mi-

136 975 139 980 *
200 977 262 1020 nns
285 953 441 1037 spiritulia
465 973 563 1036 quam
581 961 711 1015 terreno
728 959 880 1014 sectatur.

223 1085 266 1150 Ut
286 1085 373 1146 litem
391 1085 552 1157 babentes,
573 1084 641 1144 siue
662 1083 800 1166 petitor,
818 1101 872 1143 seu
882 1101 1058 1168 possessor,
1074 1083 1104 1142 si
1122 1081 1319 1144 Antistitum

417 1166 569 1228 iudicium
591 1165 763 1246 elegerint,
783 1163 895 1228 adens
918 1163 1109 1246 dirigantur.

228 1341 231 1348 ,
281 1269 477 1336 CCCLXVI.
519 1271 678 1336 Volumus
699 1278 796 1352 atque
818 1268 1031 1368 praecipimus
1044 1278 1084 1332 nt
1098 1293 1209 1336 omnes
1233 1273 1337 1340 ditio-

199 1355 235 1419 ni
252 1365 389 1432 nostrae,
408 1357 478 1418 Deo
495 1354 681 1430 auxiliante,
698 1353 845 1431 subiecti,
867 1359 931 1412 tum
947 1351 1096 1431 Romani,
1116 1375 1213 1436 quam
1227 1359 1337 1420 Fran·

200 1439 241 1516 ci,
263 1437 443 1515 Alamanni,
464 1436 638 1515 Buiuvnrii,
661 1439 822 1508 Saxones,
844 1434 1006 1518 Turingii,
1028 1437 1203 1516 Fresones‚
1226 1441 1335 1516 Galli,

198 1519 455 1602 Burgundiones,
477 1521 641 1598 Rutenos,
661 1515 881 1617 Longohardi,
904 1520 1108 1596 vuascones,
1129 1517 1337 1584 Beneventa-

200 1603 247 1680 ni,
277 1602 386 1686 Gothi,
410 1610 441 1664 et
461 1601 602 1686 Hispani,
627 1612 811 1684 caeterique
835 1599 927 1662 nohis
947 1600 1083 1664 subiecti
1105 1625 1228 1682 omnes,
1249 1605 1336 1668 licet

225 1707 396 1766 uocnnque
419 1683 592 1748 videantur
610 1684 690 1767 legis
714 1684 847 1747 vinculo
867 1682 1050 1761 constricti,
1073 1686 1124 1748 vel
1150 1698 1334 1748 eonsuetu-

201 1708 326 1831 dinario
349 1788 435 1827 inore
455 1767 607 1843 connexi,
634 1767 717 1830 hune
740 1767 950 1840 sententiam,
977 1787 1074 1847 qnam
1093 1789 1134 1830 ex
1156 1779 1247 1832 sexto
1269 1771 1333 1832 de-

200 1852 284 1914 cimo
306 1847 481 1909 Theodosii
495 1849 698 1928 Imperatoris
720 1850 815 1922 libro,
832 1848 974 1930 capitulo
988 1847 1141 1913 videlicet
1156 1875 1199 1930 xr,
1222 1853 1263 1915 ad
1275 1853 1331 1913 in-

200 1941 360 2013 terrogutu
383 1930 510 1992 Ablavii
531 1933 642 2008 Ducis,
665 1931 714 1992 illi
739 1943 772 1996 et
792 1933 939 1994 omnibns
964 1931 1169 2016 rescriptum,
1190 1935 1330 2017 sumpsi·

201 2037 281 2088 mus,
309 2023 341 2073 et
363 2013 446 2073 inter
467 2024 573 2075 nostru
593 2013 741 2094 Cupituln
755 2036 814 2095 pro
831 2017 916 2098 Lege
938 2013 1080 2077 tenenda
1096 2017 1247 2078 consultu
1262 2041 1330 2078 om-

201 2098 291 2160 nium
312 2094 476 2156 Fidelium
497 2105 700 2176 nostrorum,
722 2107 786 2158 tum
808 2097 1014 2160 Clericornm
1043 2118 1139 2180 quum
1167 2108 1199 2161 et
1224 2089 1330 2161 laieo-

200 2203 283 2259 rum,
306 2177 480 2260 posuimus,
503 2179 574 2260 lege
599 2179 722 2240 cunctis
743 2188 896 2264 perpetua
920 2179 1077 2252 tenenda;
1098 2180 1214 2242 idest:
1244 2183 1326 2264 Qui-

201 2284 320 2345 cunque
342 2263 428 2320 litem
449 2259 576 2332 babens,
599 2262 665 2322 siue
687 2281 849 2346 possessor
871 2264 933 2322 sive
955 2260 1075 2343 petitor
1083 2261 1199 2343 fuerit,
1221 2265 1276 2324 uel
1289 2265 1324 2323 in

200 2347 292 2406 initio
312 2344 402 2416 tiu's,
425 2343 479 2402 uel
497 2341 637 2404 decursis
662 2357 835 2426 temporum
854 2344 1043 2415 curriculis,
1073 2346 1139 2404 sive
1167 2367 1237 2405 cum
1265 2365 1322 2406 ne-

199 2430 317 2510 gotium
333 2438 514 2507 peroratur,
536 2428 603 2485 siue
615 2447 683 2487 cum
700 2427 762 2486 iam
779 2429 915 2506 coeperit
929 2429 1034 2501 promi
1051 2427 1216 2497 sententia,
1236 2429 1264 2485 si
1276 2429 1322 2486 iu-

202 2509 319 2570 dicium
347 2509 473 2588 elegerit
496 2522 711 2570 sacrosanctae
732 2507 807 2588 legis
823 2507 994 2578 Antistitis,
1018 2510 1103 2570 illico
1128 2511 1194 2569 sine
1214 2511 1322 2588 aliqua

202 2591 407 2661 dubitatione,
431 2591 553 2651 etiamsi
569 2590 632 2650 alia
649 2612 725 2674 pars
745 2589 934 2671 refragatur,
957 2589 1001 2650 ad
1020 2591 1247 2672 Episcoporum
1270 2591 1320 2650 iu-

202 2674 320 2734 dicium
335 2680 403 2734 curn
422 2694 561 2732 sermone
580 2673 766 2753 litigantium
783 2671 959 2752 dirigatur,·
986 2673 1083 2734 multa
1097 2674 1176 2732 enim
1194 2693 1272 2750 picae
1286 2674 1319 2731 in

200 2755 319 2818 iudicio
339 2757 495 2838 captiosae
512 2756 770 2838 praescriptionis
789 2755 1041 2836 uincrala'promi
1061 2777 1123 2816 non
1142 2755 1315 2837 patiuntur,

199 2839 364 2916 investigat
383 2849 413 2898 ct
433 2837 551 2918 promit
568 2851 784 2898 sacrosanctae
806 2837 965 2916 religionis
983 2838 1162 2897 auctoritas.
1207 2835 1316 2896 Omnes

200 2921 304 3002 itaque
326 2939 436 2978 causae
460 2939 538 3002 quae
561 2919 614 2978 uel
638 2921 800 3003 praetorio
826 2919 893 2978 iure
920 2917 975 2978 uel
1012 2919 1102 2979 ciuili
1132 2931 1313 2988 tractantur,

200 3001 429 3084 Episcoporum
454 3001 613 3060 sententiis
640 3003 842 3072 terminatae,
872 3011 1023 3083 perpetuo
1046 3001 1226 3062 stabilitatis
1251 3001 1314 3059 iure

190 3083 387 3168 firmemur,-
415 3103 470 3142 nec
496 3083 588 3141 liceat
609 3083 739 3142 ulterius
761 3082 927 3142 retractari
947 3081 1098 3142 iudicium
1117 3082 1205 3164 qued
1226 3081 1314 3160 Epis·

202 3184 351 3248 ceperum
370 3165 529 3224 sententiis
550 3163 712 3225 deciderit.
740 3157 963 3225 Testimonium
984 3165 1078 3223 etiam
1098 3165 1137 3224 ab
1162 3186 1221 3224 iano
1249 3163 1316 3223 licet

201 3245 358 3328 Episcopo
380 3247 567 3322 perhibitum
588 3267 693 3307 omnes
713 3243 833 3306 Iudices
853 3245 1071 3306 indubitanter
1083 3247 1247 3325 accipiant,
1264 3265 1316 3305 nec

202 3329 283 3388 alius
304 3325 452 3386 audiatur
468 3348 536 3387 cum
562 3328 771 3388 testimonium
789 3327 939 3406 Episcopi
959 3329 978 3386 ia
1000 3328 1135 3410 qualibet
1151 3326 1314 3409 pertefus-

201 3409 246 3470 rit
265 3409 501 3491 repromissum:
522 3409 606 3469 illud
620 3423 665 3469 est
680 3411 761 3469 enim
782 3411 927 3468 ueritatis
947 3409 1311 3490 auctoritatefirmatum‚

200 3489 285 3550 illud
299 3492 524 3571 incorruptum,
544 3488 662 3574 quandia
682 3493 878 3552 sacrosancto
898 3492 1021 3550 leomine
1038 3492 1226 3550 conscientia
1240 3512 1313 3549 nten-

201 3574 241 3632 tis
264 3573 412 3632 inlibatae
428 3574 605 3654 protulerit.
646 3573 719 3634 Hoc
735 3594 791 3634 nos
811 3571 913 3633 edicto
928 3573 1049 3632 salubri
1065 3571 1234 3654 aliquando
1249 3593 1311 3631 cert·

199 3657 328 3724 suimus,
351 3655 407 3714 boc
424 3669 574 3738 perpetua
595 3657 659 3734 lege
677 3654 865 3734 firmamus,
889 3655 1046 3714 malitiosa
1070 3655 1173 3714 litium
1199 3654 1309 3713 semim

106 3803 111 3812 ,
199 3738 460 3819 comprimentcs;
481 3750 514 3796 ut
538 3739 645 3798 miseri
665 3739 800 3798 homines
822 3737 923 3814 longis
944 3758 979 3795 ac
994 3758 1073 3816 pene
1093 3739 1251 3819 perpetuis
1267 3757 1310 3794 ac-

200 3823 318 3879 tionum
336 3819 454 3898 larqueis
471 3819 642 3903 implicati,
673 3821 710 3878 ab
728 3821 878 3898 improbis
898 3819 1101 3898 petitionibus
1120 3820 1169 3876 vel
1188 3819 1207 3876 iu
1228 3818 1309 3900 eupi-

200 3900 297 3960 ditate
316 3895 468 3980 perpetua
493 3915 615 3960 maturo
633 3901 706 3984 fiae
737 3899 908 3960 discedant.
971 3899 1130 3982 Quicquid
1151 3902 1254 3979 itaque
1274 3898 1308 3956 de

198 3983 357 4042 sententiis
377 3977 774 4062 Episcoporumelementia
789 3995 897 4042 nostra
912 3994 1085 4050 censuerat,
1107 3983 1200 4041 etiam
1220 3983 1308 4040 eticae

198 4085 302 4122 sumus
323 4064 388 4141 lege
409 4065 591 4146 complexi,
621 4065 806 4145 grauitatem
827 4077 912 4123 tuam
933 4072 963 4123 et
983 4076 1121 4124 caeteros
1139 4084 1199 4148 pro
1224 4062 1308 4142 ,utiti-

199 4157 260 4210 tate
282 4145 418 4208 carreiam
438 4145 672 4232 inperpetuum
694 4145 857 4207 observare
879 4146 1048 4208 conveniat.
