2910 4984
190 297 264 376 796

292 458 334 522 de
354 466 570 525 convenientia
596 464 729 549 Episco-

289 563 404 628 porum
424 567 493 607 cum
514 549 629 613 Laicis,

209 624 261 688 28.
288 627 338 685 De
355 628 633 718 iniuriaEpiscopi
645 642 675 693 et
688 633 730 694 le·

291 710 378 768 tonia
394 711 548 773 subversa.

212 811 263 871 29.
290 791 492 855 Dedrcimis.

210 873 262 938 50.
295 873 338 935 Ut
360 875 521 939 Ecclesiae
541 898 652 963 pacem
671 881 729 942 lta·

293 957 396 1020 lreant.

207 1036 258 1102 5ι.
286 1039 336 1098 Dc
353 1043 500 1105 intestato
522 1041 689 1128 Episcopo.

208 1119 259 1185 32.
288 1119 407 1184 Iterum
420 1125 460 1185 de
471 1147 550 1214 pace
568 1126 729 1188 Ecclesia·

289 1223 368 1266 rum.

208 1282 260 1345 55.
288 1287 338 1384 De
350 1288 510 1376 beneficiis
526 1289 729 1356 Ecclesiasti-

209 1447 260 1526 54.
289 1389 346 1512 ili
360 1452 525 1516 ordinibus
544 1457 654 1522 sacris.

208 1531 260 1596 55.
288 1535 337 1594 De
355 1537 512 1599 oblatione
541 1552 571 1599 et
596 1559 672 1624 pace
696 1540 755 1634 in·

290 1615 434 1680 Ecclesia
440 1620 604 1702 facienda,

207 1696 258 1760 56.
290 1698 332 1796 Ut
349 1704 464 1801 malum
485 1703 644 1767 ebrietatis
661 1725 731 1800 orn-

290 1803 366 1845 nrno
386 1795 507 1846 vitetur.
666 1801 668 1806 ’

207 1861 259 1944 57.
286 1865 336 1926 De
358 1867 558 1929 multitudine
590 1869 731 1933 Clerico-

208 2027 259 2093 58.
272 1965 568 2116 riliapiritaatitas
578 2034 710 2120 filiolis.

208 2110 259 2192 59.
285 2109 328 2172 Ut
352 2117 507 2175 canticum
532 2117 731 2180 luxuriosum

291 2196 377 2256 circa
389 2196 547 2256 Ecclesiae
557 2197 730 2262 deseratur.
785 2203 788 2208 ’

207 2277 260 2350 40.
290 2279 405 2360 Quales
423 2282 486 2342 sint
507 2279 632 2343 Clerici.

208 2359 260 2436 4¹·
287 2360 336 2438 Dc
358 2360 525 2445 Episcopis
553 2376 582 2424 et
599 2363 731 2426 Attan-

291 2442 360 2516 tas,
376 2458 497 2505 utente
517 2465 550 2505 se
576 2448 646 2507 ioca
667 2461 732 2508 tur·-

289 2527 436 2610 piafieri
457 2548 520 2588 non
538 2532 731 2610 permittant.

208 2605 261 2684 4²·
288 2609 337 2668 De
348 2611 438 2670 iustis
453 2608 629 2674 iudiciisab
640 2611 731 2698 Epis·

292 2692 379 2773 copis
398 2690 536 2770 agendis.

208 2770 259 2850 45.
285 2773 335 2832 De
352 2771 482 2833 Clericis
499 2770 605 2856 quide
624 2772 733 2836 Eccle-

198 2874 199 2880 ‘
290 2855 338 2913 sia
354 2854 516 2916 desistunt.

209 2936 261 3014 44,
290 2937 731 3000 DcMonactorameeCaao-

219 3018 221 3022 ’
292 3021 433 3080 nieorum
446 3021 560 3079 militia
579 3042 647 3080 cum
661 3044 733 3082 con-

292 3101 364 3161 silio
386 3102 506 3162 utiliter
522 3103 691 3182 implenda.

209 3181 261 3260 45.
290 3183 412 3244 Viduas
450 3185 483 3243 in
514 3183 639 3244 deliciis
667 3205 732 3249 non

291 3279 436 3344 oportere
451 3268 566 3326 vr'vere.

210 3345 261 3423 46.
292 3345 334 3408 Ut
366 3348 481 3410 Clerici
507 3371 571 3408 non
599 3351 734 3414 habeant

291 3431 429 3502 actiones
450 3433 615 3494 seculares.
711 3431 714 3436 ’

208 3513 258 3590 47.
286 3512 335 3570 De
355 3533 391 3572 eo
405 3515 460 3594 qui
474 3527 583 3573 contra
600 3517 733 3576 canoni-

293 3615 331 3653 ca
349 3606 465 3654 statuta
480 3597 585 3674 egerit.

210 3676 262 3755 48.
291 3677 340 3735 Dc
362 3678 473 3756 ecqui
497 3698 547 3736 res
570 3678 731 3740 Ecclesiae

290 3779 350 3844 per
359 3757 481 3838 falsam
497 3763 674 3839 precariam
685 3760 734 3822 uel

286 3840 439 3922 ¹[ratedem
462 3841 658 3924 adipiscitur.

210 3927 262 4010 49,
290 3923 385 4007 Quod
407 3925 552 4004 antiquus
566 3947 631 3986 uros
651 3947 732 4008 poe-

292 4005 435 4075 nitendi,
460 4007 515 4086 qni
531 4007 623 4065 iuxta
641 4029 733 4069 cano

294 4091 396 4148 nicam
413 4088 626 4148 attctoritatem
642 4111 733 4170 agen·

295 4172 353 4229 das
371 4179 428 4236 es'l,
451 4170 513 4230 iam
538 4171 577 4232 ab
597 4194 654 4232 usu
670 4179 731 4233 te-

200 4257 203 4264 “
295 4252 409 4315 ccsseri
416 4264 438 4317 t.

612 323 898 382 cnt’tTuLthUn
920 321 924 335 “

801 464 850 537 50.
879 462 928 525 Dc
959 467 1080 531 Clerico
1111 470 1156 548 ad
1189 471 1319 530 tutelam

882 561 1000 610 vocato.
1105 569 1107 574 ·
1165 573 1167 576 ·

800 627 850 692 51.
877 629 928 688 De
939 630 1089 704 Ecclesiis
1101 637 1134 694 in
1150 632 1321 716 relruspro·

877 713 960 796 priis
981 717 1157 776 constitutis
1182 729 1212 776 et
1237 717 1323 774 inter

880 794 1010 856 heredes
1031 797 1150 859 diuisis.

800 873 851 938 52.
879 876 927 935 De
945 879 994 937 tis
1010 882 1065 962 qui
1081 883 1127 943 Itis
1146 892 1200 939 aut
1215 891 1264 938 ter
1281 879 1320 940 ab

878 959 1046 1045 Epi-scopis
1077 962 1319 1046 confirmantur,

879 1043 1094 1120 ignorantibus
1123 1059 1225 1106 taurea
1257 1044 1321 1102 eis·

881 1123 952 1184 dem
973 1127 1150 1212 Episcopis.

801 1205 850 1271 55.
876 1208 925 1267 De
958 1209 1087 1270 Clericis
1123 1209 1169 1272 ad
1199 1209 1323 1270 tabulas

880 1289 1070 1357 ludentibus,

801 1368 851 1448 54.
878 1371 988 1432 Deliis
1004 1376 1059 1453 qui
1080 1396 1240 1435 servorum
1252 1395 1321 1433 ma-

883 1455 1033 1515 trimonia
1048 1455 1208 1522 dirimunt.

802 1532 852 1600 55.
878 1537 927 1596 De
946 1540 994 1596 liis
1013 1542 1068 1617 qtti
1088 1541 1228 1624 pleniter
1246 1557 1323 1620 pee-

883 1631 954 1680 cata
968 1619 1080 1682 dcbere
1109 1623 1226 1685 dicunt.
1268 1635 1271 1642 '

805 1697 855 1765 56.
883 1700 931 1760 Dc
952 1705 1067 1776 sanctis
1084 1703 1272 1768 Ecclesiis..

802 1781 852 1862 57.
877 1782 926 1842 De
956 1785 1004 1843 luis
1038 1789 1093 1870 qui
1126 1785 1327 1850 solummodo

886 1866 1033 1951 confiteri
1046 1871 1114 1930 Deo
1125 1884 1253 1955 peccata
1270 1869 1325 1929 dc-

883 1949 955 2010 bere
972 1951 1090 2010 dicunt.
1218 1959 1221 1970 ’

802 2027 851 2094 58.
883 2032 979 2110 Quod
992 2052 1197 2117 personarum
1216 2052 1326 2112 aceep-

882 2116 927 2174 tio
951 2117 985 2174 ia
1010 2116 1150 2176 omnibus
1180 2113 1326 2174 cauenda

884 2198 926 2256 sit
939 2191 1078 2258 iudiciis.

802 2275 852 2362 59.
878 2279 928 2338 De
958 2280 1124 2340 Illonaclsis
1146 2292 1176 2340 et
1195 2279 1327 2340 Sancti-

883 2361 1079 2422 martialibus.
1278 2371 1281 2378 ⁴

799 2441 852 2511 6ο.
882 2445 979 2527 Quod
992 2445 1085 2504 mzslti
1107 2445 1140 2504 in
1157 2445 1325 2526 poeniten·

886 2527 930 2588 tiu
950 2527 1072 2586 deliciis
1087 2526 1283 2604 indulgeant.

802 2605 853 2669 61.
883 2610 931 2669 De
954 2611 1001 2668 ta's
1022 2610 1076 2692 qui
1099 2630 1142 2668 ex
1165 2607 1326 2692 industria

880 2703 1020 2776 peccant.
1276 2689 1279 2702 '

801 2770 852 2834 62.
880 2775 929 2832 De
947 2773 1107 2833 Monacho
1128 2774 1185 2854 qui
1203 2793 1326 2830 monas«

884 2857 996 2914 terium
1021 2877 1111 2913 suurn
1140 2855 1300 2916 dimiserit.

786 2937 852 3005 ’65.
881 2936 978 3016 Quod
1000 2939 1196 3022 poenitentia
1217 2955 1324 2994 secun-

885 3017 960 3078 dum
1005 3021 1165 3079 Canonum
1209 3029 1327 3080 statuta

883 3104 935 3178 agi
959 3101 1079 3163 deleat.

801 3183 852 3264 64.
883 3185 979 3274 Quod
985 3181 1114 3265 atridam
1127 3183 1330 3257 Presbyteris

873 3272 999 3348 'absque
1026 3287 1181 3325 consensu·
1195 3263 1332 3346 Episco«

880 3370 994 3436 portem
1011 3347 1169 3407 Ecclesias
1184 3345 1261 3406 dent
1280 3347 1332 3406 vel

885 3432 1047 3510 anseromia

800 3513 852 3578 65.
883 3518 930 3576 De
951 3513 1080 3584 Scottis,
1103 3513 1160 3594 qui
1180 3531 1213 3570 se
1234 3509 1330 3592 Epis„

885 3617 979 3679 copas
989 3616 1053 3656 osse
1065 3593 1184 3664 dicunt,
1198 3607 1227 3652 et
1237 3613 1330 3674 quos-

884 3680 958 3740 dam
983 3679 1096 3758 absque
1121 3673 1328 3735 licentiado-

883 3763 1039 3822 minorum
1075 3773 1202 3820 suorum
1234 3756 1328 3817 oreli-

885 3856 969 3904 nant.

772 3923 775 3927 ’
802 3926 852 3990 66.
881 3923 1114 3987 [tentaminis
1135 3919 1236 3983 laicis,

801 4011 851 4090 67.
881 4011 929 4069 De
946 4009 993 4076 lais
1008 4007 1062 4089 qui
1081 4006 1114 4062 in
1133 4002 1237 4061 Coena
1254 4003 1329 4063 Do·-

888 4093 966 4151 mini
978 4086 1210 4151 Eucharistiam
1224 4086 1331 4164 negle-

804 4257 853 4328 68.
882 4185 980 4340 &did
1004 4249 1126 4338 iratam
1153 4263 1183 4310 et
1205 4233 1329 4329 aegroti
