2926 4986
203 306 281 394 7'28
621 319 909 400 carnotenus
961 351 965 364 ·

208 479 252 543 Ut
266 477 383 540 Clerici
404 492 602 541 contumaees
620 483 674 542 vel
693 478 797 568 iqslotl
819 495 929 545 contra
952 483 1143 584 Episcopum
1163 507 1251 548 situm
1273 508 1339 548 nou

198 565 277 636 sint,
299 583 356 622 uec
376 563 610 646 parvipendant
628 566 694 624 eius
716 569 1080 628 excommunicationem.
1135 569 1180 632 Et
1200 569 1341 652 qualiter

319 648 395 706 baec
410 643 570 725 facientes
598 664 686 708 snam
709 649 849 731 recipere
873 649 1008 711 debeant
1030 651 1244 732 dignitatem.-

284 752 510 820 CCXXXVH.
553 753 716 814 Stutntnm
731 745 780 814 est
799 763 837 815 ut
853 764 1058 820 contumaces
1075 759 1214 837 Clerici,
1264 767 1341 818 rout

203 836 371 921 diguitatis
395 836 475 897 ordo
499 836 701 917 permiserit,
738 835 777 895 ab
800 838 969 921 Episcopis
995 842 1206 924 corrigantur.
1278 842 1341 902 tsi

204 923 263 1003 qui
285 917 402 1002 prioris
424 920 541 1001 gradus
558 919 633 979 eluti
650 919 810 1002 superbie,
832 913 1092 984 communionem
1112 925 1247 985 fortusse
1263 945 1341 986 con-

125 1002 129 1012 ’
162 1077 165 1080 ¹
202 1001 663 1086 tempserint,autEcelesium
676 1003 1334 1089 frequentarevelofficiumsuumimple·

201 1109 238 1166 re
254 1083 472 1168 neglexerint,
485 1085 656 1168 peregrine
680 1087 726 1150 eis
741 1087 925 1149 communio
940 1088 1117 1161 tribuatur;
1139 1091 1184 1150 itu
1205 1099 1241 1152 ut
1265 1113 1341 1151 cum

204 1191 259 1232 eos
279 1167 480 1252 poenitentia
493 1168 681 1248 correxerit,
702 1168 849 1253 rescripti
865 1170 898 1230 in
914 1171 1093 1250 matricula,
1102 1175 1237 1256 gradum
1245 1197 1342 1236 suum

204 1251 460 1336 dignitatemque
478 1251 648 1342 recipiant.

207 1358 306 1444 Quod
326 1357 561 1420 accusatoribus
581 1370 652 1420 arete
674 1357 900 1501 disqussb‘ouem
921 1361 1202 1446 utriusquepartis
1221 1366 1340 1426 nonsit

576 1479 579 1486 ι
671 1461 722 1502 ere
746 1463 785 1503 eu
810 1462 871 1510 nm.

286 1545 527 1612 CCXXXVHI.
568 1545 730 1626 Quotiens
743 1545 882 1627 quilibet
900 1557 1067 1611 accusator
1083 1549 1209 1633 aliquid
1226 1551 1273 1612 de'
1287 1499 1342 1614 ud·

203 1630 345 1693 versario
369 1651 446 1706 sno,
476 1652 515 1692 eo
543 1630 694 1708 absente,
720 1629 928 1712 suggesserit,
955 1632 987 1694 ei
1007 1642 1083 1696 aute
1107 1633 1340 1698 discussionem

206 1713 377 1795 utriusque
398 1713 499 1796 partis
518 1713 649 1798 penitus
670 1733 736 1775 non
759 1715 918 1780 credatur.

469 1847 518 1906 De
533 1841 756 1936 Sacerdotibus
771 1837 840 1906 ⁴rum
854 1827 1084 1913 detrahendis]
1191 1883 1193 1890 ·

286 1952 490 2018 ccxxxix.
530 1950 750 2035 Praecipimus
780 1960 817 2014 ut
845 1951 938 2014 nullo
962 1953 1014 2017 vel
1031 1952 1113 2016 falso
1136 1952 1339 2015 insimulatus

206 2037 343 2102 crimine
366 2036 554 2100 detrabatur
579 2035 745 2100 Sacerdos.
1232 2052 1238 2057 ·

213 2141 255 2206 Ut
270 2144 326 2226 qni
338 2144 465 2206 Indices
486 2157 645 2229 suspectos
660 2144 816 2218 babuerit,
833 2122 1169 2231 voeem'appettattonts
1181 2143 1339 2212 exhibeat.

257 2243 260 2254 ’
309 2248 432 2311 CCXL.
459 2243 509 2306 'Si
529 2242 602 2327 quis
623 2239 769 2302 Iudicem
790 2263 850 2324 pro
876 2245 1124 2331 quibuscunque
1154 2248 1258 2310 causis
1281 2248 1338 2308 ad-

205 2350 333 2394 versum
351 2331 412 2392 sibi
437 2328 577 2391 senserit
600 2339 655 2390 eut
668 2327 819 2391 habuerit
838 2330 922 2390 forte
941 2339 1136 2411 suspectum,
1152 2352 1265 2393 vocem
1281 2353 1339 2411 ap-

204 2413 391 2493 pellationis
404 2411 569 2483 exhibeat;
584 2421 631 2491 ut,
650 2432 725 2476 cum
739 2411 770 2471 ei
781 2433 968 2474 concessum
980 2412 1090 2491 fuerit,
1105 2414 1231 2496 integro
1242 2433 1338 2495 nego-

206 2495 252 2556 tio
265 2496 351 2579 apud
364 2496 463 2557 alium
483 2495 631 2562 Iudicem
649 2493 761 2560 amotis
781 2496 990 2559 dilationibus
1011 2495 1111 2580 possit
1124 2493 1240 2556 audiri.

211 2621 254 2686 Ut
271 2637 383 2686 caveat
405 2629 615 2712 unusquisque
637 2640 786 2711 qnantum
801 2626 885 2710 fieri
910 2640 1014 2711 potest
1034 2640 1068 2688 nt
1089 2625 1182 2688 alteri
1201 2645 1266 2686 uon
1278 2622 1337 2706 fa-

303 2731 305 2738 ·
555 2713 620 2773 ciet
643 2712 731 2796 qnod
749 2714 819 2797 pati
836 2731 899 2770 nou
918 2712 990 2770 vult.

110 2889 112 2896 Ι
221 2815 225 2824 ’
290 2799 430 2877 cem
473 2815 565 2879 Sicut
590 2839 654 2878 nou
683 2816 756 2881 vult
781 2816 898 2898 aliquis
920 2816 1023 2898 gravis
1048 2812 1338 2894 oneris'sarcinum

206 2895 304 2991 ferre,
326 2897 371 2957 ita
392 2920 458 2981 non
478 2899 594 2960 audeat
612 2899 668 2961 ulii
689 2922 784 2984 greve
804 2901 931 2986 pondus
957 2900 1133 2982 imponere.

211 3025 253 3088 Ut
274 3026 493 3092 discordantes
519 3029 565 3089 ad
584 3030 684 3090 altere
714 3032 781 3090 sive
803 3031 937 3110 gratiam
966 3040 1091 3088 sunctae
1115 3023 1338 3088 communionis

208 3131 272 3171 uon
287 3109 447 3172 accedant.
489 3112 533 3172 Et
553 3114 581 3172 si
595 3135 673 3172 unus
693 3135 800 3174 eorum
817 3134 849 3172 se
869 3112 1061 3182 correxerit,
1079 3123 1111 3169 et
1127 3109 1209 3168 alter
1222 3105 1342 3166 discor-2

234 3261 236 3266 ,
343 3191 427 3254 dous.
445 3195 590 3256 inventus
600 3195 728 3276 suerit,
753 3193 833 3278 quid
852 3193 892 3254 de
917 3195 965 3254 isis
980 3191 1135 3272 egendum
1151 3192 1203 3256 sit.

222 3331 226 3338 ’
288 3296 450 3366 CCXLII.
492 3301 657 3362 sancitum
674 3310 720 3362 est
735 3311 771 3361 ut
784 3305 995 3382 personarum
1014 3294 1266 3360 discordantium
1285 3314 1340 3354 ne-

207 3401 272 3458 mo,
288 3389 460 3462 nntequnm
475 3384 718 3462 reconcilietur,
733 3379 771 3444 ad
785 3381 884 3442 altare
898 3379 1029 3441 Domini
1043 3380 1196 3443 accedere
1211 3377 1338 3453 audent,

206 3465 260 3528 vel
293 3464 425 3545 gratiam
448 3467 687 3526 communionis
722 3475 849 3527 sanctae
873 3465 1058 3547 percipere;
1089 3461 1146 3524 sed
1179 3460 1343 3542 geminato

152 3560 158 3574 ⁶
207 3558 350 3628 ῑθῙΠΡΟΓθ
374 3569 433 3629 Per
456 3549 691 3630 poenitentiam
708 3547 968 3630 compensabitur
988 3568 1053 3627 quo
1074 3543 1253 3606 discordiae
1277 3543 1340 3601 sci·-

205 3629 347 3692 vierunt.
389 3630 454 3691 Sed
475 3631 503 3691 si
525 3653 609 3692 unus
636 3653 767 3709 eornm,
793 3630 858 3692 nlio
881 3636 1121 3706 contemnente,
1144 3626 1184 3686 ad
1203 3621 1341 3685 satisfac·

204 3713 330 3773 tionem
356 3711 496 3774 caritatis
526 3713 726 3790 occurrerit,
757 3735 798 3774 ex
823 3734 861 3775 eo
890 3719 1103 3794 temperent
1128 3707 1281 3790 pacificus
1306 3706 1340 3765 in

130 3820 133 3826 ·
205 3794 386 3856 Ecclesiam
413 3796 592 3880 recipiatur
615 3819 655 3859 ex
685 3819 751 3880 quo
769 3795 821 3870 ud
843 3794 1050 3860 concordium
1074 3792 1241 3854 festinasse
1267 3809 1340 3850 cou-

203 3876 378 3944 vincitur.¹

98 3983 103 3992 '
208 3984 302 4067 Quod
317 3987 514 4067 poenitentes
530 3985 551 4045 ie
573 3986 732 4048 conviviis
746 3995 778 4046 et
798 3975 1019 4062 ornamentis,
1035 3987 1128 4066 utque
1142 3979 1224 4064 ⁸albe
1239 3991 1339 4050 veste,

613 4067 772 4148 abstinere
798 4066 944 4140 debeant.

288 4170 464 4238 cchnt.
489 4221 490 4226 ,
509 4171 576 4254 Qui
593 4174 694 4256 luget,
717 4173 877 4238 abstinere
896 4171 994 4235 debet
1021 4171 1037 4234 ir
1065 4164 1222 4234 conviviis
1244 4186 1280 4228 ac
1295 4186 1342 4228 or·

206 4255 375 4335 trementis,
398 4265 432 4319 et
453 4256 525 4324 albe
549 4266 647 4320 veste.
1295 4273 1300 4278 ·
