<?xml version="1.0" encoding="UTF-8"?>
<!DOCTYPE html PUBLIC "-//W3C//DTD XHTML 1.0 Transitional//EN"
    "http://www.w3.org/TR/xhtml1/DTD/xhtml1-transitional.dtd">
<html xmlns="http://www.w3.org/1999/xhtml" xml:lang="en" lang="en">
 <head>
  <title>
</title>
<meta http-equiv="Content-Type" content="text/html;charset=utf-8" />
  <meta name='ocr-system' content='tesseract 3.04.00' />
  <meta name='ocr-capabilities' content='ocr_page ocr_carea ocr_par ocr_line ocrx_word'/>
</head>
<body>
  <div class='ocr_page' id='page_1' title='image "./corpusiurisgerm04visigoog_0138.png"; bbox 0 0 2926 4984; ppageno 0'>
   <div class='ocr_carea' id='block_1_1' title="bbox 505 364 1246 458">
    <p class='ocr_par' dir='ltr' id='par_1_1' title="bbox 505 364 1246 458">
     <span class='ocr_line' id='line_1_1' title="bbox 505 364 1246 458; baseline -0.023 -4"><span class='ocrx_word' id='word_1_1' title='bbox 505 396 620 454; x_wconf 78' lang='lat' dir='ltr'><strong>arnna</strong></span> <span class='ocrx_word' id='word_1_2' title='bbox 656 393 833 458; x_wconf 73' lang='lat' dir='ltr'><strong>curatus</strong></span> <span class='ocrx_word' id='word_1_3' title='bbox 1176 364 1246 440; x_wconf 78' lang='lat'><strong>535</strong></span> 
     </span>
    </p>
   </div>
   <div class='ocr_carea' id='block_1_2' title="bbox 122 523 1248 762">
    <p class='ocr_par' dir='ltr' id='par_1_2' title="bbox 122 523 1248 762">
     <span class='ocr_line' id='line_1_2' title="bbox 127 523 1248 624; baseline -0.012 -28"><span class='ocrx_word' id='word_1_4' title='bbox 127 536 243 619; x_wconf 79' lang='lat' dir='ltr'><strong>iugiter</strong></span> <span class='ocrx_word' id='word_1_5' title='bbox 258 533 468 598; x_wconf 81' lang='lat' dir='ltr'><strong>admoncatur</strong></span> <span class='ocrx_word' id='word_1_6' title='bbox 484 537 623 618; x_wconf 82' lang='lat' dir='ltr'><strong>populus</strong></span> <span class='ocrx_word' id='word_1_7' title='bbox 641 534 914 596; x_wconf 80' lang='lat' dir='ltr'><strong>Christianorum:</strong></span> <span class='ocrx_word' id='word_1_8' title='bbox 939 529 1017 612; x_wconf 86' lang='lat' dir='ltr'><strong>quia</strong></span> <span class='ocrx_word' id='word_1_9' title='bbox 1032 531 1102 624; x_wconf 73' lang='lat' dir='ltr'><strong>ipsa</strong></span> <span class='ocrx_word' id='word_1_10' title='bbox 1129 523 1248 587; x_wconf 85' lang='lat' dir='ltr'><strong>oblatio</strong></span> 
     </span>
     <span class='ocr_line' id='line_1_3' title="bbox 124 616 1247 699; baseline -0.011 -20"><span class='ocrx_word' id='word_1_11' title='bbox 124 618 230 681; x_wconf 82' lang='lat' dir='ltr'><strong>sibiet</strong></span> <span class='ocrx_word' id='word_1_12' title='bbox 248 616 313 678; x_wconf 86' lang='lat' dir='ltr'><strong>suis</strong></span> <span class='ocrx_word' id='word_1_13' title='bbox 330 639 479 699; x_wconf 81' lang='lat' dir='ltr'><strong>magnum</strong></span> <span class='ocrx_word' id='word_1_14' title='bbox 493 628 540 680; x_wconf 89' lang='lat' dir='ltr'><strong>est</strong></span> <span class='ocrx_word' id='word_1_15' title='bbox 559 618 737 679; x_wconf 86' lang='lat' dir='ltr'><strong>remedium</strong></span> <span class='ocrx_word' id='word_1_16' title='bbox 755 616 953 690; x_wconf 87' lang='lat' dir='ltr'><strong>animarum,</strong></span> <span class='ocrx_word' id='word_1_17' title='bbox 975 621 1008 674; x_wconf 85' lang='lat' dir='ltr'><strong>ct</strong></span> <span class='ocrx_word' id='word_1_18' title='bbox 1031 633 1064 670; x_wconf 88' lang='lat' dir='ltr'><strong>m</strong></span> <span class='ocrx_word' id='word_1_19' title='bbox 1086 629 1153 692; x_wconf 85' lang='lat' dir='ltr'><strong>rpsa</strong></span> <span class='ocrx_word' id='word_1_20' title='bbox 1169 627 1247 692; x_wconf 83' lang='lat' dir='ltr'><strong>pace</strong></span> 
     </span>
     <span class='ocr_line' id='line_1_4' title="bbox 122 699 914 762; baseline -0.008 -2"><span class='ocrx_word' id='word_1_21' title='bbox 122 721 194 760; x_wconf 86' lang='lat' dir='ltr'><strong>vera</strong></span> <span class='ocrx_word' id='word_1_22' title='bbox 213 699 407 760; x_wconf 79' lang='lat' dir='ltr'><strong>unanimitas</strong></span> <span class='ocrx_word' id='word_1_23' title='bbox 427 707 459 762; x_wconf 86' lang='lat' dir='ltr'><strong>et</strong></span> <span class='ocrx_word' id='word_1_24' title='bbox 476 700 649 761; x_wconf 91' lang='lat' dir='ltr'><strong>concordia</strong></span> <span class='ocrx_word' id='word_1_25' title='bbox 668 700 914 760; x_wconf 87' lang='lat' dir='ltr'><strong>demonstratur.</strong></span> 
     </span>
    </p>
   </div>
   <div class='ocr_carea' id='block_1_3' title="bbox 331 799 989 882">
    <p class='ocr_par' dir='ltr' id='par_1_3' title="bbox 331 799 989 882">
     <span class='ocr_line' id='line_1_5' title="bbox 331 799 989 882; baseline -0.009 -18"><span class='ocrx_word' id='word_1_26' title='bbox 331 828 334 836; x_wconf 75' lang='grc'><strong>’</strong></span> <span class='ocrx_word' id='word_1_27' title='bbox 380 804 428 863; x_wconf 90' lang='lat' dir='ltr'><strong>De</strong></span> <span class='ocrx_word' id='word_1_28' title='bbox 449 804 588 882; x_wconf 80' lang='lat' dir='ltr'><strong>symbolo</strong></span> <span class='ocrx_word' id='word_1_29' title='bbox 609 816 639 864; x_wconf 87' lang='lat' dir='ltr'><strong>et</strong></span> <span class='ocrx_word' id='word_1_30' title='bbox 658 805 800 868; x_wconf 73' lang='lat' dir='ltr'><strong>orutIone</strong></span> <span class='ocrx_word' id='word_1_31' title='bbox 822 799 989 862; x_wconf 79' lang='lat' dir='ltr'><strong>dominica.</strong></span> 
     </span>
    </p>
   </div>
   <div class='ocr_carea' id='block_1_4' title="bbox 115 902 1248 1564">
    <p class='ocr_par' dir='ltr' id='par_1_4' title="bbox 115 902 1248 1564">
     <span class='ocr_line' id='line_1_6' title="bbox 205 902 1247 991; baseline -0.01 -23"><span class='ocrx_word' id='word_1_32' title='bbox 205 905 325 968; x_wconf 85' lang='lat' dir='ltr'><strong>CLXI.</strong></span> <span class='ocrx_word' id='word_1_33' title='bbox 368 908 577 990; x_wconf 85' lang='lat' dir='ltr'><strong>Symbolum,</strong></span> <span class='ocrx_word' id='word_1_34' title='bbox 600 909 688 991; x_wconf 87' lang='lat' dir='ltr'><strong>qaod</strong></span> <span class='ocrx_word' id='word_1_35' title='bbox 707 907 754 969; x_wconf 88' lang='lat' dir='ltr'><strong>est</strong></span> <span class='ocrx_word' id='word_1_36' title='bbox 775 905 976 988; x_wconf 71' lang='lat' dir='ltr'>signaculum</span> <span class='ocrx_word' id='word_1_37' title='bbox 999 902 1095 980; x_wconf 85' lang='lat' dir='ltr'><strong>lidei,</strong></span> <span class='ocrx_word' id='word_1_38' title='bbox 1118 910 1151 963; x_wconf 82' lang='lat' dir='ltr'><strong>et</strong></span> <span class='ocrx_word' id='word_1_39' title='bbox 1174 922 1247 960; x_wconf 87' lang='lat' dir='ltr'><strong>ora-</strong></span> 
     </span>
     <span class='ocr_line' id='line_1_7' title="bbox 117 985 1248 1073; baseline -0.005 -25"><span class='ocrx_word' id='word_1_40' title='bbox 117 987 242 1050; x_wconf 86' lang='lat' dir='ltr'><strong>tionem</strong></span> <span class='ocrx_word' id='word_1_41' title='bbox 255 988 449 1052; x_wconf 85' lang='lat' dir='ltr'><strong>dominicam</strong></span> <span class='ocrx_word' id='word_1_42' title='bbox 459 990 581 1052; x_wconf 85' lang='lat' dir='ltr'><strong>discere</strong></span> <span class='ocrx_word' id='word_1_43' title='bbox 598 1012 723 1073; x_wconf 84' lang='lat' dir='ltr'><strong>semper</strong></span> <span class='ocrx_word' id='word_1_44' title='bbox 740 990 931 1049; x_wconf 79' lang='lat' dir='ltr'><strong>admoneant</strong></span> <span class='ocrx_word' id='word_1_45' title='bbox 944 985 1130 1047; x_wconf 82' lang='lat' dir='ltr'><strong>Sacerdotes</strong></span> <span class='ocrx_word' id='word_1_46' title='bbox 1146 1005 1248 1064; x_wconf 85' lang='lat' dir='ltr'><strong>popu·</strong></span> 
     </span>
     <span class='ocr_line' id='line_1_8' title="bbox 118 1065 1247 1154; baseline -0.004 -24"><span class='ocrx_word' id='word_1_47' title='bbox 118 1072 186 1130; x_wconf 91' lang='lat' dir='ltr'><strong>lum</strong></span> <span class='ocrx_word' id='word_1_48' title='bbox 202 1071 430 1137; x_wconf 88' lang='lat' dir='ltr'><strong>Christianum.</strong></span> <span class='ocrx_word' id='word_1_49' title='bbox 452 1073 674 1154; x_wconf 87' lang='lat' dir='ltr'><strong>Volumusque</strong></span> <span class='ocrx_word' id='word_1_50' title='bbox 689 1083 723 1130; x_wconf 89' lang='lat' dir='ltr'><strong>ut</strong></span> <span class='ocrx_word' id='word_1_51' title='bbox 737 1071 937 1152; x_wconf 87' lang='lat' dir='ltr'><strong>disciplinam</strong></span> <span class='ocrx_word' id='word_1_52' title='bbox 947 1068 1139 1146; x_wconf 78' lang='lat' dir='ltr'><strong>condignam</strong></span> <span class='ocrx_word' id='word_1_53' title='bbox 1151 1065 1247 1125; x_wconf 85' lang='lat' dir='ltr'><strong>habe·</strong></span> 
     </span>
     <span class='ocr_line' id='line_1_9' title="bbox 119 1145 1247 1236; baseline -0.009 -24"><span class='ocrx_word' id='word_1_54' title='bbox 119 1161 174 1212; x_wconf 87' lang='lat' dir='ltr'><strong>ant</strong></span> <span class='ocrx_word' id='word_1_55' title='bbox 190 1153 251 1233; x_wconf 89' lang='lat' dir='ltr'><strong>qui</strong></span> <span class='ocrx_word' id='word_1_56' title='bbox 263 1153 343 1213; x_wconf 89' lang='lat' dir='ltr'><strong>haec</strong></span> <span class='ocrx_word' id='word_1_57' title='bbox 353 1153 476 1214; x_wconf 85' lang='lat' dir='ltr'><strong>discere</strong></span> <span class='ocrx_word' id='word_1_58' title='bbox 495 1156 683 1236; x_wconf 74' lang='lat' dir='ltr'><strong>neglegunt,</strong></span> <span class='ocrx_word' id='word_1_59' title='bbox 692 1155 757 1214; x_wconf 87' lang='lat' dir='ltr'><strong>sive</strong></span> <span class='ocrx_word' id='word_1_60' title='bbox 772 1151 942 1227; x_wconf 89' lang='lat' dir='ltr'><strong>inieiunio,</strong></span> <span class='ocrx_word' id='word_1_61' title='bbox 953 1151 1017 1212; x_wconf 80' lang='lat' dir='ltr'><strong>sive</strong></span> <span class='ocrx_word' id='word_1_62' title='bbox 1032 1148 1093 1208; x_wconf 91' lang='lat' dir='ltr'><strong>alia</strong></span> <span class='ocrx_word' id='word_1_63' title='bbox 1109 1147 1142 1205; x_wconf 93' lang='lat' dir='ltr'><strong>in</strong></span> <span class='ocrx_word' id='word_1_64' title='bbox 1157 1145 1247 1208; x_wconf 84' lang='lat' dir='ltr'><strong>casti-</strong></span> 
     </span>
     <span class='ocr_line' id='line_1_10' title="bbox 117 1229 1246 1329; baseline -0.006 -37"><span class='ocrx_word' id='word_1_65' title='bbox 117 1235 258 1315; x_wconf 78' lang='lat' dir='ltr'><strong>gatione.</strong></span> <span class='ocrx_word' id='word_1_66' title='bbox 279 1237 452 1317; x_wconf 88' lang='lat' dir='ltr'><strong>Propterea</strong></span> <span class='ocrx_word' id='word_1_67' title='bbox 463 1235 595 1329; x_wconf 64' lang='lat' dir='ltr'><strong>dignum</strong></span> <span class='ocrx_word' id='word_1_68' title='bbox 609 1247 654 1298; x_wconf 93' lang='lat' dir='ltr'><strong>est</strong></span> <span class='ocrx_word' id='word_1_69' title='bbox 668 1244 704 1294; x_wconf 85' lang='lat' dir='ltr'><strong>ut</strong></span> <span class='ocrx_word' id='word_1_70' title='bbox 718 1235 800 1294; x_wconf 87' lang='lat' dir='ltr'><strong>filios</strong></span> <span class='ocrx_word' id='word_1_71' title='bbox 814 1255 888 1294; x_wconf 89' lang='lat' dir='ltr'><strong>snos</strong></span> <span class='ocrx_word' id='word_1_72' title='bbox 905 1233 1027 1292; x_wconf 88' lang='lat' dir='ltr'><strong>donent</strong></span> <span class='ocrx_word' id='word_1_73' title='bbox 1040 1230 1078 1289; x_wconf 85' lang='lat' dir='ltr'><strong>ad</strong></span> <span class='ocrx_word' id='word_1_74' title='bbox 1092 1229 1246 1303; x_wconf 81' lang='lat' dir='ltr'><strong>scholam,</strong></span> 
     </span>
     <span class='ocr_line' id='line_1_11' title="bbox 116 1311 1246 1399; baseline -0.008 -23"><span class='ocrx_word' id='word_1_75' title='bbox 116 1317 185 1376; x_wconf 86' lang='lat' dir='ltr'><strong>sive</strong></span> <span class='ocrx_word' id='word_1_76' title='bbox 205 1317 247 1376; x_wconf 88' lang='lat' dir='ltr'><strong>ad</strong></span> <span class='ocrx_word' id='word_1_77' title='bbox 266 1318 466 1392; x_wconf 84' lang='lat' dir='ltr'><strong>monasteria,</strong></span> <span class='ocrx_word' id='word_1_78' title='bbox 488 1340 555 1378; x_wconf 80' lang='lat' dir='ltr'><strong>save</strong></span> <span class='ocrx_word' id='word_1_79' title='bbox 574 1319 657 1378; x_wconf 82' lang='lat' dir='ltr'><strong>foras</strong></span> <span class='ocrx_word' id='word_1_80' title='bbox 673 1316 880 1399; x_wconf 89' lang='lat' dir='ltr'><strong>Presbyteris,</strong></span> <span class='ocrx_word' id='word_1_81' title='bbox 896 1324 932 1374; x_wconf 89' lang='lat' dir='ltr'><strong>ut</strong></span> <span class='ocrx_word' id='word_1_82' title='bbox 949 1315 1044 1373; x_wconf 89' lang='lat' dir='ltr'><strong>fidem</strong></span> <span class='ocrx_word' id='word_1_83' title='bbox 1056 1311 1246 1372; x_wconf 85' lang='lat' dir='ltr'><strong>catholicam</strong></span> 
     </span>
     <span class='ocr_line' id='line_1_12' title="bbox 115 1394 1245 1472; baseline -0.007 -14"><span class='ocrx_word' id='word_1_84' title='bbox 115 1406 206 1458; x_wconf 85' lang='lat' dir='ltr'><strong>recte</strong></span> <span class='ocrx_word' id='word_1_85' title='bbox 223 1399 348 1458; x_wconf 88' lang='lat' dir='ltr'><strong>discant</strong></span> <span class='ocrx_word' id='word_1_86' title='bbox 362 1409 395 1458; x_wconf 95' lang='lat' dir='ltr'><strong>et</strong></span> <span class='ocrx_word' id='word_1_87' title='bbox 413 1401 590 1459; x_wconf 89' lang='lat' dir='ltr'><strong>orationem</strong></span> <span class='ocrx_word' id='word_1_88' title='bbox 606 1399 809 1472; x_wconf 87' lang='lat' dir='ltr'><strong>dominicam,</strong></span> <span class='ocrx_word' id='word_1_89' title='bbox 826 1407 862 1459; x_wconf 89' lang='lat' dir='ltr'><strong>ut</strong></span> <span class='ocrx_word' id='word_1_90' title='bbox 876 1397 960 1458; x_wconf 90' lang='lat' dir='ltr'><strong>domi</strong></span> <span class='ocrx_word' id='word_1_91' title='bbox 978 1395 1055 1454; x_wconf 91' lang='lat' dir='ltr'><strong>alios</strong></span> <span class='ocrx_word' id='word_1_92' title='bbox 1068 1394 1183 1454; x_wconf 91' lang='lat' dir='ltr'><strong>docere</strong></span> <span class='ocrx_word' id='word_1_93' title='bbox 1194 1413 1245 1453; x_wconf 83' lang='lat' dir='ltr'><strong>va·</strong></span> 
     </span>
     <span class='ocr_line' id='line_1_13' title="bbox 115 1473 1244 1564; baseline -0.004 -23"><span class='ocrx_word' id='word_1_94' title='bbox 115 1480 216 1545; x_wconf 85' lang='lat' dir='ltr'><strong>leant.</strong></span> <span class='ocrx_word' id='word_1_95' title='bbox 240 1480 305 1558; x_wconf 87' lang='lat' dir='ltr'><strong>Qui</strong></span> <span class='ocrx_word' id='word_1_96' title='bbox 314 1500 390 1542; x_wconf 85' lang='lat' dir='ltr'><strong>vero</strong></span> <span class='ocrx_word' id='word_1_97' title='bbox 406 1482 499 1541; x_wconf 88' lang='lat' dir='ltr'><strong>aliter</strong></span> <span class='ocrx_word' id='word_1_98' title='bbox 510 1503 573 1542; x_wconf 91' lang='lat' dir='ltr'><strong>non</strong></span> <span class='ocrx_word' id='word_1_99' title='bbox 586 1481 735 1564; x_wconf 86' lang='lat' dir='ltr'><strong>potuerit,</strong></span> <span class='ocrx_word' id='word_1_100' title='bbox 748 1482 800 1541; x_wconf 82' lang='lat' dir='ltr'><strong>vel</strong></span> <span class='ocrx_word' id='word_1_101' title='bbox 812 1480 845 1539; x_wconf 94' lang='lat' dir='ltr'><strong>in</strong></span> <span class='ocrx_word' id='word_1_102' title='bbox 864 1501 919 1539; x_wconf 89' lang='lat' dir='ltr'><strong>sua</strong></span> <span class='ocrx_word' id='word_1_103' title='bbox 937 1477 1044 1560; x_wconf 79' lang='lat' dir='ltr'><strong>lingua</strong></span> <span class='ocrx_word' id='word_1_104' title='bbox 1059 1475 1121 1535; x_wconf 87' lang='lat' dir='ltr'><strong>hoc</strong></span> <span class='ocrx_word' id='word_1_105' title='bbox 1134 1473 1244 1536; x_wconf 85' lang='lat' dir='ltr'><strong>discat.</strong></span> 
     </span>
    </p>
   </div>
   <div class='ocr_carea' id='block_1_5' title="bbox 370 1585 998 1650">
    <p class='ocr_par' dir='ltr' id='par_1_5' title="bbox 370 1585 998 1650">
     <span class='ocr_line' id='line_1_14' title="bbox 370 1585 998 1650; baseline -0.008 -3"><span class='ocrx_word' id='word_1_106' title='bbox 370 1585 411 1647; x_wconf 91' lang='lat' dir='ltr'><strong>Ut</strong></span> <span class='ocrx_word' id='word_1_107' title='bbox 425 1586 539 1645; x_wconf 72' lang='lat' dir='ltr'><strong>anulum</strong></span> <span class='ocrx_word' id='word_1_108' title='bbox 555 1587 713 1650; x_wconf 82' lang='lat' dir='ltr'><strong>ebrietatis</strong></span> <span class='ocrx_word' id='word_1_109' title='bbox 728 1586 853 1646; x_wconf 71' lang='lat' dir='ltr'><strong>cannino</strong></span> <span class='ocrx_word' id='word_1_110' title='bbox 870 1585 998 1644; x_wconf 79' lang='lat' dir='ltr'><strong>uitetur.</strong></span> 
     </span>
    </p>
   </div>
   <div class='ocr_carea' id='block_1_6' title="bbox 114 1682 1243 2018">
    <p class='ocr_par' dir='ltr' id='par_1_6' title="bbox 114 1682 1243 2018">
     <span class='ocr_line' id='line_1_15' title="bbox 199 1682 1243 1772; baseline -0.009 -22"><span class='ocrx_word' id='word_1_111' title='bbox 199 1687 334 1754; x_wconf 87' lang='lat' dir='ltr'><strong>CLXII.</strong></span> <span class='ocrx_word' id='word_1_112' title='bbox 376 1689 527 1772; x_wconf 82' lang='lat' dir='ltr'><strong>Magnum</strong></span> <span class='ocrx_word' id='word_1_113' title='bbox 552 1692 671 1752; x_wconf 89' lang='lat' dir='ltr'><strong>malum</strong></span> <span class='ocrx_word' id='word_1_114' title='bbox 696 1690 881 1765; x_wconf 85' lang='lat' dir='ltr'><strong>ebrietatis,</strong></span> <span class='ocrx_word' id='word_1_115' title='bbox 912 1688 998 1750; x_wconf 89' lang='lat' dir='ltr'><strong>ande</strong></span> <span class='ocrx_word' id='word_1_116' title='bbox 1029 1683 1136 1744; x_wconf 87' lang='lat' dir='ltr'><strong>omnia</strong></span> <span class='ocrx_word' id='word_1_117' title='bbox 1165 1682 1243 1745; x_wconf 85' lang='lat' dir='ltr'><strong>vitia</strong></span> 
     </span>
     <span class='ocr_line' id='line_1_16' title="bbox 114 1767 1243 1853; baseline 0 -22"><span class='ocrx_word' id='word_1_118' title='bbox 114 1769 300 1851; x_wconf 84' lang='lat' dir='ltr'><strong>pullulant,</strong></span> <span class='ocrx_word' id='word_1_119' title='bbox 322 1773 425 1832; x_wconf 90' lang='lat' dir='ltr'><strong>modis</strong></span> <span class='ocrx_word' id='word_1_120' title='bbox 453 1772 598 1838; x_wconf 88' lang='lat' dir='ltr'><strong>omnibus</strong></span> <span class='ocrx_word' id='word_1_121' title='bbox 627 1793 740 1833; x_wconf 82' lang='lat' dir='ltr'><strong>cavere</strong></span> <span class='ocrx_word' id='word_1_122' title='bbox 772 1771 995 1853; x_wconf 82' lang='lat' dir='ltr'><strong>praecipimus.</strong></span> <span class='ocrx_word' id='word_1_123' title='bbox 1046 1767 1111 1844; x_wconf 77' lang='lat' dir='ltr'><strong>Qui</strong></span> <span class='ocrx_word' id='word_1_124' title='bbox 1138 1774 1243 1824; x_wconf 73' lang='lat' dir='ltr'><strong>autem</strong></span> 
     </span>
     <span class='ocr_line' id='line_1_17' title="bbox 114 1848 1241 1930; baseline -0.004 -18"><span class='ocrx_word' id='word_1_125' title='bbox 114 1855 177 1914; x_wconf 90' lang='lat' dir='ltr'><strong>hoc</strong></span> <span class='ocrx_word' id='word_1_126' title='bbox 195 1855 298 1913; x_wconf 75' lang='lat' dir='ltr'><strong>vitare</strong></span> <span class='ocrx_word' id='word_1_127' title='bbox 315 1853 478 1930; x_wconf 87' lang='lat' dir='ltr'><strong>noluerit,</strong></span> <span class='ocrx_word' id='word_1_128' title='bbox 500 1853 843 1922; x_wconf 85' lang='lat' dir='ltr'><strong>excommunicandum</strong></span> <span class='ocrx_word' id='word_1_129' title='bbox 869 1875 942 1914; x_wconf 89' lang='lat' dir='ltr'><strong>eum</strong></span> <span class='ocrx_word' id='word_1_130' title='bbox 957 1873 1024 1914; x_wconf 90' lang='lat' dir='ltr'><strong>esse</strong></span> <span class='ocrx_word' id='word_1_131' title='bbox 1039 1848 1241 1911; x_wconf 77' lang='lat' dir='ltr'><strong>decrevimus</strong></span> 
     </span>
     <span class='ocr_line' id='line_1_18' title="bbox 116 1934 753 2018; baseline 0.003 -24"><span class='ocrx_word' id='word_1_132' title='bbox 116 1957 222 2017; x_wconf 87' lang='lat' dir='ltr'><strong>usque</strong></span> <span class='ocrx_word' id='word_1_133' title='bbox 240 1936 279 1996; x_wconf 89' lang='lat' dir='ltr'><strong>ad</strong></span> <span class='ocrx_word' id='word_1_134' title='bbox 294 1934 551 1996; x_wconf 86' lang='lat' dir='ltr'><strong>emendationem</strong></span> <span class='ocrx_word' id='word_1_135' title='bbox 570 1958 753 2018; x_wconf 81' lang='lat' dir='ltr'><strong>congruam.</strong></span> 
     </span>
    </p>
   </div>
   <div class='ocr_carea' id='block_1_7' title="bbox 115 2039 1241 2322">
    <p class='ocr_par' dir='ltr' id='par_1_7' title="bbox 115 2039 1241 2322">
     <span class='ocr_line' id='line_1_19' title="bbox 466 2039 890 2124; baseline -0.002 -25"><span class='ocrx_word' id='word_1_136' title='bbox 466 2039 514 2100; x_wconf 85' lang='lat' dir='ltr'><strong>De</strong></span> <span class='ocrx_word' id='word_1_137' title='bbox 533 2041 746 2124; x_wconf 82' lang='lat' dir='ltr'><strong>spiritualibus</strong></span> <span class='ocrx_word' id='word_1_138' title='bbox 759 2039 890 2124; x_wconf 77' lang='lat' dir='ltr'><strong>filiolis.</strong></span> 
     </span>
     <span class='ocr_line' id='line_1_20' title="bbox 200 2142 1241 2228; baseline -0.005 -22"><span class='ocrx_word' id='word_1_139' title='bbox 200 2142 356 2206; x_wconf 81' lang='lat' dir='ltr'><strong>CLXIII.</strong></span> <span class='ocrx_word' id='word_1_140' title='bbox 398 2145 618 2228; x_wconf 81' lang='lat' dir='ltr'><strong>Praecipimus</strong></span> <span class='ocrx_word' id='word_1_141' title='bbox 631 2154 667 2214; x_wconf 87' lang='lat' dir='ltr'><strong>ut</strong></span> <span class='ocrx_word' id='word_1_142' title='bbox 680 2145 902 2227; x_wconf 78' lang='lat' dir='ltr'><strong>unusquIsque</strong></span> <span class='ocrx_word' id='word_1_143' title='bbox 919 2155 1079 2227; x_wconf 89' lang='lat' dir='ltr'><strong>compater</strong></span> <span class='ocrx_word' id='word_1_144' title='bbox 1095 2143 1147 2207; x_wconf 84' lang='lat' dir='ltr'><strong>rel</strong></span> <span class='ocrx_word' id='word_1_145' title='bbox 1163 2163 1241 2225; x_wconf 90' lang='lat' dir='ltr'><strong>pro-</strong></span> 
     </span>
     <span class='ocr_line' id='line_1_21' title="bbox 115 2226 1241 2322; baseline -0.006 -32"><span class='ocrx_word' id='word_1_146' title='bbox 115 2226 195 2290; x_wconf 83' lang='lat' dir='ltr'><strong>ximi</strong></span> <span class='ocrx_word' id='word_1_147' title='bbox 209 2226 372 2310; x_wconf 89' lang='lat' dir='ltr'><strong>spiritales</strong></span> <span class='ocrx_word' id='word_1_148' title='bbox 382 2226 465 2290; x_wconf 85' lang='lat' dir='ltr'><strong>filios</strong></span> <span class='ocrx_word' id='word_1_149' title='bbox 475 2250 548 2290; x_wconf 91' lang='lat' dir='ltr'><strong>suos</strong></span> <span class='ocrx_word' id='word_1_150' title='bbox 562 2227 718 2290; x_wconf 87' lang='lat' dir='ltr'><strong>catholice</strong></span> <span class='ocrx_word' id='word_1_151' title='bbox 732 2228 900 2289; x_wconf 89' lang='lat' dir='ltr'><strong>instruant.</strong></span> <span class='ocrx_word' id='word_1_152' title='bbox 914 2228 1018 2310; x_wconf 81' lang='lat' dir='ltr'><strong>Supra</strong></span> <span class='ocrx_word' id='word_1_153' title='bbox 1026 2228 1094 2291; x_wconf 82' lang='lat' dir='ltr'><strong>Lib.</strong></span> <span class='ocrx_word' id='word_1_154' title='bbox 1103 2229 1148 2291; x_wconf 93' lang='grc' dir='ltr'><strong>ῙΙ.</strong></span> <span class='ocrx_word' id='word_1_155' title='bbox 1157 2246 1183 2284; x_wconf 87' lang='lat' dir='ltr'><strong>c.</strong></span> <span class='ocrx_word' id='word_1_156' title='bbox 1192 2226 1241 2322; x_wconf 48' lang='lat'><strong>37·</strong></span> 
     </span>
    </p>
   </div>
   <div class='ocr_carea' id='block_1_8' title="bbox 228 2332 1131 2396">
    <p class='ocr_par' dir='ltr' id='par_1_8' title="bbox 228 2332 1131 2396">
     <span class='ocr_line' id='line_1_22' title="bbox 228 2332 1131 2396; baseline -0.006 -2"><span class='ocrx_word' id='word_1_157' title='bbox 228 2332 269 2394; x_wconf 87' lang='lat' dir='ltr'><strong>Ut</strong></span> <span class='ocrx_word' id='word_1_158' title='bbox 291 2335 443 2396; x_wconf 83' lang='lat' dir='ltr'><strong>cauticum</strong></span> <span class='ocrx_word' id='word_1_159' title='bbox 463 2335 661 2396; x_wconf 78' lang='lat' dir='ltr'><strong>licxuriosum</strong></span> <span class='ocrx_word' id='word_1_160' title='bbox 681 2335 766 2394; x_wconf 85' lang='lat' dir='ltr'><strong>circa</strong></span> <span class='ocrx_word' id='word_1_161' title='bbox 789 2333 945 2394; x_wconf 76' lang='lat' dir='ltr'><strong>Ecclesiae</strong></span> <span class='ocrx_word' id='word_1_162' title='bbox 960 2332 1131 2392; x_wconf 85' lang='lat' dir='ltr'><strong>deseratur.</strong></span> 
     </span>
    </p>
   </div>
   <div class='ocr_carea' id='block_1_9' title="bbox 114 2436 1241 2603">
    <p class='ocr_par' dir='ltr' id='par_1_9' title="bbox 114 2436 1241 2603">
     <span class='ocr_line' id='line_1_23' title="bbox 201 2436 1240 2519; baseline -0.002 -19"><span class='ocrx_word' id='word_1_163' title='bbox 201 2436 351 2503; x_wconf 86' lang='lat' dir='ltr'><strong>CLXIV.</strong></span> <span class='ocrx_word' id='word_1_164' title='bbox 394 2439 562 2500; x_wconf 83' lang='lat' dir='ltr'><strong>Canticum</strong></span> <span class='ocrx_word' id='word_1_165' title='bbox 576 2446 669 2518; x_wconf 88' lang='lat' dir='ltr'><strong>turpe</strong></span> <span class='ocrx_word' id='word_1_166' title='bbox 685 2448 779 2519; x_wconf 88' lang='lat' dir='ltr'><strong>atque</strong></span> <span class='ocrx_word' id='word_1_167' title='bbox 798 2437 999 2503; x_wconf 81' lang='lat' dir='ltr'><strong>luxuriosum</strong></span> <span class='ocrx_word' id='word_1_168' title='bbox 1015 2436 1100 2497; x_wconf 84' lang='lat' dir='ltr'><strong>eirca</strong></span> <span class='ocrx_word' id='word_1_169' title='bbox 1125 2437 1240 2500; x_wconf 85' lang='lat' dir='ltr'><strong>Eccle-</strong></span> 
     </span>
     <span class='ocr_line' id='line_1_24' title="bbox 114 2518 1241 2603; baseline -0.004 -20"><span class='ocrx_word' id='word_1_170' title='bbox 114 2521 175 2583; x_wconf 85' lang='lat' dir='ltr'><strong>sias</strong></span> <span class='ocrx_word' id='word_1_171' title='bbox 196 2541 291 2603; x_wconf 81' lang='lat' dir='ltr'><strong>agere</strong></span> <span class='ocrx_word' id='word_1_172' title='bbox 311 2520 444 2582; x_wconf 89' lang='lat' dir='ltr'><strong>omnino</strong></span> <span class='ocrx_word' id='word_1_173' title='bbox 466 2520 735 2598; x_wconf 84' lang='lat' dir='ltr'><strong>contradicimus,</strong></span> <span class='ocrx_word' id='word_1_174' title='bbox 749 2521 836 2602; x_wconf 89' lang='lat' dir='ltr'><strong>quod</strong></span> <span class='ocrx_word' id='word_1_175' title='bbox 854 2519 975 2602; x_wconf 84' lang='lat' dir='ltr'><strong>ubique</strong></span> <span class='ocrx_word' id='word_1_176' title='bbox 997 2518 1165 2581; x_wconf 83' lang='lat' dir='ltr'><strong>vitandum</strong></span> <span class='ocrx_word' id='word_1_177' title='bbox 1185 2528 1241 2580; x_wconf 91' lang='lat' dir='ltr'><strong>est.</strong></span> 
     </span>
    </p>
   </div>
   <div class='ocr_carea' id='block_1_10' title="bbox 548 2625 816 2689">
    <p class='ocr_par' dir='ltr' id='par_1_10' title="bbox 548 2625 816 2689">
     <span class='ocr_line' id='line_1_25' title="bbox 548 2625 816 2689; baseline -0.007 -4"><span class='ocrx_word' id='word_1_178' title='bbox 548 2625 596 2685; x_wconf 89' lang='lat' dir='ltr'><strong>De</strong></span> <span class='ocrx_word' id='word_1_179' title='bbox 624 2625 816 2689; x_wconf 81' lang='lat' dir='ltr'><strong>incestuosis.</strong></span> 
     </span>
    </p>
   </div>
   <div class='ocr_carea' id='block_1_11' title="bbox 113 2729 1245 2978">
    <p class='ocr_par' dir='ltr' id='par_1_11' title="bbox 113 2729 1245 2978">
     <span class='ocr_line' id='line_1_26' title="bbox 202 2729 1245 2813; baseline 0.001 -22"><span class='ocrx_word' id='word_1_180' title='bbox 202 2730 328 2793; x_wconf 84' lang='lat' dir='ltr'><strong>CLXV.</strong></span> <span class='ocrx_word' id='word_1_181' title='bbox 370 2731 412 2790; x_wconf 87' lang='lat' dir='ltr'><strong>Ut</strong></span> <span class='ocrx_word' id='word_1_182' title='bbox 446 2729 597 2813; x_wconf 88' lang='lat' dir='ltr'><strong>Episcopi</strong></span> <span class='ocrx_word' id='word_1_183' title='bbox 623 2729 805 2792; x_wconf 89' lang='lat' dir='ltr'><strong>incestuoso</strong></span> <span class='ocrx_word' id='word_1_184' title='bbox 834 2731 970 2812; x_wconf 85' lang='lat' dir='ltr'><strong>(puriter</strong></span> <span class='ocrx_word' id='word_1_185' title='bbox 986 2737 1014 2809; x_wconf 84' lang='lat' dir='ltr'><strong>a)</strong></span> <span class='ocrx_word' id='word_1_186' title='bbox 1049 2731 1245 2812; x_wconf 80' lang='lat' dir='ltr'><strong>investigare-</strong></span> 
     </span>
     <span class='ocr_line' id='line_1_27' title="bbox 114 2811 1241 2894; baseline 0.001 -21"><span class='ocrx_word' id='word_1_187' title='bbox 114 2811 268 2873; x_wconf 87' lang='lat' dir='ltr'><strong>studeant</strong></span> <span class='ocrx_word' id='word_1_188' title='bbox 290 2814 421 2873; x_wconf 92' lang='lat' dir='ltr'><strong>omnino</strong></span> <span class='ocrx_word' id='word_1_189' title='bbox 434 2814 655 2894; x_wconf 80' lang='lat' dir='ltr'><strong>praecipimus.</strong></span> <span class='ocrx_word' id='word_1_190' title='bbox 698 2813 786 2873; x_wconf 83' lang='lat' dir='ltr'><strong>Etsi</strong></span> <span class='ocrx_word' id='word_1_191' title='bbox 809 2814 976 2894; x_wconf 84' lang='lat' dir='ltr'><strong>poenitere</strong></span> <span class='ocrx_word' id='word_1_192' title='bbox 1002 2814 1183 2890; x_wconf 86' lang='lat' dir='ltr'><strong>noluerint,</strong></span> <span class='ocrx_word' id='word_1_193' title='bbox 1201 2815 1241 2874; x_wconf 83' lang='lat' dir='ltr'><strong>de</strong></span> 
     </span>
     <span class='ocr_line' id='line_1_28' title="bbox 113 2893 1159 2978; baseline -0.002 -22"><span class='ocrx_word' id='word_1_194' title='bbox 113 2893 265 2956; x_wconf 89' lang='lat' dir='ltr'><strong>Ecclesia</strong></span> <span class='ocrx_word' id='word_1_195' title='bbox 292 2896 497 2978; x_wconf 87' lang='lat' dir='ltr'><strong>expellantur</strong></span> <span class='ocrx_word' id='word_1_196' title='bbox 513 2895 615 2955; x_wconf 92' lang='lat' dir='ltr'><strong>donec</strong></span> <span class='ocrx_word' id='word_1_197' title='bbox 632 2895 672 2954; x_wconf 90' lang='lat' dir='ltr'><strong>ad</strong></span> <span class='ocrx_word' id='word_1_198' title='bbox 691 2895 923 2976; x_wconf 88' lang='lat' dir='ltr'><strong>poenitentiam</strong></span> <span class='ocrx_word' id='word_1_199' title='bbox 947 2905 1159 2959; x_wconf 83' lang='lat' dir='ltr'><strong>1evcrtantur.</strong></span> 
     </span>
    </p>
   </div>
   <div class='ocr_carea' id='block_1_12' title="bbox 87 3001 1243 3410">
    <p class='ocr_par' dir='ltr' id='par_1_12' title="bbox 87 3001 1243 3410">
     <span class='ocr_line' id='line_1_29' title="bbox 135 3001 1221 3085; baseline -0.001 -24"><span class='ocrx_word' id='word_1_200' title='bbox 135 3001 188 3061; x_wconf 85' lang='lat' dir='ltr'><strong>Ne</strong></span> <span class='ocrx_word' id='word_1_201' title='bbox 209 3002 243 3061; x_wconf 86' lang='lat' dir='ltr'><strong>in</strong></span> <span class='ocrx_word' id='word_1_202' title='bbox 262 3013 375 3085; x_wconf 84' lang='lat' dir='ltr'><strong>quartu</strong></span> <span class='ocrx_word' id='word_1_203' title='bbox 394 3014 446 3062; x_wconf 84' lang='lat' dir='ltr'><strong>aut</strong></span> <span class='ocrx_word' id='word_1_204' title='bbox 467 3001 502 3060; x_wconf 87' lang='lat' dir='ltr'><strong>in</strong></span> <span class='ocrx_word' id='word_1_205' title='bbox 519 3002 626 3083; x_wconf 82' lang='lat' dir='ltr'><strong>quinta</strong></span> <span class='ocrx_word' id='word_1_206' title='bbox 643 3013 696 3060; x_wconf 81' lang='lat' dir='ltr'><strong>uut</strong></span> <span class='ocrx_word' id='word_1_207' title='bbox 716 3013 806 3059; x_wconf 78' lang='lat' dir='ltr'><strong>sexta</strong></span> <span class='ocrx_word' id='word_1_208' title='bbox 825 3003 1023 3078; x_wconf 75' lang='lat' dir='ltr'><strong>generatione</strong></span> <span class='ocrx_word' id='word_1_209' title='bbox 1045 3003 1221 3080; x_wconf 80' lang='lat' dir='ltr'><strong>coniugium</strong></span> 
     </span>
     <span class='ocr_line' id='line_1_30' title="bbox 593 3083 763 3166; baseline -0.006 -23"><span class='ocrx_word' id='word_1_210' title='bbox 593 3083 763 3166; x_wconf 84' lang='lat' dir='ltr'><strong>copuletur.</strong></span> 
     </span>
     <span class='ocr_line' id='line_1_31' title="bbox 200 3163 1243 3246; baseline -0.001 -23"><span class='ocrx_word' id='word_1_211' title='bbox 200 3163 340 3228; x_wconf 86' lang='lat' dir='ltr'><strong>CLXVI.</strong></span> <span class='ocrx_word' id='word_1_212' title='bbox 382 3163 637 3225; x_wconf 88' lang='lat' dir='ltr'><strong>Contradicimus</strong></span> <span class='ocrx_word' id='word_1_213' title='bbox 658 3185 788 3246; x_wconf 90' lang='lat' dir='ltr'><strong>quoque</strong></span> <span class='ocrx_word' id='word_1_214' title='bbox 810 3163 894 3222; x_wconf 85' lang='lat' dir='ltr'><strong>ntia</strong></span> <span class='ocrx_word' id='word_1_215' title='bbox 916 3173 1029 3244; x_wconf 85' lang='lat' dir='ltr'><strong>quarta</strong></span> <span class='ocrx_word' id='word_1_216' title='bbox 1049 3164 1099 3225; x_wconf 80' lang='lat' dir='ltr'><strong>rel</strong></span> <span class='ocrx_word' id='word_1_217' title='bbox 1129 3163 1243 3244; x_wconf 88' lang='lat' dir='ltr'><strong>quinta</strong></span> 
     </span>
     <span class='ocr_line' id='line_1_32' title="bbox 115 3245 1242 3330; baseline -0.005 -21"><span class='ocrx_word' id='word_1_218' title='bbox 115 3254 271 3330; x_wconf 80' lang='lat' dir='ltr'><strong>sextaque</strong></span> <span class='ocrx_word' id='word_1_219' title='bbox 290 3245 495 3326; x_wconf 82' lang='lat' dir='ltr'><strong>generatione</strong></span> <span class='ocrx_word' id='word_1_220' title='bbox 515 3246 622 3307; x_wconf 91' lang='lat' dir='ltr'><strong>nullus</strong></span> <span class='ocrx_word' id='word_1_221' title='bbox 637 3247 772 3327; x_wconf 86' lang='lat' dir='ltr'><strong>amplius</strong></span> <span class='ocrx_word' id='word_1_222' title='bbox 793 3245 944 3325; x_wconf 78' lang='lat' dir='ltr'><strong>coniugio</strong></span> <span class='ocrx_word' id='word_1_223' title='bbox 966 3247 1145 3328; x_wconf 81' lang='lat' dir='ltr'><strong>copuletur.</strong></span> <span class='ocrx_word' id='word_1_224' title='bbox 1180 3245 1242 3306; x_wconf 92' lang='lat' dir='ltr'><strong>Ubi</strong></span> 
     </span>
     <span class='ocr_line' id='line_1_33' title="bbox 87 3326 1222 3410; baseline 0.001 -24"><span class='ocrx_word' id='word_1_225' title='bbox 87 3331 91 3336; x_wconf 88' lang='lat'>&#39;</span> <span class='ocrx_word' id='word_1_226' title='bbox 116 3336 225 3386; x_wconf 89' lang='lat' dir='ltr'><strong>autern</strong></span> <span class='ocrx_word' id='word_1_227' title='bbox 242 3335 314 3407; x_wconf 89' lang='lat' dir='ltr'><strong>post</strong></span> <span class='ocrx_word' id='word_1_228' title='bbox 334 3327 541 3390; x_wconf 89' lang='lat' dir='ltr'><strong>interdictum</strong></span> <span class='ocrx_word' id='word_1_229' title='bbox 563 3330 682 3388; x_wconf 84' lang='lat' dir='ltr'><strong>factum</strong></span> <span class='ocrx_word' id='word_1_230' title='bbox 700 3328 868 3390; x_wconf 81' lang='lat' dir='ltr'><strong>inventum</strong></span> <span class='ocrx_word' id='word_1_231' title='bbox 889 3326 1002 3402; x_wconf 83' lang='lat' dir='ltr'><strong>fuerit,</strong></span> <span class='ocrx_word' id='word_1_232' title='bbox 1025 3337 1222 3410; x_wconf 83' lang='lat' dir='ltr'><strong>separentur.</strong></span> 
     </span>
    </p>
   </div>
   <div class='ocr_carea' id='block_1_13' title="bbox 117 3431 1243 3580">
    <p class='ocr_par' dir='ltr' id='par_1_13' title="bbox 117 3431 1243 3580">
     <span class='ocr_line' id='line_1_34' title="bbox 117 3431 1243 3517; baseline 0.004 -25"><span class='ocrx_word' id='word_1_233' title='bbox 117 3433 165 3492; x_wconf 86' lang='lat' dir='ltr'><strong>Ne</strong></span> <span class='ocrx_word' id='word_1_234' title='bbox 187 3433 339 3514; x_wconf 84' lang='lat' dir='ltr'><strong>proprius</strong></span> <span class='ocrx_word' id='word_1_235' title='bbox 349 3431 447 3514; x_wconf 84' lang='lat' dir='ltr'><strong>filius</strong></span> <span class='ocrx_word' id='word_1_236' title='bbox 463 3431 502 3492; x_wconf 84' lang='lat' dir='ltr'><strong>de</strong></span> <span class='ocrx_word' id='word_1_237' title='bbox 526 3435 679 3516; x_wconf 76' lang='lat' dir='ltr'><strong>baptismo</strong></span> <span class='ocrx_word' id='word_1_238' title='bbox 692 3435 880 3517; x_wconf 84' lang='lat' dir='ltr'><strong>suscipiatur</strong></span> <span class='ocrx_word' id='word_1_239' title='bbox 895 3433 949 3492; x_wconf 83' lang='lat' dir='ltr'><strong>vel</strong></span> <span class='ocrx_word' id='word_1_240' title='bbox 969 3433 1013 3491; x_wconf 85' lang='lat' dir='ltr'><strong>ud</strong></span> <span class='ocrx_word' id='word_1_241' title='bbox 1030 3434 1243 3517; x_wconf 80' lang='lat' dir='ltr'><strong>confirmatio·</strong></span> 
     </span>
     <span class='ocr_line' id='line_1_35' title="bbox 559 3529 794 3580; baseline 0.013 -5"><span class='ocrx_word' id='word_1_242' title='bbox 559 3537 631 3575; x_wconf 84' lang='lat' dir='ltr'><strong>nom</strong></span> <span class='ocrx_word' id='word_1_243' title='bbox 646 3529 794 3580; x_wconf 81' lang='lat' dir='ltr'><strong>teneretur.</strong></span> 
     </span>
    </p>
   </div>
   <div class='ocr_carea' id='block_1_14' title="bbox 117 3618 1298 3949">
    <p class='ocr_par' dir='ltr' id='par_1_14' title="bbox 117 3618 1298 3949">
     <span class='ocr_line' id='line_1_36' title="bbox 202 3618 1242 3702; baseline 0.004 -24"><span class='ocrx_word' id='word_1_244' title='bbox 202 3618 359 3680; x_wconf 86' lang='lat' dir='ltr'><strong>CLXVII.</strong></span> <span class='ocrx_word' id='word_1_245' title='bbox 400 3618 516 3680; x_wconf 85' lang='lat' dir='ltr'><strong>Nullus</strong></span> <span class='ocrx_word' id='word_1_246' title='bbox 537 3620 636 3697; x_wconf 72' lang='lat' dir='ltr'><strong>igitur</strong></span> <span class='ocrx_word' id='word_1_247' title='bbox 661 3621 828 3702; x_wconf 85' lang='lat' dir='ltr'><strong>proprium</strong></span> <span class='ocrx_word' id='word_1_248' title='bbox 855 3621 958 3680; x_wconf 82' lang='lat' dir='ltr'><strong>filium</strong></span> <span class='ocrx_word' id='word_1_249' title='bbox 987 3621 1040 3684; x_wconf 83' lang='lat' dir='ltr'><strong>rel</strong></span> <span class='ocrx_word' id='word_1_250' title='bbox 1068 3621 1167 3683; x_wconf 82' lang='lat' dir='ltr'><strong>liliam</strong></span> <span class='ocrx_word' id='word_1_251' title='bbox 1203 3622 1242 3682; x_wconf 91' lang='lat' dir='ltr'><strong>de</strong></span> 
     </span>
     <span class='ocr_line' id='line_1_37' title="bbox 117 3700 1244 3784; baseline 0.002 -24"><span class='ocrx_word' id='word_1_252' title='bbox 117 3703 208 3762; x_wconf 86' lang='lat' dir='ltr'><strong>fonte</strong></span> <span class='ocrx_word' id='word_1_253' title='bbox 227 3700 420 3781; x_wconf 86' lang='lat' dir='ltr'><strong>baptismatis</strong></span> <span class='ocrx_word' id='word_1_254' title='bbox 439 3702 607 3784; x_wconf 83' lang='lat' dir='ltr'><strong>suscipiat,</strong></span> <span class='ocrx_word' id='word_1_255' title='bbox 629 3723 689 3762; x_wconf 89' lang='lat' dir='ltr'><strong>nec</strong></span> <span class='ocrx_word' id='word_1_256' title='bbox 709 3703 839 3762; x_wconf 86' lang='lat' dir='ltr'><strong>filiolam</strong></span> <span class='ocrx_word' id='word_1_257' title='bbox 857 3726 916 3763; x_wconf 90' lang='lat' dir='ltr'><strong>nec</strong></span> <span class='ocrx_word' id='word_1_258' title='bbox 933 3714 1135 3764; x_wconf 87' lang='lat' dir='ltr'><strong>commatrem</strong></span> <span class='ocrx_word' id='word_1_259' title='bbox 1149 3705 1244 3763; x_wconf 89' lang='lat' dir='ltr'><strong>ducat</strong></span> 
     </span>
     <span class='ocr_line' id='line_1_38' title="bbox 119 3781 1298 3857; baseline 0.003 -14"><span class='ocrx_word' id='word_1_260' title='bbox 119 3804 272 3857; x_wconf 78' lang='lat' dir='ltr'><strong>uxorem,</strong></span> <span class='ocrx_word' id='word_1_261' title='bbox 293 3803 353 3842; x_wconf 91' lang='lat' dir='ltr'><strong>nec</strong></span> <span class='ocrx_word' id='word_1_262' title='bbox 369 3781 457 3842; x_wconf 91' lang='lat' dir='ltr'><strong>illam</strong></span> <span class='ocrx_word' id='word_1_263' title='bbox 480 3787 573 3845; x_wconf 88' lang='lat' dir='ltr'><strong>cuius</strong></span> <span class='ocrx_word' id='word_1_264' title='bbox 588 3785 689 3850; x_wconf 88' lang='lat' dir='ltr'><strong>lilium</strong></span> <span class='ocrx_word' id='word_1_265' title='bbox 707 3787 758 3846; x_wconf 88' lang='lat' dir='ltr'><strong>vel</strong></span> <span class='ocrx_word' id='word_1_266' title='bbox 778 3787 877 3846; x_wconf 86' lang='lat' dir='ltr'><strong>liliam</strong></span> <span class='ocrx_word' id='word_1_267' title='bbox 900 3787 939 3846; x_wconf 87' lang='lat' dir='ltr'><strong>ad</strong></span> <span class='ocrx_word' id='word_1_268' title='bbox 969 3787 1244 3847; x_wconf 83' lang='lat' dir='ltr'><strong>confirmationem</strong></span> <span class='ocrx_word' id='word_1_269' title='bbox 1293 3815 1298 3824; x_wconf 56' lang='grc'><strong>«</strong></span> 
     </span>
     <span class='ocr_line' id='line_1_39' title="bbox 118 3863 988 3949; baseline 0.002 -25"><span class='ocrx_word' id='word_1_270' title='bbox 118 3864 271 3926; x_wconf 84' lang='lat' dir='ltr'><strong>tenuerit.</strong></span> <span class='ocrx_word' id='word_1_271' title='bbox 313 3863 374 3924; x_wconf 88' lang='lat' dir='ltr'><strong>Ubi</strong></span> <span class='ocrx_word' id='word_1_272' title='bbox 395 3877 502 3927; x_wconf 89' lang='lat' dir='ltr'><strong>autem</strong></span> <span class='ocrx_word' id='word_1_273' title='bbox 515 3869 635 3928; x_wconf 88' lang='lat' dir='ltr'><strong>factum</strong></span> <span class='ocrx_word' id='word_1_274' title='bbox 651 3867 769 3944; x_wconf 85' lang='lat' dir='ltr'><strong>fuerit,</strong></span> <span class='ocrx_word' id='word_1_275' title='bbox 790 3876 988 3949; x_wconf 85' lang='lat' dir='ltr'><strong>separentur.</strong></span> 
     </span>
    </p>
   </div>
   <div class='ocr_carea' id='block_1_15' title="bbox 499 3970 869 4054">
    <p class='ocr_par' dir='ltr' id='par_1_15' title="bbox 499 3970 869 4054">
     <span class='ocr_line' id='line_1_40' title="bbox 499 3970 869 4054; baseline 0.011 -23"><span class='ocrx_word' id='word_1_276' title='bbox 499 3974 548 4031; x_wconf 88' lang='lat' dir='ltr'><strong>De</strong></span> <span class='ocrx_word' id='word_1_277' title='bbox 567 3970 723 4032; x_wconf 83' lang='lat' dir='ltr'><strong>damnatis</strong></span> <span class='ocrx_word' id='word_1_278' title='bbox 742 3976 869 4054; x_wconf 78' lang='lat' dir='ltr'><strong>uztptiis.</strong></span> 
     </span>
    </p>
   </div>
   <div class='ocr_carea' id='block_1_16' title="bbox 123 4072 1321 4244">
    <p class='ocr_par' dir='ltr' id='par_1_16' title="bbox 123 4072 1321 4244">
     <span class='ocr_line' id='line_1_41' title="bbox 201 4072 1321 4158; baseline 0 -20"><span class='ocrx_word' id='word_1_279' title='bbox 201 4073 388 4138; x_wconf 84' lang='lat' dir='ltr'><strong>CLXVIII.</strong></span> <span class='ocrx_word' id='word_1_280' title='bbox 430 4075 462 4134; x_wconf 92' lang='lat' dir='ltr'><strong>Si</strong></span> <span class='ocrx_word' id='word_1_281' title='bbox 492 4076 564 4158; x_wconf 88' lang='lat' dir='ltr'><strong>quis</strong></span> <span class='ocrx_word' id='word_1_282' title='bbox 586 4077 714 4138; x_wconf 85' lang='lat' dir='ltr'><strong>viduam</strong></span> <span class='ocrx_word' id='word_1_283' title='bbox 736 4100 869 4138; x_wconf 84' lang='lat' dir='ltr'><strong>uxorem</strong></span> <span class='ocrx_word' id='word_1_284' title='bbox 895 4077 1043 4152; x_wconf 85' lang='lat' dir='ltr'><strong>duxerit,</strong></span> <span class='ocrx_word' id='word_1_285' title='bbox 1075 4085 1108 4136; x_wconf 87' lang='lat' dir='ltr'><strong>et</strong></span> <span class='ocrx_word' id='word_1_286' title='bbox 1133 4087 1243 4158; x_wconf 71' lang='lat' dir='ltr'><strong>postea</strong></span> <span class='ocrx_word' id='word_1_287' title='bbox 1318 4072 1321 4080; x_wconf 66' lang='grc'>’</span> 
     </span>
     <span class='ocr_line' id='line_1_42' title="bbox 123 4157 1242 4244; baseline 0.002 -26"><span class='ocrx_word' id='word_1_288' title='bbox 123 4179 194 4218; x_wconf 89' lang='lat' dir='ltr'><strong>cum</strong></span> <span class='ocrx_word' id='word_1_289' title='bbox 215 4158 346 4218; x_wconf 86' lang='lat' dir='ltr'><strong>filiastra</strong></span> <span class='ocrx_word' id='word_1_290' title='bbox 365 4177 421 4221; x_wconf 82' lang='lat' dir='ltr'><strong>sua</strong></span> <span class='ocrx_word' id='word_1_291' title='bbox 436 4157 611 4224; x_wconf 75' lang='lat' dir='ltr'><strong>fornicatus</strong></span> <span class='ocrx_word' id='word_1_292' title='bbox 632 4158 741 4240; x_wconf 84' lang='lat' dir='ltr'><strong>fuerit,</strong></span> <span class='ocrx_word' id='word_1_293' title='bbox 764 4180 821 4222; x_wconf 91' lang='lat' dir='ltr'><strong>seu</strong></span> <span class='ocrx_word' id='word_1_294' title='bbox 838 4159 959 4222; x_wconf 89' lang='lat' dir='ltr'><strong>duabus</strong></span> <span class='ocrx_word' id='word_1_295' title='bbox 985 4159 1146 4222; x_wconf 84' lang='lat' dir='ltr'><strong>sororibus</strong></span> <span class='ocrx_word' id='word_1_296' title='bbox 1164 4181 1242 4244; x_wconf 68' lang='lat' dir='ltr'><strong>nup-</strong></span> 
     </span>
    </p>
   </div>
   <div class='ocr_carea' id='block_1_17' title="bbox 156 4311 465 4382">
    <p class='ocr_par' dir='ltr' id='par_1_17' title="bbox 156 4311 465 4382">
     <span class='ocr_line' id='line_1_43' title="bbox 156 4311 465 4382; baseline 0.003 -19"><span class='ocrx_word' id='word_1_297' title='bbox 156 4313 189 4382; x_wconf 81' lang='lat' dir='ltr'><strong>a)</strong></span> <span class='ocrx_word' id='word_1_298' title='bbox 205 4314 290 4366; x_wconf 82' lang='lat' dir='ltr'><strong>Deest</strong></span> <span class='ocrx_word' id='word_1_299' title='bbox 308 4311 337 4364; x_wconf 92' lang='lat' dir='ltr'><strong>in</strong></span> <span class='ocrx_word' id='word_1_300' title='bbox 354 4311 389 4364; x_wconf 78' lang='lat' dir='ltr'><strong>al.</strong></span> <span class='ocrx_word' id='word_1_301' title='bbox 406 4327 465 4366; x_wconf 76' lang='lat' dir='ltr'><strong>mea.</strong></span> 
     </span>
    </p>
   </div>
   <div class='ocr_carea' id='block_1_18' title="bbox 0 0 1469 4984">
    <p class='ocr_par' dir='ltr' id='par_1_18' title="bbox 0 0 1469 4984">
     <span class='ocr_line' id='line_1_44' title="bbox 0 0 1469 4984; baseline 0 0"><span class='ocrx_word' id='word_1_302' title='bbox 0 0 1469 4984; x_wconf 95' lang='lat' dir='ltr'><strong> </strong></span> 
     </span>
    </p>
   </div>
  </div>
 </body>
</html>
