2910 4986
203 313 278 414 458
627 345 920 409 nostrumnon

363 481 416 544 De
437 481 552 546 debitis
572 488 746 569 regalibus,
769 477 908 575 qualit-ei·
929 489 1016 551 snivi
1034 487 1176 550 debeant.

284 583 393 655 XXX.
437 590 555 651 Omnia
578 592 685 654 debita
704 619 787 678 quae
804 595 1092 681 ad'partemRegis
1108 591 1187 655 solvi
1207 591 1343 670 debent,

201 670 313 734 solidis
331 670 503 734 duodecim
527 675 733 739 denariorum
756 682 943 748 solvantur,
973 686 1114 759 excepto
1136 675 1226 737 freda
1253 697 1343 757 quae

201 755 235 813 in
258 754 329 836 lege
349 755 453 815 Salina
474 759 655 840 conscripta
670 772 724 823 est.
761 764 820 824 tna
838 763 952 824 eodem
975 761 1078 822 solido
1108 780 1173 841 quo
1189 767 1341 820 caeterae

201 837 447 920 compositiones
464 842 545 901 solvi
563 843 693 922 debent,
717 855 943 929 componatur.¹
986 842 1069 905 thid.
1082 864 1107 907 e.
1123 864 1152 924 9.
1190 869 1193 876 ¹

324 944 373 1004 De
395 966 435 1005 eo-
454 949 509 1026 qui
528 970 653 1009 censam
675 951 847 1012 iudicatam
868 965 1008 1035 repetere
1026 949 1211 1036 proesumit.

284 1048 412 1112 XXXI.
456 1053 489 1112 si
505 1054 578 1134 quis
598 1078 724 1117 causam
751 1057 922 1120 iudicatam
947 1065 1098 1138 repetere
1112 1071 1340 1134 praesumpse-

199 1132 243 1196 rit
261 1132 296 1191 in
315 1134 430 1210 mello,
452 1134 561 1216 ibique
584 1139 717 1202 testibus
732 1142 901 1203 convietus
921 1141 1039 1216 fuerit,
1076 1147 1130 1196 aut
1147 1134 1337 1217 quindecim

200 1216 319 1278 solidos
338 1229 528 1296 componat,
552 1230 606 1281 aut
626 1224 818 1304 quindecim
832 1225 913 1286 ictus
936 1223 975 1282 ab
996 1218 1161 1282 Scabineis
1186 1217 1244 1299 qni
1261 1238 1344 1277 cau·

198 1321 264 1360 sam
284 1299 373 1380 prius
391 1299 635 1381 iudicaverunt,
658 1307 801 1388 accipiat.
844 1306 928 1371 [tid.
947 1326 1034 1366 c.1o.

253 1405 303 1464 De
325 1426 360 1465 eo
383 1407 489 1487 quiin
511 1411 721 1471 testimonium
742 1415 932 1490 assumitur,
960 1407 1062 1494 quotis
1085 1427 1150 1466 esse
1173 1404 1301 1466 debeat..
1329 1481 1332 1486 1

282 1509 426 1595 XXXII.
470 1514 617 1595 Optimus
641 1518 778 1598 quisque
796 1518 828 1578 in
848 1540 929 1600 pago
951 1516 1003 1578 vel
1030 1506 1160 1574 ciuitate
1189 1511 1223 1570 iu
1248 1511 1343 1572 testi·

198 1592 346 1652 monium
365 1605 564 1674 assumatur,
586 1607 618 1658 et
641 1601 693 1659 cui
711 1601 767 1659 ille
787 1610 897 1660 contra
921 1620 1018 1680 quem
1035 1593 1254 1656 testimoniare
1278 1595 1343 1655 de-

196 1675 270 1751 bet,
293 1676 421 1735 nullum
444 1678 571 1739 crimen·
587 1683 685 1763 possit
700 1683 854 1744 indicere.
895 1679 979 1743 Ibid.
998 1701 1023 1744 c.
1039 1700 1090 1740 11..

197 1779 247 1842 De
264 1781 439 1854 scabineis,
462 1783 643 1860 Advocatis,
660 1789 801 1849 Notariis
824 1789 961 1848 bMissis
983 1785 1151 1846 dominicis
1172 1783 1336 1863 eligendis.

281 1885 444 1948 XXXIII.
487 1881 530 1950 Ut
548 1891 636 1952 Missi
661 1895 763 1954 nostri
784 1893 982 1969 Scabineos,
1004 1889 1211 1964 Advocatos,
1235 1891 1340 1949 Notu-

196 1967 261 2030 rios
278 1991 336 2049 per
353 1971 479 2053 singuIa
499 1974 568 2033 loce
592 1975 734 2056 eligant,
754 1986 784 2037 et
813 1998 924 2037 eorum
946 1973 1094 2048 nomina,
1129 1971 1257 2051 quando
1284 1993 1339 2031 re-

196 2052 281 2112 versi
304 2053 439 2130 suerint,
461 2077 569 2116 secum
591 2059 708 2139 scripta
725 2059 880 2124 deferent.
924 2055 1059 2139 Capituli
1075 2058 1139 2114 III.
1154 2055 1341 2120 usioses„

414 2161 463 2221 De
486 2153 550 2221 iliis
572 2165 627 2248 qui
647 2165 744 2248 legem
766 2187 894 2227 servare
918 2173 1128 2225 contemnunt.

278 2263 438 2342 XXXIV.
479 2271 528 2328 De
546 2269 596 2332 his
623 2274 679 2354 qui
708 2273 814 2354 legem
838 2293 966 2334 servare
994 2265 1264 2348 contempserint,
1298 2275 1337 2325 ut

195 2367 257 2432 per
273 2348 476 2411 fideiussores
492 2352 532 2412 ad
550 2352 761 2435 praesentiam
781 2355 876 2436 Regis
906 2353 1118 2414 deducantur.
1154 2347 1239 2412 Ibid.
1258 2369 1284 2412 c.
1302 2349 1340 2424 4.-

512 2461 562 2520 De
584 2463 837 2523 heribannatoris
860 2462 1010 2521 coniecto.

281 2560 420 2624 XXXV.
464 2565 507 2623 Ut
523 2565 571 2624 illi
587 2567 645 2647 qui
670 2566 887 2627 heribannum
907 2564 1033 2624 solvere
1055 2560 1184 2638 debent,
1208 2560 1342 2622 coniec-

198 2649 268 2706 tum
281 2644 402 2706 faciant
417 2646 457 2707 ad
481 2646 771 2715 heribannatorem.
813 2645 979 2712 [bidob-
1151 2679 1153 2684 ·

555 2756 603 2815 De
627 2756 747 2818 colonis
774 2768 804 2815 et
813 2752 977 2837 fiscalinis

281 2857 440 2921 XXXVI.
482 2863 525 2922 Ut
546 2883 604 2922 nec
625 2863 760 2922 colonus
784 2881 844 2921 nec
873 2846 1036 2920 fiscalinus
1058 2855 1183 2940 possint
1211 2856 1338 2918 alicubi

198 2939 388 3003 traditiones
408 2945 526 3004 faeere.
566 2942 648 3006 Itid.
666 2967 691 3005 c.
715 2966 759 3005 to.

315 3047 364 3110 Do
386 3050 509 3109 bomine
530 3052 563 3108 in
584 3049 736 3109 iudice-“om
758 3071 821 3111 nou
845 3047 997 3108 mittendo
1023 3047 1089 3106 siue
1111 3067 1213 3112 causa.

279 3151 457 3218 XXXVII.
501 3157 542 3214 Ut
576 3155 686 3216 nullus
723 3165 901 3236 praesumat
930 3154 1095 3215 hominem
1117 3151 1149 3210 In
1173 3152 1334 3213 indicium«

198 3235 325 3296 mittere
348 3235 416 3296 sine
432 3259 543 3314 cansa,
565 3238 627 3298 nisi
644 3238 820 3298 iudicatum
839 3238 903 3303 fiat.
946 3237 1028 3298 Ibid.
1043 3258 1072 3296 o.
1084 3257 1093 3294 t
1105 3256 1129 3294 1.

198 3341 250 3405 De
272 3362 366 3402 causa
386 3343 467 3401 ebrii
488 3345 639 3415 bominis,
672 3358 701 3403 et
724 3343 763 3404 de
785 3345 851 3403 eius
872 3342 1070 3410 testimonio,
1100 3350 1131 3398 et
1152 3336 1194 3398 de
1211 3339 1335 3422 placito·

692 3427 837 3498 Comitis.

282 3505 474 3569 XXXVIII.
517 3512 560 3569 Ut
580 3509 689 3570 nullus
707 3509 813 3570 ebrius
829 3529 917 3568 suam
935 3528 1061 3567 cansam
1086 3503 1119 3562 in
1142 3501 1239 3560 mullo
1254 3524 1328 3583 pos-

198 3587 240 3652 sit
263 3589 476 3670 conquirere,
510 3613 571 3652 nec
587 3591 805 3651 testimonium
826 3589 951 3660 dicere;
976 3611 1037 3649 nec
1050 3585 1332 3670 placitumComes

199 3669 333 3748 habeat,
356 3672 416 3732 nisi
435 3673 574 3736 ieiunus.
615 3673 698 3735 Itid.
710 3695 736 3734 c.
754 3673 798 3738 15.

239 3778 287 3838 De
307 3778 415 3837 Missis
433 3778 600 3839 dominicis
620 3778 675 3838 nel
693 3781 822 3839 coeteris
841 3778 1016 3838 bominibus
1032 3773 1289 3837 discurrentibus.

281 3882 442 3948 XXXIX.
485 3887 532 3944 De
558 3884 662 3945 Missis
685 3883 801 3944 nostris
823 3883 1096 3957 discurrentibus,
1119 3879 1171 3940 vel
1195 3877 1330 3938 caeteris

197 3967 380 4031 hominibus
404 3976 535 4048 propter
550 3965 721 4026 utilitatem
744 3975 882 4026 nostram
901 3966 962 4024 iter
983 3965 1166 4048 agentibus,
1196 3970 1232 4020 ut
1253 3959 1329 4019 nul-

199 4051 249 4112 lus
271 4050 317 4112 eis
337 4049 535 4110 mansionem
554 4048 773 4108 contradicere
795 4057 985 4129 praesumat.
1027 4046 1111 4110 Ibid.
1133 4067 1158 4106 c.
1181 4064 1226 4124 r7.

383 4157 431 4216 De
454 4155 519 4214 illis
539 4155 594 4239 qui
614 4151 659 4214 ed
676 4153 827 4238 placitum
850 4155 977 4215 banniri
999 4153 1143 4216 debeant.
1285 4237 1287 4239 Ι

279 4261 349 4325 XL.
393 4263 434 4322 Ut
454 4261 564 4326 nullus
584 4261 636 4348 ad·
647 4259 803 4346 placitum
825 4259 999 4324 banniatur
1025 4257 1087 4322 nisi
1112 4257 1170 4342 qui
1202 4277 1330 4320 cansam
