2948 4990
204 295 278 369 686
625 311 913 374 cnenummun

203 457 273 540 372.
300 455 349 516 De
369 453 511 537 periculo
537 451 744 516 iudicantium
894 451 1032 533 qualital-
1058 453 1098 515 cle
1125 452 1274 518 ambobus
1298 475 1336 514 o-

307 551 337 598 et
347 538 551 623 providentia
565 557 682 598 eorum.
895 537 1031 613 gendum
1050 541 1100 598 sit.

204 621 274 702 575.
303 622 352 681 De
372 623 566 682 accusatione
592 620 744 680 adversus
794 617 865 686 585.
896 618 939 679 Ut
955 617 1338 704 adconfirmationemE-

306 705 476 766 Ductorem
499 699 714 763 submovenda.
893 704 1018 786 piscopi
1032 723 1137 762 omnes
1148 701 1338 760 eleootecon-

205 787 276 868 574.
307 785 402 869 Quod
415 788 448 845 lii
464 787 519 867 qui
527 783 679 846 adversus
689 806 744 867 pa·
895 788 1035 856 ueniant,
1047 787 1219 866 eiquequae
1228 803 1337 842 neces-

308 881 370 928 tres
384 881 557 938 armantur,
579 867 647 927 Deo
661 867 745 926 exis·
896 869 981 926 saria
991 881 1063 926 sunt
1080 868 1260 926 ministrare
1274 883 1338 923 non

311 964 378 1011 tunt
396 950 512 1015 odiosi.
897 951 1066 1030 neglegant.

206 1030 276 1116 575.
306 1033 449 1114 Qualiter
463 1033 601 1094 decimae
614 1045 645 1092 et
655 1031 744 1094 obla-
795 1027 865 1109 584.
893 1029 1338 1114 Deparouloruminstructio-

308 1118 406 1176 tiones
420 1113 610 1175 Fideliumb
631 1114 745 1174 Sacer·
898 1134 949 1186 ne,
965 1127 1028 1176 tam
1037 1113 1112 1197 fide
1122 1127 1151 1172 et
1164 1113 1338 1193 baptisma-

307 1196 503 1259 dotibussint
515 1196 745 1280 dispensandae
898 1198 938 1256 tis
953 1199 1113 1274 mysterio,
1136 1192 1339 1278 quamsanctt'

206 1278 276 1361 576.
308 1279 403 1362 Quod
412 1279 633 1360 feminaecum
649 1281 746 1338 Pres-
896 1278 1035 1359 Spiritus
1049 1280 1144 1342 dono.

310 1365 427 1440 byteris
442 1365 495 1422 vel
506 1363 635 1442 reliquis
650 1361 747 1421 Cleri·
795 1358 866 1424 585.
897 1361 944 1420 De
944 1359 1112 1445 frequenti
1135 1371 1339 1442 peecatorum

309 1448 354 1506 cis
372 1466 434 1505 non
450 1446 582 1506 debeant
595 1445 746 1518 babitare,
898 1442 1101 1523 confessione.

308 1548 363 1587 nec
376 1530 419 1585 eis
433 1530 622 1602 ministrare,
633 1528 747 1585 necin·
796 1523 866 1588 586.
894 1523 943 1584 Dc
972 1524 1222 1605 manifestatione
1256 1523 1339 1584 alio·-

310 1623 360 1668 tra
373 1610 527 1670 cancellos
540 1621 635 1678 stare,
649 1628 747 1691 neque
899 1627 967 1666 rum
988 1621 1185 1688 peccatorum
1203 1617 1238 1666 et
1252 1603 1342 1686 qnod

310 1689 355 1750 ad
366 1691 465 1750 altare
478 1689 635 1751 accedere.
899 1709 935 1748 ea
949 1690 1050 1750 celare
1064 1703 1225 1773 peecatum
1244 1691 1296 1751 sit.

209 1774 281 1853 577.
310 1770 747 1833 UtincestibSacerdotibus
798 1770 868 1852 587.
898 1771 994 1853 Quod
1022 1774 1119 1851 magis
1154 1771 1340 1852 delinquant

309 1875 369 1938 per
394 1876 515 1916 veraces
540 1867 571 1913 et
589 1857 689 1913 Deum
706 1855 747 1914 ti·
901 1857 955 1936 qui
970 1853 1077 1938 fidem
1108 1864 1340 1937 perceperunt,

311 1949 426 1995 mentes
449 1940 588 1999 leomines
599 1936 749 2020 fideliter
899 1957 991 2020 quam
1005 1938 1072 2013 alii,
1089 1941 1116 1996 si
1129 1951 1231 1998 tamen
1245 1936 1277 1993 in
1288 1936 1343 1995 bo-

309 2020 552 2100 perquirantur,
569 2032 599 2079 et
616 2022 747 2080 eanoni-
900 2040 940 2078 no
959 2040 1052 2101 opere
1065 2020 1244 2104 persistant.

312 2119 345 2158 ce
357 2103 536 2179 puniantur.
800 2100 872 2168 588.
892 2102 942 2160 De
959 2104 1117 2181 coniugio,
1140 2100 1229 2184 quod
1239 2101 1340 2162 aDeo

209 2177 278 2264 578.
312 2178 352 2240 Ut
375 2183 557 2259 Presbyteri
580 2195 611 2242 et
636 2183 750 2266 reliqui
900 2183 941 2242 sit
957 2185 1139 2246 institutum.

314 2263 429 2324 Clerici
452 2267 489 2326 ab
509 2267 649 2326 omnibns
670 2268 750 2326 vitiis
799 2269 868 2346 589.
895 2265 944 2324 De
971 2270 1112 2327 castitate
1143 2287 1250 2326 eorum
1285 2266 1343 2349 qui

311 2366 344 2404 se
368 2361 519 2418 caveant,
544 2361 573 2406 et
598 2349 750 2408 subiectos
902 2351 1045 2427 coniugio
1065 2362 1137 2408 sunt
1156 2348 1341 2428 copulandi,

312 2429 374 2488 sibi
398 2429 550 2512 fideliter
583 2433 750 2506 instruant,
799 2434 870 2514 590.
906 2429 947 2490 Ut
963 2433 1339 2510 omnesbminoreusque

311 2523 401 2592 atque
421 2514 509 2571 bonis
520 2515 664 2598 operibns
682 2535 750 2574 om·
902 2512 946 2574 ad
958 2516 1105 2574 maiorem
1116 2511 1342 2572 suisSacerdo-

313 2593 402 2653 uibus
417 2593 561 2654 ducatum
570 2595 749 2674 proebeant.
901 2597 994 2663 tibus,
1011 2598 1091 2656 sieut
1109 2596 1171 2678 ipsi
1187 2595 1340 2664 Domino,

209 2677 280 2758 579.
307 2675 357 2733 De
368 2677 612 2756 confessionibus
628 2676 750 2737 Fideli-
902 2675 1080 2738 obedientes
1094 2679 1242 2754 existant,
1253 2678 1342 2737 cuius

313 2777 364 2816 um
378 2759 569 2843 accipiendis
589 2775 619 2820 et
632 2759 750 2820 diiudi-
902 2761 965 2818 vice
982 2761 1135 2838 legatione
1148 2762 1181 2818 in
1197 2757 1343 2820 Ecclesia

313 2839 435 2918 caudis,
457 2854 487 2900 et
497 2843 660 2902 consilium
671 2843 750 2902 dan·
893 2839 1084 2920 funguntur.
1113 2843 1162 2902 Ex
1185 2841 1342 2922 Capitulis

314 2920 365 2979 dis
397 2925 536 3004 qualiter
565 2923 692 2985 modulo
721 2934 751 2984 et
899 2925 1017 2982 Domni
1035 2923 1166 3001 Karoli,
1187 2918 1342 2984 Theodo-

314 3008 662 3085 qnantitatepeccatisit
672 3029 751 3092 poe·
903 3003 952 3066 nis
972 3007 1048 3067 tilla
1070 3007 1210 3073 firmatis.

219 3111 224 3118 ·
313 3085 454 3147 nitentia.
799 3088 871 3171 391.
896 3085 946 3146 De
962 3088 1117 3168 infantum
1129 3091 1295 3174 baptismo,
1311 3101 1343 3150 et

212 3168 281 3230 580.
310 3166 358 3226 De
378 3171 425 3228 liis
444 3172 499 3252 qni
510 3171 600 3250 prins
619 3191 682 3230 non
700 3173 753 3230 lia·
903 3167 1115 3230 Ecclesiarunz
1128 3173 1182 3232 vel
1195 3172 1343 3231 altarium

313 3249 417 3309 bentes
440 3251 558 3325 odium,
580 3251 638 3311 sed
652 3274 683 3311 se
694 3252 752 3311 de·
902 3271 955 3310 seu
976 3251 1133 3313 Fidelium
1155 3253 1343 3334 consignan-

308 3329 490 3410 fendentes,
512 3335 644 3416 aliquem
669 3335 752 3395 occi·
904 3333 1016 3393 dorum
1036 3334 1245 3417 dubitatione,
1265 3333 1346 3417 quid

314 3411 431 3487 derint,
449 3417 584 3497 qualiter
598 3419 753 3495 corrigen·
876 3421 879 3428 ’
905 3416 1060 3494 agendum
1078 3421 1128 3478 sit.

315 3492 358 3553 da
372 3500 413 3557 sit
427 3501 575 3580 temporis
588 3499 761 3564 institutio..
800 3497 873 3577 392.
902 3498 950 3556 De
966 3498 1140 3559 Advocatis
1156 3499 1210 3559 uel
1229 3495 1344 3580 Defen-

214 3577 284 3641 281.
311 3577 360 3636 De
378 3576 508 3638 muliere
532 3601 609 3661 quae
633 3580 753 3640 duobus
904 3583 1026 3641 soribus
1067 3583 1281 3644 Ecclesiarum
1324 3581 1345 3638 lt

310 3659 469 3741 fratribus
489 3664 648 3743 nupserit,
669 3661 753 3722 etde
902 3661 1050 3745 Principe
1074 3661 1281 3746 postulandis.

317 3745 388 3804 viro
400 3745 478 3814 eius,
490 3744 569 3820 quid
579 3745 688 3823 agend.
704 3747 755 3809 sit.
803 3742 874 3826 595.
909 3742 950 3802 Ut
965 3747 1020 3804 ubi
1033 3750 1162 3828 quisque
1177 3744 1347 3806 ordinatur

215 3825 286 3890 382.
314 3825 363 3884 De
377 3825 557 3884 mulieribus
573 3828 690 3886 etniris
704 3829 752 3886 in·
907 3825 953 3884 ibi
967 3841 1157 3908 permaneat.

225 3926 243 3964 ,·
306 3905 418 4048 {orites
440 3909 696 3990 opprimentibus.
804 3907 875 3988 594.
905 3907 952 3965 De
966 3910 1161 3985 Presbyteris
1180 3920 1210 3968 et
1227 3907 1345 3967 Minis-

216 3991 308 4061 582.(
329 3992 364 4066 is)
386 3991 434 4049 De
453 3989 581 4048 muliere
605 4011 681 4069 quae
700 3987 756 4049 acl-
907 3991 965 4049 tris
983 3991 1155 4062 Ecclesiae,
1174 4003 1207 4048 ut
1226 3990 1245 4048 la
1265 3990 1345 4060 suis,

317 4072 497 4132 ulteraocrit
527 4073 632 4130 virum
656 4093 755 4148 suum,
908 4084 938 4131 el
968 4093 1030 4132 non
1049 4075 1087 4133 ab
1113 4073 1184 4134 aliis
1210 4070 1347 4154 Episco-

316 4154 463 4213 similiter
486 4152 575 4212 etde
605 4155 676 4213 viro
701 4152 757 4234 qui
904 4154 977 4236 pis,
1011 4155 1146 4214 eltrisma
1167 4165 1276 4237 petant
1299 4152 1349 4212 vel

316 4234 755 4304 uxoremsuamadnlteran't,
906 4237 1072 4321 accipiant.
1112 4235 1155 4298 Et
1177 4233 1217 4323 de
1245 4233 1348 4296 Clzor-
