2948 4990
207 250 283 328 600
452 202 454 208 Ι
636 253 921 324 cariturattwn

208 409 286 473 nino
307 404 522 491 prohibemus.
564 402 661 480 Quod
680 402 709 464 si
735 402 774 464 ab
797 401 907 484 aliquo
932 398 1184 486 praesumptioso
1209 400 1347 462 factum

113 491 118 503 '
205 490 317 568 fuerit,
337 488 501 569 sexaginta
523 486 645 562 solidis,
666 484 692 546 si
717 485 884 562 liberast,
906 483 947 545 sit
972 482 1155 565 culpabilis,
1178 489 1210 541 et
1223 484 1348 543 omnia

206 573 323 638 similia
347 571 509 646 restituat,
543 578 691 629 autenm
716 567 896 630 duodecim·
908 565 1041 629 testibus
1068 585 1101 626 se
1127 575 1255 646 purget.
1301 566 1347 626 si

205 677 284 720 vero
306 677 416 716 servus
437 653 499 716 hoc
522 651 647 729 fecerit,
668 651 797 734 capitali
819 649 998 713 sententiae
1019 646 1193 724 subiaceat,
1215 658 1249 710 et
1272 648 1344 708 do·

204 739 312 800 minus
333 735 439 796 omniu
460 733 575 796 similia
596 733 752 811 restituat,
767 733 845 816 quia
861 755 990 794 servum
1003 751 1097 792 suurn
1109 749 1175 788 non
1190 731 1345 792 correxit

206 842 268 883 nec
293 816 468 892 custodivit
488 824 525 876 ut
547 817 622 878 tolia
639 837 704 876 nou
722 825 938 898 perpetraret:
968 812 1126 894 quoniam
1151 812 1178 872 si
1200 835 1260 874 nos
1282 815 1344 895 ip·-

205 926 256 968 sos
270 902 475 975 comedimus,
490 898 756 961 citodeficiemns.
799 897 1028 981 Unusquisque
1049 908 1155 958 tamen
1175 897 1345 958 custodiat

206 984 383 1056 exercitum
401 1004 505 1057 suum,
528 1001 568 1042 ne
593 981 702 1062 aliqua
716 981 919 1063 depraedatio
941 981 1026 1040 infra
1047 999 1183 1059 regnum
1197 979 1262 1055 fiat,
1277 978 1344 1060 qui

205 1088 271 1132 non
285 1066 357 1129 vult
370 1065 494 1148 legibus
511 1065 679 1124 emendare
698 1063 856 1145 quaesibi
874 1063 1032 1124 commissi
1050 1060 1168 1120 iniuste
1182 1061 1342 1130 fecerint.

205 1149 347 1230 Dignum
365 1156 413 1208 est
434 1147 521 1208 enim
544 1156 580 1206 ut
602 1147 742 1227 magistri
764 1147 817 1208 vel
849 1145 990 1208 seniores
1015 1165 1072 1226 pro
1099 1142 1159 1203 sibi
1183 1142 1343 1206 commis·

203 1231 246 1294 sis
263 1229 399 1292 reddant
414 1229 564 1304 rationes,
585 1229 611 1290 si
634 1229 760 1310 aliquid
774 1228 910 1311 praedae
929 1225 1056 1309 egerint
1072 1236 1128 1286 aut
1149 1223 1270 1288 iniuste
1289 1226 1343 1286 fe·

205 1313 319 1391 serint,
343 1312 486 1395 eoquod
505 1333 558 1372 eos
580 1311 623 1370 ita
643 1321 805 1374 correctos
817 1331 882 1371 non
899 1307 1019 1372 babent
1036 1318 1073 1370 ut
1090 1306 1164 1372 t'ulia
1189 1328 1256 1370 non
1282 1329 1343 1368 au·-

208 1395 305 1456 deant
324 1404 518 1478 perpetrare.
562 1393 602 1455 V.
623 1395 693 1471 341.

205 1525 261 1586 Ex
277 1523 428 1608 Capitulis
445 1523 564 1583 Domni
577 1520 777 1584 Hludouvici
799 1521 1009 1602 Inglrilencim
1028 1521 1201 1604 apostolica
1219 1532 1340 1583 aucto·-

205 1607 299 1668 ritate
322 1619 353 1665 et
375 1605 522 1680 synodali
546 1606 724 1682 sanctione,
747 1605 884 1666 omnium
905 1603 1049 1664 videlicet
1075 1603 1268 1664 Clericoram
1298 1621 1339 1662 ac

266 1687 432 1747 Laicoram
452 1688 639 1765 generaliter
665 1707 816 1746 consensu
836 1699 927 1768 atque
951 1687 1092 1772 hortatu,
1123 1685 1269 1746 decretis.

287 1789 568 1857 CCCLXXXllI.
611 1791 645 1853 si
664 1791 736 1874 quis
760 1791 846 1851 infra
872 1811 1009 1873 regnum
1035 1791 1178 1872 rapinam
1203 1791 1339 1871 fecerit,-

208 1885 263 1936 ant
279 1875 429 1956 cuiquam
442 1883 550 1934 nostro
558 1874 663 1936 Fideli
682 1873 815 1954 eiusque
830 1872 953 1934 homini
967 1873 1090 1954 aliquid
1107 1874 1139 1935 vi
1151 1875 1337 1953 abstulerit,

174 2013 175 2016 ,
207 1959 243 2017 in
268 1956 364 2039 triplo
391 1956 444 2016 cui
467 1955 595 2036 aliquid
618 1957 748 2017 abstulit
768 1956 893 2037 legibus
916 1966 1104 2038 componat,
1136 1967 1168 2018 ct
1199 1959 1338 2040 insuper

205 2040 350 2100 bannum
372 2047 532 2114 nostrum,
556 2037 590 2097 id
611 2047 669 2114 est,
690 2038 853 2118 sexaginta
880 2038 1018 2115 solidos,
1041 2038 1133 2098 nobis
1160 2041 1336 2122 persolvat.

207 2121 415 2183 Postmodum
439 2140 517 2182 vcro
542 2129 614 2179 ante
643 2141 700 2181 nos
722 2122 739 2181 d
763 2121 887 2182 Comitc
909 2121 1100 2196 adducatur,
1121 2129 1157 2181 ut
1179 2123 1212 2181 in
1232 2123 1338 2184 basto·

210 2203 284 2266 nico
297 2211 457 2279 retrusus,
484 2201 677 2284 usquedum
695 2202 786 2264 nobis
808 2203 976 2284 placuerit,
1003 2224 1121 2284 poenas
1151 2203 1237 2265 luat:
1260 2225 1336 2264 nam

210 2287 237 2347 si
267 2284 410 2368 publice,
428 2293 533 2346 actum
562 2284 680 2362 suerit,
713 2285 875 2366 publicam
902 2285 978 2348 inde
999 2294 1070 2366 agat
1098 2286 1336 2367 poenitentiam

211 2370 300 2429 iuxta
318 2376 500 2444 sanctorum
515 2368 683 2428 Canonnm
702 2367 907 2429 sanctionem.
951 2367 985 2440 Si
1008 2388 1086 2430 vero
1113 2369 1251 2439 occulte,
1275 2371 1335 2430 Sa-

210 2449 377 2525 cerdctnm
396 2449 536 2511 concilio
557 2469 596 2510 ex
611 2448 675 2510 hoc
692 2461 764 2532 agat
781 2449 1031 2533 poenitentiam:
1059 2451 1211 2529 quoniam
1230 2461 1336 2533 rapto-

210 2555 272 2609 res,
295 2542 332 2593 nt
354 2532 399 2591 ait
417 2531 598 2614 Apostolus,
621 2531 683 2593 nisi
708 2555 813 2592 veram
841 2533 967 2613 egerint
991 2533 1238 2614 poenitentiam,
1260 2555 1335 2612 reg-

211 2635 290 2676 num
308 2613 371 2676 Dei
392 2635 457 2674 non
474 2613 690 2695 possidebunt.
712 2615 778 2692 Qui
792 2635 868 2676 vero
882 2614 921 2675 de
937 2615 1258 2677 rebusEcclesiarum
1275 2617 1335 2676 ali-

211 2696 292 2777 quid
311 2695 489 2769 abstulerit,
506 2696 634 2777 gravius
656 2696 731 2758 inde
750 2697 926 2767 indicetnr;
950 2697 1027 2778 quia
1047 2719 1208 2758 sacrarum
1227 2719 1335 2760 rerum

212 2778 329 2848 ablatio
352 2777 554 2861 sacrilegium
576 2787 633 2854 est,
655 2788 686 2840 et
698 2779 871 2862 sacrilegus
883 2789 1015 2840 vocatur
1025 2780 1080 2859 qni
1095 2802 1134 2840 ex
1148 2780 1194 2840 eis
1212 2779 1335 2860 aliquid

213 2861 379 2922 abstulerit
399 2869 454 2918 aut
474 2861 625 2941 rapuerit.
665 2863 817 2922 Extorres
831 2882 967 2944 namque
991 2863 1008 2922 d
1026 2862 1189 2922 liminibus
1209 2871 1334 2923 sanctae

212 2944 321 3004 matris
336 2943 499 3004 Ecclesiae
515 2945 593 3004 tales
614 2963 770 3024 personae
789 2965 891 3026 usque
906 2945 946 3005 ad
961 2944 1209 3006 satisfactionem
1226 2945 1335 3006 Eccle-

213 3026 277 3086 siae
302 3047 397 3107 qnam
415 3024 588 3100 laeserunt,
610 3035 685 3086 sunt
705 3025 881 3102 habendae,
904 3036 999 3108 atque
1026 3025 1157 3086 infamia
1176 3035 1251 3087 sunt
1276 3048 1335 3089 no-

215 3107 341 3174 tandae.
384 3106 488 3190 Supra
508 3127 534 3167 c.
558 3128 608 3188 97.
712 3153 714 3160 ,

214 3211 264 3270 Dc
278 3233 314 3272 co
329 3213 383 3295 qui
390 3209 577 3293 facultatem
598 3207 854 3295 depraedationis
870 3211 995 3274 dederit
1015 3215 1173 3275 nraliticsc
1182 3209 1333 3295 suctione,

591 3306 625 3352 ut
645 3295 733 3354 vicus
754 3296 962 3358 comburatur.

296 3376 569 3460 ccclxxxiv.
613 3397 646 3460 Si
662 3395 735 3481 qnia
750 3401 903 3460 scelerata
922 3398 1062 3462 factione
1084 3401 1269 3462 facultatem
1284 3400 1334 3463 de·

213 3477 427 3622 praedationis
448 3479 584 3559 dederit,
605 3481 656 3543 rel
682 3481 709 3544 si
732 3481 804 3564 qnis
822 3482 936 3544 sacerna
958 3480 1114 3561 diviserit,
1136 3483 1228 3546 tirus
1250 3501 1332 3544 com·

240 3570 358 3622 uratur.

261 3666 304 3727 Ut
320 3664 513 3728 contumacia
536 3680 648 3728 temere
661 3683 863 3754 praesumpto
881 3671 919 3732 ab
942 3669 1098 3730 ranioersis
1112 3669 1295 3756 depellatur,
1345 3717 1349 3724 .

299 3768 555 3836 CCCLXXXV.
597 3772 645 3833 Ab
661 3772 807 3834 omnibus
824 3773 912 3835 illius
929 3776 1146 3856 usurpationis
1169 3786 1332 3840 contume-

215 3855 259 3917 lia
273 3854 465 3937 depellenda
486 3864 543 3929 eat,
562 3877 603 3916 ne
622 3855 751 3937 praedia
773 3856 833 3917 sibi
845 3857 1036 3918 coelestium
1057 3881 1217 3919 sacrorum
1236 3861 1333 3921 dicata

214 3937 442 4020 bquihusdam
456 3935 660 3998 inruentibus
682 3948 850 4000 vexentur.
893 3939 989 4017 Quod
1009 3940 1035 4002 si
1056 3941 1129 4022 quis
1149 3963 1332 4025 praesump-

215 4021 302 4098 serit,
324 4029 395 4106 post
417 4018 542 4080 debitae
567 4020 699 4081 ultionis
721 4020 938 4097 acrimoniam,
960 4043 1042 4103 (puae
1069 4045 1142 4106 erga
1167 4025 1332 4106 sacrilegos

214 4100 482 4195 iurerpromcnda
502 4109 559 4180 est,
582 4101 681 4165 exilio
702 4101 849 4187 publicae
873 4103 1102 4188 deportationis
1124 4115 1244 4173 uretur.
1277 4109 1331 4168 Sa-

212 4205 274 4269 pra
292 4203 321 4248 c.
347 4194 410 4264 117.
643 4191 644 4194 ’
788 4222 789 4226 =
