2926 4984
518 293 633 368 unns
669 305 849 373 ausurus
1181 294 1257 368 557

122 462 230 546 pretio
251 458 368 520 Rector
383 443 545 528 Ecclesiae
567 449 612 510 ad
628 447 826 531 praedictam
853 448 1114 512 restaurationem
1143 471 1256 536 opero·

120 547 190 604 rios
212 541 389 604 conducere
409 551 439 597 et
457 535 618 594 materiam
638 552 739 590 emere
755 530 866 614 possit.
894 530 938 590 Et
957 532 1012 615 qui
1032 554 1130 594 nonas
1152 547 1183 594 et
1204 534 1258 596 de.

121 646 221 685 erutas
244 623 322 682 dare
344 617 547 699 neglexerit,
580 616 720 699 primum
754 611 881 694 quidem
907 612 980 671 illas
1009 635 1078 674 cum
1108 639 1164 676 sua
1190 619 1257 696 lege

124 711 292 776 restituat,
315 717 344 764 et
370 706 499 784 insuper
520 699 657 758 bannum
675 709 816 755 nostrum
836 695 1019 774 persolvat,
1042 709 1077 755 ut
1097 699 1142 758 ita
1161 701 1258 760 casti·

118 803 212 868 gatus
231 799 342 848 caveat
364 807 401 844 ne
423 783 546 866 saepius
572 777 718 838 iterando
741 775 927 859 beneficium
950 780 1081 844 amittat.
1111 779 1158 845 lt.
1179 803 1204 846 e.
1227 803 1257 866 9.

121 905 171 962 De
199 906 248 964 tis
268 905 323 988 qui
342 893 434 981 agr'os
455 897 663 959 dominicatos
682 892 754 953 ideo
780 893 943 974 neglegunt
962 907 994 954 nt
1017 916 1116 956 nonas
1140 898 1258 962 exinde

547 999 609 1039 non
632 977 828 1059 persolvant.

206 1086 443 1150 CCLXXVHI.
492 1087 541 1145 De
566 1084 616 1144 his
640 1082 696 1162 qui
729 1103 820 1162 agros
850 1081 1059 1145 dominicatos
1087 1094 1259 1167 propterea

119 1174 340 1254 neglexerunt
361 1169 509 1229 excolere
534 1176 571 1226 ut
590 1186 689 1225 nonas
706 1164 823 1224 exinde
848 1185 911 1223 non
935 1167 1119 1243 persolvant
1138 1179 1169 1228 et
1183 1170 1260 1231 alie.

122 1277 179 1316 nass
200 1265 302 1314 terras
317 1253 358 1312 od
377 1251 592 1312 excolendum
610 1256 744 1329 propter
755 1245 818 1306 hoc
840 1247 1022 1327 accipiunt,
1046 1250 1194 1312 volumus
1222 1261 1259 1313 ut

120 1338 162 1398 dc
182 1337 285 1397 tribus
308 1335 400 1394 arinis
422 1335 522 1415 ipsam
544 1353 662 1392 nonam
684 1350 756 1388 cum
784 1349 840 1389 sua
869 1329 940 1410 lege
970 1332 1163 1410 persolvant.
1214 1337 1258 1395 Et

117 1420 147 1480 si
171 1419 245 1500 quis
267 1426 470 1496 contemptor
491 1425 547 1476 aut
568 1413 729 1474 Comitum
751 1421 807 1471 eut
828 1411 1045 1474 Vassallorum
1074 1425 1258 1478 nostrorum

118 1509 255 1584 propter
267 1499 329 1560 hoc
343 1497 499 1574 extiterit,
523 1517 583 1580 per
599 1494 801 1556 fideiussores
816 1493 855 1553 ad
870 1494 1025 1577 palatium
1037 1498 1147 1559 venire
1168 1519 1257 1560 com·

116 1585 272 1668 pellatur.
319 1580 399 1642 ttict.
416 1603 441 1640 c.
462 1601 506 1644 ιο.

236 1687 277 1748 Ut
304 1687 504 1764 intellegatur
522 1686 556 1743 in
578 1705 639 1766 quo
655 1679 747 1763 facto
768 1684 946 1744 immunitas
962 1682 1145 1766 frangatur.

203 1794 405 1857 CCLXXIX.
453 1791 610 1852 Pervenit
638 1790 678 1849 ad
708 1811 765 1849 nos
795 1785 882 1868 quod
914 1793 1072 1870 quarellam
1093 1794 1257 1860 Ecclesiae

118 1875 177 1938 aut
198 1875 391 1936 monasteria
415 1883 536 1934 nostras
559 1884 590 1932 et
610 1872 891 1953 praedecessorum
915 1877 1258 1940 nostrorumimmuni·

115 1970 201 2020 tates
223 1958 392 2034 habentia,
415 1957 516 2016 multa
534 1953 733 2037 praeiudicia
756 1964 787 2013 et
800 1954 1021 2016 infestationes
1036 1979 1052 2016 a
1066 1961 1258 2040 quibusdum

117 2043 306 2126 patiantur,
330 2049 362 2099 et
385 2061 445 2099 nec
467 2060 525 2118 per
548 2038 675 2098 easdem
699 2035 914 2095 immunitates
936 2039 1035 2096 ullam
1057 2043 1257 2107 defensionis

119 2125 295 2185 tuitionem
310 2123 428 2181 habere
450 2122 595 2195 valeant,
618 2129 749 2200 propter
771 2119 832 2178 hoc
854 2121 941 2198 quod
965 2122 1003 2180 ab
1026 2123 1146 2185 eisdem
1169 2149 1257 2188 emta·

118 2208 260 2266 uitatum
294 2204 536 2264 temeratoribus
577 2203 703 2262 dicatur
737 2223 801 2260 non
837 2205 909 2281 plus
947 2203 1158 2269 immunitatis
1194 2231 1256 2270 no·-

119 2289 210 2350 mine
232 2287 422 2368 complecti,
457 2307 553 2367 quam
576 2286 710 2347 claustra
731 2284 935 2360 monasterii,
967 2297 1090 2347 caetera
1112 2312 1256 2372 quoque,

119 2370 269 2452 ‹lutsmvis
302 2370 342 2428 ad
376 2368 503 2428 easdem
536 2367 697 2428 Ecclesias
732 2367 783 2426 vel
819 2367 1010 2426 monasteria
1045 2371 1254 2452 pertineant,

120 2463 214 2514 extra
235 2451 466 2510 immanitatem
489 2470 566 2512 esse.
589 2451 725 2531 Propter
751 2447 813 2508 boc
838 2450 985 2510 volumus
1014 2461 1109 2532 atque
1143 2454 1257 2515 decer-

121 2537 231 2595 nimus
263 2543 299 2592 ut
331 2555 440 2593 omnes
470 2532 660 2613 intellegant
697 2552 760 2589 non
800 2533 903 2592 solum
936 2534 1073 2593 claustra
1095 2546 1256 2596 monaste·-

115 2617 166 2677 rii
197 2616 250 2677 vel
276 2616 460 2691 Ecclesiae,
491 2625 586 2694 atque
620 2613 741 2676 castitia
767 2614 1001 2690 Ecclesiarum,
1024 2617 1084 2676 sub
1109 2618 1257 2678 immuni·

122 2699 197 2759 tatis
220 2697 409 2759 defensione
431 2697 626 2771 consistere,
648 2716 761 2756 versam
783 2697 877 2754 etiaim
901 2697 1013 2756 domus
1036 2709 1068 2759 et
1088 2700 1201 2777 villas,
1224 2709 1257 2764 et

120 2791 210 2864 septa
227 2779 388 2855 villarum,
413 2790 445 2840 et
466 2779 635 2862 piscatoria
657 2780 861 2852 manufacta,
884 2788 915 2836 et
926 2779 1082 2860 quicquid
1096 2782 1188 2842 fossis
1201 2793 1256 2844 arat

118 2864 252 2944 sepibus
275 2861 328 2921 vel
348 2862 443 2921 etiam
466 2862 528 2922 alio
551 2863 731 2921 clausarum
754 2881 873 2940 genere
888 2862 1118 2943 praecingitur,
1142 2867 1255 2926 eodem

120 2943 332 3005 immanitatis
355 2945 485 3004 nomine
507 2944 677 3008 contineri.
707 2943 749 3001 Et
771 2942 927 3022 quicquid
955 2944 1038 3002 iutra
1067 2945 1254 3009 huiusmodi
1341 2943 1346 2958 ¹

119 3029 321 3088 munimenta
338 3027 377 3085 ad
396 3027 445 3086 ius
468 3026 641 3085 ratramdrm
662 3025 880 3085 Ecclesiarum
913 3026 963 3085 vel
988 3029 1256 3092 monasteriorum

117 3109 316 3194 pertinentia
338 3130 355 3166 a
376 3109 522 3189 quolibet
535 3109 675 3182 homine,
700 3108 839 3166 nocendi
855 3109 905 3167 vel
925 3107 1075 3168 damnum
1090 3111 1253 3174 inferendi

117 3215 214 3253 causa
229 3201 402 3272 spontanea
418 3193 583 3250 voluntate
602 3191 822 3266 committitur,
846 3189 877 3247 in
898 3190 959 3250 hoc
974 3193 1058 3252 facto
1070 3192 1253 3259 immunitas

117 3278 221 3336 fracta
242 3272 414 3332 iudicatur.
438 3274 534 3350 Quod
556 3295 633 3332 vero
655 3273 687 3330 in
712 3295 802 3352 agros
817 3283 988 3352 etcampos
1003 3297 1038 3335 ac
1051 3278 1154 3360 sylvas
1170 3300 1252 3359 quae

118 3359 189 3419 sine
214 3355 434 3415 laborantibus
455 3364 550 3428 sunt,
573 3365 605 3416 et
626 3355 718 3414 nullo
740 3355 834 3414 modo
856 3357 1037 3418 munitione
1066 3359 1252 3441 cinguntur,

118 3462 213 3515 casu,
242 3439 326 3498 sicut
347 3438 418 3496 lieri
444 3440 544 3513 solet,
565 3461 581 3497 a
600 3438 800 3520 quibuslibet
812 3436 996 3500 hominihus
1015 3440 1148 3522 aliquod
1163 3443 1252 3504 dam·

118 3543 197 3582 num
219 3523 339 3580 factum
363 3519 463 3579 fuerit
483 3522 628 3600 quamvis
650 3520 736 3580 idem
758 3542 834 3602 ager
852 3529 905 3579 aut
924 3543 1052 3604 campus
1073 3524 1124 3584 vel
1143 3527 1250 3607 sylva,

116 3615 174 3664 asrt
200 3604 239 3663 ud
260 3602 438 3666 Ecclesiam
460 3604 510 3662 vel
542 3603 780 3664 monasterium.
799 3613 1005 3684 praeceptum
1037 3606 1250 3670 immunitatis

116 3685 290 3746 habentem
304 3684 476 3766 pertineat,
500 3707 564 3745 non
587 3695 693 3745 tamen
714 3685 745 3742 in
764 3685 825 3745 hoe
844 3685 1026 3746 immanitas
1049 3691 1147 3748 fracta
1170 3689 1253 3751 iudi·

114 3769 219 3830 canda
242 3777 298 3832 est,
341 3768 383 3825 Et
405 3765 477 3826 idco
493 3790 557 3826 non
572 3778 795 3829 sexcentorum
809 3769 986 3828 solidorum
1005 3769 1249 3850 compositione,

114 3850 172 3911 sed
197 3849 376 3910 secundum
399 3849 503 3930 legem
526 3852 657 3931 quaein
677 3851 877 3911 eodemloco
896 3859 1041 3926 tenetur,
1066 3851 1091 3911 is
1113 3853 1252 3915 multan-

114 3933 175 3993 dus
197 3931 321 4013 estqui
346 3931 532 3992 scandalum
552 3931 606 3994 vel
629 3934 782 3995 damnum
803 3932 837 3992 in
859 3931 914 3992 tali
937 3931 1010 3994 loco
1032 3932 1145 3996 fecisse
1170 3955 1250 3996 con-

112 4015 219 4076 victus
241 4013 350 4074 fuerit.
945 4025 948 4032 '

463 4121 512 4180 De
537 4122 665 4180 iustitiis
690 4119 897 4200 generalibus.

197 4221 389 4286 CCLXXX.
432 4228 480 4286 De
505 4225 635 4289 iustitiis
656 4225 874 4286 Ecclesiarom
897 4226 971 4306 Dei,
994 4227 1174 4308 viduarum,
1195 4251 1250 4291 or·
