2926 4986
507 361 622 418 unus
656 357 857 420 snrrtnus.
1192 343 1265 420 74⁵

138 499 184 565 tio
204 499 348 582 ingerit,
380 519 446 567 nou
461 508 602 564 'tuntum‘
617 500 760 586 pretium
786 497 936 566 dominun
949 533 966 580 ,·
992 499 1051 565 sed
1068 511 1101 566 et
1123 523 1160 565 eu
1174 473 1266 589 ''quue

141 584 331 668 perfugam
352 581 500 662 obstulit,¹
514 585 652 647 reddere
673 594 815 667 cogetur.

137 688 187 748 De
213 689 263 748 tis
287 690 344 772 qui
370 689 561 752 indiscussos
580 702 736 774 potestate
765 691 938 768 tyrannica
958 687 1109 754 damnare
1134 713 1269 779 praesu·

144 785 149 794 ’
176 783 274 832 munt.
314 771 358 832 Et
384 773 424 832 de
444 773 612 856 Episcopis
630 773 684 832 uel
705 771 950 845 Sacerdotibur,
974 774 1141 858 quodnon
1168 775 1239 852 do·-

236 853 329 914 deant
348 857 387 916 ab
408 855 480 918 aliis
509 853 667 927 indicari,
689 856 752 914 nisi
775 856 796 915 d
821 855 933 937 quibus
954 867 986 917 et
1010 857 1166 920 ordinari.
1266 889 1279 916 ·.
1325 937 1326 944 ¹

204 956 381 1022 CCCXX.
424 959 507 1020 Sunt
523 957 676 1019 nonnulli
697 958 754 1040 qui
774 957 966 1021 indiscussos
984 969 1140 1042 potestate
1162 972 1270 1048 tyreu·

136 1040 221 1119 ulcu,
248 1042 496 1102 concanonica
528 1041 731 1119 auctoritate,
761 1041 933 1112 domnant;
963 1053 995 1104 et
1019 1045 1102 1106 sicut
1124 1047 1268 1107 nonnul·

135 1124 185 1185 los
205 1125 303 1208 gratie
324 1123 444 1186 furoris
457 1123 640 1200 sublimant,
662 1123 705 1184 ita
722 1125 888 1205 quosdam,
904 1123 980 1184 odio
996 1125 1182 1209 invidiaque
1198 1149 1271 1211 per·

134 1207 226 1284 moti,
246 1205 434 1279 humiliant3
468 1216 500 1267 et
519 1207 586 1268 leri
612 1205 776 1288 opinionis
795 1229 871 1266 nuru
893 1207 1112 1269 condemnent
1129 1230 1269 1291 quorum

136 1287 273 1350 crimina
295 1309 361 1366 nou
387 1289 575 1372 adprobant.
620 1290 762 1369 ideoque
774 1287 937 1350 communi
951 1289 1083 1352 decreto
1099 1284 1281 1356 censemut

136 1379 176 1430 ut
198 1369 459 1453 quandocunque
482 1371 600 1455 uliquis
619 1371 853 1453 Episcoporum
872 1369 1075 1444 criminetur,
1096 1387 1273 1458 congreget·-

80 1518 83 1521 ,
136 1452 178 1514 tis
194 1453 341 1514 omuibus
359 1453 503 1516 eiusdem
519 1454 705 1538 provinciae
719 1453 887 1536 Episcopis
906 1475 1001 1514 ceusu
1017 1454 1086 1517 eius
1107 1457 1269 1534 audietur,

136 1543 255 1596 utnon
278 1536 404 1598 occulte
425 1535 588 1598 iudicetur
604 1537 656 1598 vel
681 1537 870 1607 diiunctum
893 1535 950 1618 qui
972 1537 1107 1599 ebuliis
1130 1537 1270 1602 iudicari

133 1617 226 1702 prius
249 1639 314 1680 non
335 1628 451 1702 potest,
480 1619 542 1680 nisi
565 1618 605 1679 alr
620 1617 671 1680 his
692 1620 710 1680 d
733 1617 851 1701 quihus
872 1617 1014 1684 ordinari
1033 1620 1149 1710 potuit.
1169 1619 1296 1704 Quod.
1329 1695 1332 1702 Α

137 1697 166 1761 si
188 1697 283 1762 ulitur
299 1701 419 1764 fuctum
442 1702 552 1780 luerit,
573 1702 680 1764 nullas
697 1701 781 1764 vires
798 1699 939 1775 habebit.

135 1805 191 1874 Dc.
210 1805 260 1866 nn
275 1806 333 1887 qui
354 1827 464 1868 causas
483 1806 633 1868 adversus
652 1807 828 1892 Episcopus
848 1806 1014 1891 proprios,
1038 1808 1087 1868 vel
1108 1806 1263 1870 adversus

136 1887 229 1966 alios,
256 1886 345 2028 ppud
362 1887 524 1966 Synodum
575 1891 735 1952 roviuciae
756 1883 949 1962 audiendis,
981 1893 1121 1974 exceptis
1144 1893 1278 1977 hirqui

239 1993 259 2030 a
284 1991 393 2032 uersus
407 1992 497 2031 suum
553 1971 795 2056 etropolr'tanum
814 1971 973 2056 querelam
994 1973 1172 2035 habuerint.

203 2069 403 2138 'CCCXXL
444 2073 647 2138 siclericus
673 2075 727 2138 vel
748 2075 863 2138 Leicus
888 2073 1039 2138 habuerit
1062 2099 1188 2140 causam
1209 2073 1268 2137 od·

136 2177 247 2220 versus
269 2155 465 2240 Episcopum
485 2158 661 2241 proprium,
681 2158 735 2221 vel
758 2157 909 2220 adversus
929 2161 1076 2235 alterum,
1094 2169 1150 2219 uut
1171 2159 1267 2240 Epis-

138 2261 237 2321 copus
261 2239 411 2302 udversus
431 2261 634 2321 quemquem,
656 2239 741 2322 apud
759 2241 916 2324 synodum
936 2241 1122 2325 provinciae
1145 2239 1267 2302 iudice·
1319 2243 1321 2248 '

135 2329 199 2382 tur.
241 2322 338 2399 Quod
360 2322 387 2384 si
417 2321 568 2384 adversus
594 2323 739 2384 eiusdem
766 2322 952 2407 provinciae
982 2321 1268 2402 Metropolitanum

134 2402 313 2485 Episcopus
339 2406 392 2468 vel
416 2403 561 2468 Clericus
591 2404 948 2488 hebueritssquerelam
980 2415 1068 2487 petet
1094 2403 1288 2464 Primatum

136 2484 335 2625 dipeceseos3
364 2497 397 2550 et
417 2487 503 2574 apud
530 2486 635 2573 ipsum
653 2487 826 2566 iudicetur,
848 2496 905 2549 aut
923 2488 1010 2572 apud
1030 2485 1148 2549 Sedcm
1168 2505 1265 2569 apos·

137 2573 171 2629 to
188 2566 279 2629 ioum.
342 2609 344 2616 ›

158 2673 206 2735 De
228 2693 283 2736 ore
304 2693 411 2737 eorum
431 2671 466 2736 in
485 2675 682 2739 accusatione
707 2675 755 2738 vel
780 2667 956 2736 testimonio
982 2670 1172 2734 adstruendo
1192 2675 1248 2754 qni
1360 2680 1364 2684 ’

351 2755 472 2818 diuinis
495 2761 624 2822 uocibus
643 2758 761 2820 mortui
778 2777 844 2820 esse
865 2768 1046 2820 noscuntur·

144 2871 146 2876 '
221 2856 421 2924 CCCXXlI.
461 2863 590 2925 Placuit
610 2884 724 2926 eorum
751 2861 922 2924 accusandi
938 2857 1129 2921 Sacerdotes
1150 2867 1183 2921 et
1206 2867 1268 2922 tes-

136 2941 284 3003 tificandi
305 2941 339 3002 in
362 2964 416 3006 eos
438 2967 551 3006 rocem
570 2946 736 3021 obstruere
757 2965 839 3028 quos
858 2965 924 3005 nou
944 2941 1111 3018 humanis,
1142 2941 1199 3003 sed
1221 2943 1269 3004 di-

136 3025 223 3086 vinis
244 3023 377 3086 vocibus
400 3037 540 3088 mortuos
559 3049 625 3089 esse
643 3028 777 3099 seimus;
801 3026 877 3110 qnia
896 3047 1012 3090 rocem
1029 3025 1193 3100 funestum
1206 3047 1268 3111 po·

134 3108 201 3168 tius
220 3106 368 3169 intercidi
389 3123 487 3191 quom
506 3109 611 3172 audiri
632 3118 768 3196 oportet.

344 3235 394 3298 De
415 3259 479 3309 non
502 3235 643 3319 negenda
667 3235 877 3321 appellatione
894 3239 1047 3298 'accusati

203 3337 436 3426 ,cccxxsst
478 3343 604 3407 Placuit
625 3353 661 3405 ut
688 3353 859 3422 accusato,
895 3341 921 3404 si
951 3342 1078 3406 ludices
1102 3350 1268 3425 suspectos

135 3417 294 3502 habuerit,
320 3425 417 3488 liceat
437 3425 618 3512 appellare3
649 3426 726 3511 quia
749 3447 814 3488 non
842 3433 968 3512 oportet
990 3446 1109 3510 negare
1129 3424 1267 3486 audien-

134 3506 212 3567 tium
230 3507 368 3590 roganti.
766 3591 771 3598 .

147 3671 149 3676 .
178 3611 273 3718 Quod
293 3614 338 3676 eis
358 3613 414 3701 qui
434 3609 474 3676 de
489 3611 776 3758 monfitleliaduuriil’
801 3630 897 3698 snper
914 3613 1075 3704 aliosnon
1094 3617 1138 3676 sit
1155 3633 1228 3676 cre·
1241 3609 1258 3624 ”
1287 3683 1288 3686 ¹

218 3797 432 3868 CCCXXIV.
472 3799 543 3862 Nou
559 3808 607 3862 est
617 3799 815 3862 credendum
833 3808 946 3861 contra
965 3798 1045 3862 ulios
1061 3819 1173 3861 eorum
1193 3816 1268 3857 con-

134 3879 269 3944 fessioni
291 3881 349 3964 qui
370 3881 559 3944 criminibus
583 3883 800 3966 implicantur,
822 3882 885 3944 nisi
902 3904 936 3944 se
952 3882 1042 3964 prius
1061 3879 1270 3963 probaverint

134 3961 346 4036 innocentes;
378 3965 454 4046 quia
477 3965 657 4047 periculosa
680 3976 728 4028 est
748 3974 781 4028 et
796 3963 921 4027 admitti
944 3985 1010 4024 non
1035 3963 1135 4024 debet
1149 3959 1200 4023 rei
1215 3959 1269 4024 ud·

133 4067 247 4108 versus
268 4067 506 4130 quemcumque
532 4049 700 4133 professio.

97 4173 101 4181 ·
133 4151 182 4215 De
213 4146 445 4235 pervasoribus
455 4150 576 4236 finium
593 4153 777 4237 priusquam
798 4167 910 4214 causae
926 4149 1049 4214 eruditio
1071 4148 1266 4215 terminetur.

215 4253 413 4324 CCCXXV.
434 4248 493 4324 tsi
511 4255 590 4346 equis
617 4279 770 4346 pervasor
799 4255 922 4326 tutun-
941 4255 1047 4358 luerit·
1062 4241 1266 4344 adprobatus,
