2910 4984
196 379 201 392 .
228 295 311 372 846-
646 311 933 370 carrrucamun

228 455 381 542 pigernnt
401 453 548 540 frangere
560 460 859 537 praesumpserunt,
881 465 975 536 atque
989 454 1123 540 primam
1134 455 1231 519 fidem
1248 477 1335 540 prae·

228 540 465 610 varicaverunt,
486 547 560 600 stant
579 534 793 614 damnandae,
822 537 840 594 b
861 538 1016 620 nobisque
1032 549 1065 600 et
1081 540 1099 598 b
1118 538 1223 617 robis,
1249 550 1335 621 atque

228 621 406 702 breliquis
436 619 534 682 nostri
568 618 689 680 ordinis
708 617 804 694 viris,
833 618 851 676 rl
881 619 1016 702 singulis
1046 620 1201 684 rideIIcet
1231 621 1335 684 suain

228 703 380 779 dioecesi,
401 704 419 762 d
437 702 601 762 liminibus
622 700 785 763 Ecclesiae
804 708 836 760 et
859 700 877 761 b
899 711 993 762 coetu
1013 701 1158 762 fidelium
1180 723 1281 786 nsque
1302 703 1336 762 ad

227 785 494 862 satisfactionem,
516 794 550 844 ut
573 783 772 865 praedictum
797 791 863 860 est,
890 794 966 845 sunt
985 783 1213 846 eliminandae.
1253 783 1337 843 Ata-

226 867 308 928 linm
338 879 443 929 autem
466 865 624 928 consortio
646 875 678 925 et
695 866 846 928 societate
869 886 979 926 omnes
1001 865 1112 928 fideles
1136 867 1172 926 in
1199 865 1346 927 omuibusv

226 951 384 1012 abstinere
410 949 602 1013 mandamns.
645 948 748 1027 Super
770 946 886 1030 quibus
908 947 1002 1008 etiam
1021 947 1156 1029 placuit,
1178 969 1337 1028 quousque

225 1031 261 1092 in
281 1032 349 1115 ipso
376 1031 561 1093 detestando
580 1040 612 1091 et
627 1029 752 1090 inlicito
772 1041 866 1111 atque
884 1030 1038 1112 sacrilego
1052 1031 1158 1095 curnis
1173 1029 1336 1090 contuber-

225 1113 281 1174 nio
301 1122 522 1196 perseverant,
550 1123 585 1174 ut
604 1112 1012 1188 ¹nullustristianorum,
1042 1111 1104 1173 nisi
1132 1113 1251 1194 quibus
1268 1133 1337 1194 pro·

224 1196 315 1280 prius
337 1195 442 1258 studio
466 1194 649 1278 corrigendi
679 1195 806 1256 iusserit
830 1195 1008 1276 Episcopus
1033 1213 1108 1254 curu
1133 1194 1181 1256 eis
1209 1193 1242 1252 iu
1263 1213 1336 1274 quo·

226 1300 322 1358 quum
344 1278 568 1347 communicet,
591 1277 705 1336 autad
729 1277 859 1337 domum
875 1277 907 1335 in
926 1299 990 1358 qua
1005 1286 1080 1336 sunt
1103 1277 1252 1346 accedat;
1273 1296 1336 1334 cum

225 1360 342 1442 quibus
362 1359 467 1434 etiam,
489 1370 524 1419 ut
547 1359 712 1419 iamdictus
733 1367 858 1420 sanctus
880 1359 1036 1440 praecipit
1055 1356 1243 1439 Apostolus,
1263 1355 1335 1416 nulli

225 1441 369 1502 fidelium
386 1441 492 1501 cibum
513 1463 637 1502 sumere
662 1441 748 1505 licet.
790 1441 884 1518 Quod
906 1440 932 1502 si
951 1442 1086 1522 quises
1101 1439 1154 1502 his
1176 1440 1334 1522 quicquam

224 1532 348 1585 tentare
369 1533 424 1584 aut
442 1534 597 1585 temerare
617 1523 883 1605 praesumpserit,
904 1523 974 1604 pari
997 1544 1071 1584 cnm
1092 1522 1141 1583 eis
1164 1541 1334 1584 excommu-

225 1605 396 1667 nicationis
428 1607 586 1667 sententia
616 1605 759 1666 feriatur.
799 1605 842 1666 Et
861 1613 995 1666 caetera.

224 1711 274 1776 De
294 1711 423 1772 decimis
446 1731 524 1795 qaae
546 1710 696 1772 Ecclesiis
717 1708 852 1780 dantur,
874 1730 913 1769 ne
938 1731 989 1770 eas
1009 1707 1196 1788 Presbyteri
1212 1705 1334 1770 vendere

677 1803 887 1875 praesumant.

309 1875 482 1940 LXXXIX.
523 1875 565 1934 Ut
584 1895 649 1934 non
677 1882 879 1956 praesumant
901 1872 1084 1954 Presbyteri
1110 1872 1259 1934 decimas
1271 1891 1345 1931 ren-1

224 1955 395 2036 deraquae
413 1955 445 2014 in
464 1977 639 2038 pauperum
658 1967 690 2017 et
706 1957 739 2014 in
755 1956 972 2015 Ecclesiarum
993 1956 1102 2018 usibus
1121 1955 1252 2030 dantur,
1265 1951 1335 2013 sicut

223 2037 388 2114 hactenus,
408 2038 552 2098 mirabile
566 2040 666 2113 dictu,
682 2037 714 2097 in
727 2036 851 2098 horreis
866 2047 1037 2115 veteratae,
1060 2037 1100 2098 nd
1121 2036 1335 2098 thesaurorum

224 2121 397 2184 cumulum.
426 2122 462 2179 In
479 2121 570 2181 cuius
583 2120 630 2180 rei
648 2119 831 2180 testimonio
846 2119 938 2178 multi
955 2141 1134 2200 pauperum
1149 2119 1190 2180 de
1205 2116 1334 2176 manibus

224 2203 431 2264 Sacerdotem
443 2201 632 2283 requirendi
643 2201 832 2266 moriuntur.
854 2202 918 2262 Sed
927 2201 981 2261 ubi
991 2205 1060 2260 Deo
1074 2201 1235 2282 largiente
1250 2199 1344 2258 anua·

224 2284 383 2363 caverint,
395 2285 434 2345 ad
447 2284 710 2346 sustentationem
718 2305 894 2366 pauperum
903 2292 1056 2364 parentur
1068 2284 1125 2344 tali
1144 2283 1179 2344 in
1196 2289 1335 2364 tempore.

413 2391 462 2450 De
479 2390 668 2471 pauperibus
691 2390 711 2448 b
733 2389 932 2464 Presbyteris
957 2388 1155 2469 colligendis.

305 2475 373 2534 XC.
413 2476 457 2532 Ut
476 2471 659 2554 Presbyteri
677 2470 822 2554 qnotidie
842 2471 921 2531 dnos
947 2471 1079 2536 veltres
1097 2493 1258 2556 pauperes
1275 2469 1335 2532 col-

224 2553 327 2637 ligant
347 2555 387 2614 ad
406 2555 557 2615 lavandos
578 2554 685 2636 pedes.

223 2661 274 2722 De
295 2659 437 2744 praediis
457 2679 534 2742 qnae
556 2658 739 2736 Presbyteri
753 2669 825 2733 post
842 2657 1072 2720 ordinationem
1092 2681 1183 2721 snam
1208 2661 1336 2733 emerintt

307 2743 390 2806 XCI.
432 2744 474 2800 Ut
491 2739 672 2822 Presbyteri
694 2749 764 2820 post
790 2741 1027 2801 ordinationem
1050 2763 1124 2803 suae
1153 2741 1334 2824 paupertatis

223 2823 354 2905 praedia
380 2832 617 2906 comparantes,
645 2831 833 2882 testamenta
860 2824 1013 2884 Ecclesiis
1043 2825 1246 2886 confirment.
1285 2823 1334 2883 Sin

224 2905 328 2982 aliter,
351 2915 386 2968 nt
409 2906 606 2966 fraudatores
625 2916 861 2978 removeantur.
903 2905 1086 2991 Capitate.
1109 2908 1181 2988 744.
1203 2928 1229 2968 c.
1257 2927 1298 2988 ιζ.

256 3010 298 3071 Ut
317 3010 498 3088 Presbyteri
517 3007 561 3070 ad
580 3007 744 3069 tractanda
767 3031 874 3106 eorum
895 3012 1069 3073 ministeria
1089 3013 1134 3076 ad
1158 3012 1306 3072 civitatem

303 3175 402 3234 XCII.
443 3176 486 3234 Ut
505 3172 688 3256 Presbyteri
704 3106 888 3256 siissbiiiim
909 3175 968 3236 sub
988 3174 1197 3254 dispositione
1216 3172 1333 3258 Episco-

222 3255 256 3339 pi
279 3257 314 3314 in
335 3255 516 3316 civitatibus
541 3257 675 3316 veniant
694 3256 734 3316 ad
754 3257 918 3318 tractanda
937 3255 1123 3318 ministeria.

242 3356 291 3419 De
315 3362 364 3419 bis
386 3360 440 3444 qai
466 3361 771 3429 communicaverint,
794 3374 828 3421 nt
850 3363 950 3424 tribas
976 3364 1063 3422 boris
1077 3371 1312 3453 suspendantur,

341 3469 346 3476 ·
536 3455 667 3526 propter
686 3441 749 3502 cibi
766 3443 1026 3504 commixtionem.
1291 3441 1295 3447 ⁴

302 3523 417 3585 XCIII.
458 3526 500 3584 Ut
531 3526 707 3584 doceantur
728 3525 998 3588 communicantes
1022 3527 1151 3590 duabus-
1169 3533 1223 3592 vel
1241 3529 1330 3592 tribus

221 3605 417 3690 suspendere
441 3604 541 3682 horis,
562 3616 693 3687 propter
714 3605 943 3668 admixtionem
958 3609 1042 3673 'citt

428 3711 476 3782 De
497 3709 711 3790 satisfactione
738 3703 899 3774 cotidiana
921 3715 1132 3782 Sacerdotem,

302 3791 418 3856 XCIV·
460 3796 502 3852 Ut
521 3793 603 3852 siout
621 3794 689 3853 sine
710 3793 804 3874 culpa
821 3815 915 3858 nemo
934 3798 1050 3859 cotidie
1069 3799 1185 3874 existit,
1206 3801 1248 3866 ita
1267 3799 1327 3862 sine

221 3879 382 3940 cotidiana
406 3875 621 3937 satisfactione
646 3875 754 3936 nullus
783 3897 849 3938 esse
871 3880 994 3960 debeat,
1017 3879 1110 3944 etiarn
1131 3883 1353 3948 sacerdotum

222 3964 276 4024 rel
298 3959 562 4022 Christianorum.
783 3955 784 3960 ’

241 4069 290 4126 De
313 4087 348 4126 eo
369 4065 507 4147 quisine
530 4083 681 4122 consensa
709 4064 861 4148 Episcopi
885 4067 1101 4144 Presbyterum
1116 4071 1154 4132 de
1174 4070 1309 4136 Ecclesia

579 4147 705 4206 eiecerit
720 4149 773 4206 ael
800 4151 1003 4211 constituerit.

301 4225 399 4287 XCV.
441 4229 490 4288 De
506 4225 566 4287 Iris¹
579 4227 637 4308 qui
655 4228 725 4292 sine
739 4251 898 4294 consensu
909 4232 1060 4318 Episcopi
1079 4233 1276 4317 Presbyteros
1294 4229 1336 4289 in.
