2910 4986
200 325 276 400 462
628 342 917 402 carnotanam

199 493 261 546 unt
275 481 308 542 in
323 481 443 565 palatio
461 479 501 544 ad
514 486 735 546 anresDomni
751 486 973 569 Imperatoris,
995 494 1032 548 nt
1049 483 1137 549 Missi
1154 504 1211 548 seu
1226 483 1340 548 Comi·

198 576 247 629 tes
262 567 395 626 illorum
413 567 525 627 Missos
539 570 753 630 transmittant
772 569 805 629 in
831 581 943 632 contra
973 571 1046 632 illos
1073 568 1130 652 qni
1148 567 1342 631 mentiendo

195 649 336 725 vadunt,
359 659 395 710 ut
410 671 463 711 eos
476 651 685 717 convincant.
738 651 873 736 Capitol.
890 655 917 716 Ι.
937 678 965 714 a.
985 655 1056 716 810.
1072 674 1098 712 c.
1123 673 1147 712 1.

289 757 339 819 De
352 756 506 838 fugitiuis
527 769 636 842 contro
647 773 852 843 praeceptam
871 759 1063 822 dominicum
1081 759 1253 820 occultatis.

279 864 345 923 Lx.
388 865 436 922 De
453 862 595 945 fugitivis
611 864 667 947 qni
685 885 744 946 per
760 865 900 927 diversas
918 863 1103 946 provincias
1123 864 1212 924 ducti
1230 872 1263 925 et
1285 883 1339 924 oc·

197 946 312 1010 cultati
330 955 406 1008 sunt
421 956 532 1006 contra
549 958 754 1030 praeceptum
774 950 893 1008 Domni
912 947 1127 1030 Imperatoris,
1154 958 1190 1007 ut
1209 946 1266 1030 qni
1282 966 1338 1006 eos

196 1039 268 1113 post
286 1029 496 1110 praeteritum
514 1038 638 1110 tempus
659 1032 799 1113 suscepit
813 1041 867 1092 aut
887 1031 1041 1103 retinnit,
1063 1030 1210 1090 bannum
1236 1027 1340 1090 domi·

198 1111 312 1174 nicum
329 1121 512 1194 componat.
556 1111 640 1174 Ibid.
659 1135 684 1173 c.
699 1115 718 1175 8

454 1220 653 1278 Decimium
680 1221 867 1305 blasphemis
889 1222 1075 1286 latronibus.

278 1325 360 1384 LXI.
402 1326 451 1384 De
480 1324 658 1385 latronibus
678 1326 734 1408 qui
759 1348 904 1409 magnam
929 1327 1049 1388 habent
1082 1319 1334 1408 blasphemiam,

197 1407 388 1489 quicunque
408 1407 549 1492 aliquem
567 1429 606 1467 ex
626 1408 675 1469 his
699 1409 999 1492 comprehenderit,
1022 1410 1150 1470 nullum
1180 1408 1335 1470 damnum

197 1490 315 1552 exinde
335 1489 484 1572 patiatur.
526 1489 610 1552 Ibid.
631 1512 656 1551 c.
687 1513 732 1551 ιο.

560 1597 609 1658 De
631 1619 710 1681 poce
729 1596 816 1678 infra
831 1600 980 1681 patriam.

279 1705 379 1770 LXII.
421 1706 469 1765 De
488 1725 567 1786 pace
587 1713 620 1764 et
637 1704 758 1764 iustitia
778 1705 863 1764 infra
881 1705 1032 1787 patriam,
1054 1706 1137 1767 sicut
1157 1727 1252 1789 saepe
1273 1726 1337 1790 per

197 1786 260 1851 ulia
277 1787 428 1871 Capitula
448 1787 596 1848 iussimus
614 1787 823 1868 adimpletum
840 1787 903 1852 fiat.
944 1788 1027 1848 Ibid.
1041 1809 1066 1854 c.
1075 1809 1104 1871 9.

352 1893 401 1954 De
420 1894 596 1953 iunioribus
614 1894 647 1952 in
660 1893 778 1976 populo
796 1894 915 1973 vulgari
930 1893 1169 1974 distringendis.

280 2000 393 2062 LXIII.
435 2001 482 2059 De
503 1999 627 2081 vulgari
652 1999 797 2082 populo,
821 2009 857 2059 ut
879 2000 1102 2082 unusquisque
1125 2022 1198 2062 suos
1221 1999 1332 2060 iunio-

195 2095 248 2150 res
277 2081 461 2160 distringat,
484 2091 520 2142 ut
547 2081 720 2143 melius'ac
742 2081 858 2144 melius
885 2083 1038 2142 obediant
1066 2093 1097 2143 et
1129 2081 1335 2146 consentiant

196 2165 354 2230 mendatis
376 2173 408 2224 et
425 2164 604 2246 praeceptis
626 2161 856 2246 imperialibus.
899 2164 983 2226 Ibid.
1006 2186 1033 2224 c.
1052 2165 1096 2226 16.

236 2275 286 2337 De
308 2274 366 2334 hoc
381 2272 409 2330 si
425 2292 519 2355 snper
537 2264 670 2332 Missum
687 2269 880 2330 dominicum
901 2293 970 2332 cum
992 2273 1125 2335 collecta
1144 2285 1175 2333 et
1193 2272 1290 2332 armis

408 2377 412 2384 ·
663 2355 733 2436 quis
752 2355 884 2414 venerit.

157 2498 160 2503 .
281 2433 396 2498 LXIV.
438 2434 472 2497 Si
493 2434 566 2517 quis
579 2457 675 2517 snper
691 2435 821 2496 Missum
842 2436 1038 2498 dominicum
1054 2461 1127 2502 cum
1142 2436 1281 2499 collecta
1299 2445 1333 2498 ct

197 2519 293 2584 armis
324 2519 466 2594 venerit,
490 2527 522 2578 et
543 2517 736 2580 missaticum
754 2519 802 2578 illi
822 2517 1002 2580 iniunctum
1020 2520 1262 2594 contradixerit,
1276 2528 1333 2579 aut

198 2603 419 2668 contradicere
433 2600 584 2678 voluerit,
602 2610 634 2662 et
649 2600 713 2661 boc
730 2601 761 2660 ei
776 2601 987 2682 adprobatum
1000 2603 1100 2664 suerit
1119 2604 1208 2684 qnod
1225 2602 1331 2664 sciens

197 2697 309 2751 contra
326 2687 457 2746 Missum
472 2683 669 2744 dominicum
695 2683 735 2744 ad
759 2683 972 2747 resistendum
1010 2687 1169 2761 venisset,
1199 2685 1238 2745 de
1264 2685 1332 2744 vita

197 2775 376 2852 colnponat.
417 2766 459 2827 Et
476 2766 501 2826 si
519 2767 700 2848 negaverit,
723 2788 797 2826 cum
816 2767 986 2828 duodecim
1005 2769 1071 2829 suis
1088 2769 1281 2828 iuratoribus
1296 2786 1331 2826 se

197 2853 344 2915 idoniare
361 2850 473 2920 saciat3
497 2859 528 2909 et
547 2871 605 2932 pro
621 2870 659 2910 eo
682 2851 769 2930 quod
795 2871 868 2909 cum
896 2851 1032 2911 collecta
1064 2862 1175 2912 contra
1197 2851 1332 2910 Missum

196 2935 397 2998 dominicum
412 2942 550 2992 armatus
582 2932 671 2991 venit
697 2934 737 2992 ad
765 2931 998 3009 resistendum,
1026 2934 1170 2994 bannum
1194 2928 1332 2992 domini-

197 3041 271 3080 cum
287 3025 465 3100 componat.
509 3014 613 3074 Simili
636 3016 730 3076 modo
745 3017 891 3075 Domnus
908 3017 1084 3096 Imperator
1107 3018 1145 3077 de
1171 3013 1235 3076 suis
1257 3034 1332 3072 vas-

196 3103 239 3163 sis
261 3100 425 3161 indicavit.
467 3099 511 3158 Et
534 3098 561 3159 si
579 3118 688 3158 servus
704 3097 765 3158 hoc
790 3097 925 3175 fecerit,
949 3098 1142 3182 disciplinae
1171 3092 1330 3178 corporali

196 3183 370 3248 subiaceat.

334 3290 382 3348 De
400 3309 436 3347 co
460 3287 515 3368 qai
539 3285 665 3346 domum
693 3287 829 3346 alienam
858 3289 1022 3349 cuiuslibet
1043 3287 1199 3369 infringit.
1292 3361 1295 3366 Δ

281 3394 379 3455 LXV.
420 3392 454 3452 Si
476 3391 548 3472 quis
563 3391 693 3453 domum
707 3390 844 3450 alienam
860 3392 1032 3453 cuiuslibet
1047 3393 1226 3474 infregerit,
1237 3390 1333 3472 quic·

198 3475 279 3561 quid
297 3475 415 3536 exinde
435 3496 492 3554 per
516 3474 671 3535 virtutem
682 3477 725 3550 w)
746 3474 915 3534 abstulerit
937 3486 991 3535 aut
1007 3476 1151 3556 rapuerit
1175 3476 1227 3536 vel
1243 3477 1334 3554 fura-

199 3559 301 3635 verit,
329 3559 507 3620 secundum
539 3557 643 3638 legem
670 3564 702 3615 et
720 3576 835 3615 auvam
851 3561 886 3634 x]
913 3557 961 3617 illi
979 3558 1071 3618 cuius
1097 3558 1209 3618 domus
1233 3555 1334 3617 fuerit

200 3644 337 3704 infracta
354 3649 386 3698 et
401 3640 553 3720 spoliata,
579 3640 611 3698 in
627 3638 759 3720 triplum
776 3648 962 3720 componat,
985 3650 1017 3699 et
1035 3641 1167 3720 insuper
1188 3641 1333 3700 bannum

201 3723 398 3788 dominicum
417 3724 528 3783 solvat.
571 3721 604 3781 Si
630 3741 738 3782 servus
754 3719 815 3782 hoc
831 3722 964 3798 fecerit,
985 3724 1177 3786 sententium
1190 3723 1335 3801 superio-

200 3830 270 3870 rem
287 3805 432 3885 accipiat,
450 3815 482 3864 et
496 3805 628 3884 insuper
642 3803 820 3863 secundum
838 3825 925 3865 suam
943 3806 1047 3886 legem
1068 3805 1336 3887 compositionem

201 3891 307 3966 faciat.
350 3887 476 3968 Siquis
496 3887 579 3946 liber
598 3885 694 3945 homo
715 3886 847 3966 aliquod
865 3887 927 3946 tale
947 3887 1098 3946 damnum
1122 3888 1258 3946 cuilibet
1283 3885 1335 3944 fe-

202 3974 283 4036 cerit
303 3993 363 4054 pro
383 3993 448 4051 quo
471 3970 600 4052 plenam
621 3969 885 4048 compositionem
916 3970 1022 4029 facere
1045 3991 1108 4028 non
1130 3970 1254 4042 valeat,
1282 3987 1336 4027 se-

140 4069 143 4076 '
201 4056 371 4138 metipsum
395 4055 428 4113 in
447 4052 550 4114 wadio
567 4073 625 4134 pro
640 4071 731 4111 servo
745 4051 819 4112 dare
836 4050 963 4113 studeat
980 4073 1082 4134 nsque
1099 4051 1176 4113 darn
1203 4052 1336 4136 plenam

202 4137 469 4219 compositionem
484 4133 665 4218 adimpleat.

209 4245 480 4270 ,,,...-......

237 4296 280 4366 w)
297 4292 332 4349 al.
350 4309 409 4348 mss.
428 4291 495 4348 rint.
575 4357 580 4368 ,
746 4291 782 4353 x)
798 4285 833 4340 nl.
851 4305 910 4343 mss.
927 4305 1046 4357 ruamur
1064 4301 1142 4356 eom
1161 4305 1211 4354 οη
1233 4302 1334 4341 coram.
