2948 4990
505 332 625 408 maua
658 332 813 391 sursus.
894 341 899 349 ·
1161 309 1232 382 ott

181 479 223 544 Ut
237 478 394 562 Episcopo
413 474 564 558 infantuli
581 473 626 534 ad
645 470 897 558 confirmandam
917 479 1166 556 praesententur.
1182 489 1185 493 ·

184 581 377 647 CLXXVII.
417 579 621 640 Adnuntient
636 577 818 662 Presbyteri
835 579 963 660 populis
978 588 1123 659 utquam
1142 575 1238 636 citius

107 668 288 754 potuerint,
312 686 384 726 suos
410 663 588 724 infantulos
616 662 656 722 ad
681 661 935 723 confirmandum
956 663 1115 756 ,Episcopo
1143 680 1237 755 prae·

107 760 229 814 scotare
243 749 372 810 saciant.
742 757 744 764 ‘
1076 765 1079 771 ·

113 857 151 918 Ut
163 854 348 932 Presbyteri
369 853 435 911 sine
457 871 547 911 sacro
570 852 735 1016 cyprismate
751 851 879 933 oleoque
905 848 1064 910 benedicto
1082 869 1145 908 uon
1164 867 1253 931 pro.

577 953 582 958 ’
609 935 773 998 cissantur.

186 1041 391 1104 CLXXVIII.
433 1041 477 1098 Ut
501 1038 685 1122 Presbyteri
702 1039 770 1099 sine
792 1062 880 1100 sacro
905 1038 1073 1099 chrismate
1100 1039 1238 1118 oleoque

107 1126 297 1200 benedicto,
321 1132 353 1183 et
372 1121 492 1182 salubri
524 1120 643 1182 (thristi
672 1122 881 1199 eucharistia,
904 1121 1021 1180 alicubi
1046 1142 1111 1180 non
1139 1119 1237 1200 profi-

109 1211 287 1277 ciscantur;
319 1204 374 1266 sed
400 1204 587 1284 ubicunque
613 1204 667 1265 vel
698 1205 835 1264 fortuitu
869 1203 1170 1284 requisiti'iuerint
1200 1202 1240 1262 ad

109 1291 246 1353 officium
267 1309 377 1364 suum,
400 1287 610 1348 inveniantur
625 1288 726 1368 parati
743 1287 775 1345 in
791 1286 958 1347 reddendo
973 1286 1089 1352 debito.

171 1397 212 1458 Ut
235 1394 419 1468 Presbyteri
441 1392 542 1452 oleam
559 1391 759 1474 infirmorum
776 1392 813 1452 ab
834 1389 992 1476 Episcopo
1018 1405 1177 1476 carpetam.

189 1496 373 1562 CLXXIX.
421 1500 464 1557 Ut
493 1517 602 1557 omnes
629 1496 810 1579 Presbyteri
843 1497 951 1557 oleum
976 1498 1177 1558 infirmorum
1202 1497 1240 1556 ab

107 1584 265 1666 Episcopo
299 1589 470 1660 expetant,
499 1600 673 1660 secumque
699 1579 854 1656 habeant,
885 1589 917 1639 et
938 1591 1096 1656 ,moueant
1128 1581 1240 1640 fideles

108 1668 249 1726 infirmos
266 1663 349 1723 illud
372 1663 564 1742 exquirere,
587 1672 622 1721 ut
639 1662 752 1721 eodem
774 1662 847 1722 oleo
904 1663 1030 1723 cruncti
1056 1662 1155 1744 gratia
1178 1661 1241 1722 Dei

107 1757 280 1824 sanentur,
302 1745 378 1828 quia
395 1767 412 1802 a
428 1743 627 1826 Presbyteris
640 1746 711 1803 fusa
726 1744 827 1804 oratio
848 1685 923 1805 ficlei
940 1746 1072 1806 salvabit
1088 1745 1240 1808 infirmos.

112 1854 151 1914 Ut
170 1853 276 1914 nullus
297 1850 469 1927 Presbyter
484 1851 697 1932 parochianus
718 1849 816 1908 aliubi
834 1863 1015 1930 praesumat
1036 1853 1171 1911 chrisma
1186 1871 1238 1910 ac·

249 1936 367 2014 cipere,
384 1933 448 1991 nisi
464 1933 501 1992 alr
523 1931 680 2015 Episcopo
698 1953 752 1990 suo
772 1932 805 1989 in
837 1932 941 1992 Coena
958 1934 1098 1994 Domini.

112 2055 116 2070 ‘
187 2039 343 2104 CLXXX.
387 2031 560 2106 Utnullus
582 2036 753 2118 Presbyter
775 2038 991 2117 parochianus
1022 2040 1121 2101 aliubi
1145 2061 1241 2123 prae-

108 2133 208 2218 sumat
221 2121 365 2182 chrisma
379 2119 544 2201 accipere,
560 2119 629 2212 ¹uisi
652 2119 690 2177 ab
705 2118 871 2218 ¹Episcopo
899 2144 957 2182 suo
981 2121 1015 2180 in
1038 2124 1148 2184 Coena
1171 2126 1249 2194 Do·v

111 2229 198 2266 mini.
450 2235 454 2243 ·
573 2271 575 2278 y
638 2279 640 2286 Α

115 2311 155 2372 Ut
167 2313 328 2397 baptizare
344 2329 408 2370 aon
421 2318 651 2392 praesumatur,
667 2309 731 2398 uisi
745 2308 778 2366 ia
793 2309 898 2388 vigilia
910 2311 1050 2370 Paschae
1075 2326 1105 2372 et
1125 2315 1241 2372 Pente-

190 2472 375 2539 CLXXXI.
419 2475 461 2532 Ut
478 2403 774 2553 baptizarioliilius
801 2483 983 2554 praesumat
1008 2475 1070 2536 nisi
1095 2481 1157 2558 per¹
1177 2476 1240 2536 duo

111 2569 265 2642 tempora,
288 2557 321 2616 id
340 2563 399 2631 est,
418 2555 529 2635 vigilia
549 2553 701 2631 Paschae,
724 2565 756 2616 et
780 2557 891 2639 vigilia
913 2558 1130 2635 Pentecostes,
1152 2579 1242 2641 prae-

112 2651 160 2702 ter
179 2639 291 2700 mortis
312 2637 503 2721 periculum.
1198 2664 1200 2670 ν

135 2747 175 2807 Ut
194 2749 391 2837 iuptraantur
400 2741 523 2832 fideles
539 2744 594 2824 qai
607 2745 760 2826 parvulos
786 2743 826 2802 de
848 2766 937 2806 sacro
953 2744 1047 2826 sonte
1063 2748 1220 2831 suscipere

556 2854 557 2859 ¹
603 2829 739 2909 cuyriuut.
762 2883 764 2888 .

195 2907 397 2972 CLXXXII.
441 2907 568 2968 Placuit
589 2919 625 2968 ut
652 2910 853 2969 instruantur
876 2908 987 2971 fideles
1012 2911 1066 2992 qui
1093 2911 1242 2991 parvulos

113 2993 150 3053 de
168 3014 260 3056 sacro
280 2994 368 3051 fonte
395 2990 558 3070 suscipere
575 2991 727 3072 eupiunt,
751 3001 786 3049 ut
804 2991 994 3072 intellegant
1019 3003 1050 3054 et
1072 2993 1136 3055 vim
1162 2995 1255 3054 eius-'

114 3075 185 3136 dem
197 3073 405 3149 sacramenti,
428 3083 460 3132 et
483 3073 561 3152 quid
581 3095 640 3156 pro
655 3072 725 3132 aliis
741 3073 1000 3154 spoponderunt,
1023 3077 1089 3136 vel,
1102 3099 1160 3158 pro
1178 3099 1243 3158 quo

114 3159 317 3218 fideiussores
333 3156 527 3224 extiteruut;
551 3167 582 3215 et
598 3156 701 3216 sciant
715 3177 748 3214 se
766 3156 858 3214 nullo
887 3159 981 3217 modo
1007 3169 1080 3218 aute
1106 3159 1244 3219 aliorum

113 3251 218 3322 patres
239 3238 383 3312 efficere,
408 3261 504 3320 quam
529 3237 712 3320 supradicta
745 3239 868 3298 discant
895 3249 927 3298 et
948 3239 1158 3322 intellegant,
1187 3265 1244 3303 seu

113 3324 259 3382 reddant.
301 3321 342 3380 Et
359 3321 383 3380 si
400 3321 601 3382 fideiussores
617 3341 675 3403 pro
697 3331 826 3380 terreno
845 3321 936 3382 lucro
952 3323 1094 3382 damnari
1117 3327 1223 3386 solent
1233 3373 1242 3404 ,

113 3415 232 3484 quanto
247 3402 345 3482 magis
364 3425 422 3482 pro
442 3403 552 3464 divino
569 3404 656 3478 iure,
680 3424 720 3462 ne
738 3403 948 3482 damnentur,
971 3427 1083 3466 cavere
1108 3419 1243 3487 oportet.

115 3487 285 3545 Illitamen
315 3484 352 3542 ab
379 3487 429 3546 bis
456 3485 566 3546 officiis
596 3485 785 3546 removendi
810 3496 902 3563 sunt,
925 3509 965 3549 ne
990 3489 1069 3548 alios
1094 3489 1133 3548 de
1156 3512 1244 3551 sacro

114 3567 201 3626 fonte
227 3569 260 3625 in
286 3566 472 3647 luiptismate
497 3569 781 3652 ‘suscipiantpnec
808 3569 903 3630 etiam
932 3571 970 3629 ad
1000 3570 1245 3652 percipiendum

114 3650 251 3730 Spiritus
268 3650 367 3710 sancti
385 3652 503 3710 donum
525 3652 661 3711 aliorum
687 3650 807 3730 patrini
839 3653 993 3728 existant,
1015 3653 1071 3732 qui
1096 3662 1128 3712 et
1156 3676 1245 3714 com-

115 3733 267 3791 muuione
285 3733 440 3791 canonica
462 3733 576 3814 privati
597 3743 628 3794 et
652 3733 801 3814 publicae
824 3734 1043 3816 poenitentiae
1075 3745 1150 3794 sunt
1176 3739 1247 3796 sub·

114 3815 194 3889 acti,
219 3815 322 3874 donec
347 3836 403 3895 per
433 3815 668 3895 poenitentiam
694 3816 917 3876 satisfactionis
946 3817 1246 3879 reconciliationem

115 3905 320 3970 mereantur,
344 3899 396 3956 vel
416 3897 511 3957 etiam
527 3896 576 3957 illi
601 3898 657 3978 qui
683 3897 746 3957 tale
773 3909 939 3979 peccatum
966 3900 1166 3958 commissum
1188 3901 1244 3960 hu·

114 3976 191 4036 beut
206 3999 264 4060 pro
283 3999 347 4057 quo
364 3980 512 4060 publicae
532 3981 751 4060 poenitentiae
778 3975 942 4060 plectendi
967 3991 999 4040 ct
1022 3967 1146 4061 ligandi
1163 3994 1245 4044 sunt.

159 4081 200 4142 Ut
226 4083 313 4141 nulla
330 4085 434 4166 pretia
454 4083 493 4143 cle
513 4083 711 4166 baptizandis
738 4086 1018 4167 consignandisque
1034 4085 1194 4170 fidelibus

604 4169 781 4246 exigcrrttur.
802 4213 803 4216 ,

198 4253 442 4336 CLXXXIII(
462 4276 508 4346 Ut
526 4272 617 4350 nulla
633 4273 735 4354 pretia
758 4273 796 4332 de
813 4223 1024 4355 baptizandis
1053 4276 1248 4361 consignan-
