2926 4986
505 346 618 402 trusa
643 337 854 409 'caterinae
1174 328 1249 405 759

117 491 166 549 De
199 485 401 549 Secularibns
429 491 485 572 qui
508 487 675 571 Episcopis
698 491 763 548 suis
791 485 1007 552 inobedientes
1036 491 1194 562 existunt,
1218 475 1249 553 ei

158 570 204 632 nd
222 570 471 632 emendationem
496 571 546 630 sui
574 569 704 632 tardant
727 571 858 644 venire,
880 570 960 656 quid
979 572 1132 652 agendum
1155 575 1207 634 sit.
1247 609 1250 614 ,

201 673 433 738 CCCXCVIL
474 676 509 738 si
529 675 602 758 quis
628 675 842 754 secularium,
878 685 943 737 tarn
971 677 1101 738 maioris
1126 673 1248 742 ordinis

116 781 215 840 quam
233 766 266 819 et
291 758 465 836 inferioris,
483 768 652 842 peccatum
681 759 793 840 egerit,
815 767 847 820 et
869 769 999 822 uocatus
1018 760 1068 830 sui
1096 761 1250 846 Episcopi
1283 805 1285 812 ·

116 841 307 902 auctoritate
334 842 374 903 ad
400 842 658 903 emendationem
684 861 721 902 ac
748 841 983 923 poenitentiam
1007 842 1119 904 venire
1147 844 1249 909 distre

115 924 205 999 lerit,
227 922 349 984 tamdiu
374 923 415 984 sit
432 924 470 985 ab
494 923 641 986 Ecclesia
668 923 803 986 extorris
830 934 862 984 ct
883 927 900 986 al
925 924 1158 986 catholicorum
1175 949 1251 988 con-

116 1006 219 1070 sortio
238 1016 469 1088 sequestratus,
484 1027 654 1089 quousque
682 1006 770 1090 quod
797 1006 923 1070 inlicite
946 1007 1119 1083 commisit,
1143 1030 1250 1071 emen·

114 1093 183 1166 det,
207 1111 243 1149 ac
261 1099 384 1149 reatum
401 1112 494 1150 suum
516 1088 675 1171 usquead
696 1087 944 1156 satisfactionem
958 1090 1112 1152 canonice
1135 1091 1248 1171 diluat,

106 1176 211 1254 'atque
237 1172 503 1234 reconciliatione
521 1172 645 1254 proprii
666 1171 820 1254 Episcopi
835 1173 955 1236 divinis
969 1172 1118 1256 Precibus
1137 1173 1250 1235 indul..
1279 1202 1281 1207 ·

115 1256 257 1337 gentiam
276 1266 495 1336 consequatur
515 1265 547 1316 ct
568 1255 713 1331 veniam,
735 1253 965 1340 Ecclesiaequc
992 1256 1126 1338 gremio,
1149 1263 1168 1316 a
1195 1281 1251 1320 cus

114 1343 166 1397 ius
188 1346 280 1398 utero
303 1337 500 1414 deviaverat,
524 1348 651 1418 peracta
675 1335 912 1418 satisfactione,
935 1339 975 1402 ab
1003 1338 1117 1402 eodem
1141 1361 1249 1402 emen·
1311 1379 1317 1404 ι

115 1421 210 1482 datus
230 1419 391 1502 Episcopo
413 1420 569 1481 canonice
591 1420 755 1486 reddatur.

260 1527 309 1588 De
332 1526 480 1597 eternis,
509 1538 544 1586 nt
564 1545 628 1585 non
653 1537 783 1586 utantur
801 1525 898 1587 armis
913 1526 969 1597 [vet
990 1527 1082 1608 sagis.

158 1605 395 1674 CCCXCVllI.
436 1611 479 1670 Ut
500 1607 620 1670 Clerici
650 1607 774 1692 pompis
794 1611 962 1708 aut'sagis¹
982 1614 1035 1672 rel
1064 1609 1156 1672 armis
1181 1625 1249 1674 nou.

114 1700 259 1752 utantur.
831 1723 833 1732 x

121 1799 165 1861 Ut
182 1821 219 1858 eo
237 1767 316 1880 picae
336 1797 514 1881 Episcopus·
528 1797 562 1856 in
583 1818 640 1856 sua
665 1784 804 1856 dioecesi
825 1797 983 1876 corrigere
1006 1817 1069 1857 non
1089 1801 1181 1872 valet,
1205 1805 1250 1861 ad

56 1887 58 1906 l
159 1883 240 1942 alios
263 1879 380 1962 reserat
397 1880 554 1958 Presules,
579 1879 638 1950 vel,
656 1879 685 1938 si
704 1881 828 1938 necesse
838 1877 954 1959 fuerit,
979 1881 1057 1960 Regi
1073 1882 1206 1945 intimet.

200 1984 405 2051 CCCXCIX.
448 1987 491 2045 Ut
514 2006 551 2046 ea
577 2004 660 2065 quae
684 1983 718 2045 in
742 2006 799 2045 sua
820 1984 960 2064 dioecesi
986 1985 1166 2068 Episcopus
1190 1981 1257 2071 peri

118 2095 153 2136 se
179 2091 318 2152 suosque
344 2068 505 2150 corrigere
534 2068 584 2130 vel
606 2068 778 2128 emendare
805 2067 1008 2148 nequiverit,
1038 2091 1145 2130 coram
1169 2075 1252 2132 reli-

118 2155 193 2236 quis
216 2152 384 2234 Episcopis
412 2152 452 2212 ad
480 2150 707 2232 corrigendum
733 2149 895 2227 insinuet,
919 2152 969 2210 vel
995 2152 1074 2232 Regi
1103 2152 1251 2217 indicare

119 2261 186 2298 non
213 2237 335 2296 tardem
365 2243 402 2294 ut
424 2235 481 2315 qui
505 2232 729 2294 ecclesiasticis
751 2232 871 2314 regulis
891 2233 1081 2296 inobediens
1096 2256 1252 2320 apparat«

117 2321 172 2397 rit,
193 2341 252 2402 per
273 2319 452 2380 Potestates
475 2325 600 2377 exteras
619 2316 806 2398 corrigatur,

119 2426 238 2487 Datis
260 2425 315 2509 qui
332 2422 402 2484 ,Deo
415 2421 627 2502 ,famulantum
649 2421 677 2480 si
698 2423 731 2480 in
752 2421 933 2481 barathrum
943 2419 1170 2500 fornicationis
1194 2445 1247 2484 ee·-
1283 2413 1286 2418 ¹
1339 2451 1341 2455 ·

376 2506 523 2588 ciderint,
545 2505 682 2586 qrtaliler
704 2503 883 2584 corrigendi
901 2515 981 2563 stant.

147 2644 149 2648 ·
201 2610 328 2674 CCCC.
372 2610 546 2672 statuimus
566 2617 602 2668 ut
628 2607 653 2668 si
683 2609 756 2688 quis
786 2630 953 2668 servorum
976 2610 1037 2668 Dei
1070 2609 1122 2672 vel
1148 2612 1249 2670 ancil-

118 2698 223 2758 larum
251 2694 371 2756 Christi
389 2695 422 2753 iu
446 2685 567 2754 crimen
590 2691 813 2750 fornicationis
836 2691 939 2772 lapsus
967 2691 1086 2765 fuerit,
1109 2695 1194 2772 quod
1213 2694 1247 2752 in

119 2799 247 2840 carcere
278 2777 510 2858 poenitentiam
535 2773 628 2833 faciat
653 2773 685 2832 in
708 2795 791 2854 panc
812 2783 844 2833 et
870 2795 961 2854 aqna.
1004 2777 1045 2833 tn
1066 2775 1092 2834 si
1118 2775 1249 2835 ordina*

119 2873 172 2922 tus
192 2858 433 2944 Presbytersit,
455 2860 535 2920 duos
559 2877 659 2920 annos
678 2854 710 2913 in
736 2877 865 2918 carcere
885 2867 1089 2936 pertranseat,
1120 2867 1153 2916 ut
1174 2869 1248 2918 rante

121 2943 299 3025 flagellatus
323 2953 354 3004 et
379 2941 564 3002 scorticatus
587 2937 756 3008 videntum
791 2948 823 3000 et
846 2949 916 3019 post
943 2939 1120 3020 Episcopus
1149 2941 1248 3000 adau-

122 3036 203 3110 geat.
246 3027 281 3086 Si
302 3035 407 3085 autem
428 3021 575 3083 Clericus
595 3020 648 3081 vel
668 3021 845 3082 Monachus
871 3023 905 3081 in
928 3021 990 3082 hoc
1014 3031 1180 3102 peccatum
1202 3022 1250 3080 in-

123 3108 259 3181 ciderit,
289 3115 360 3190 post
377 3104 503 3166 tertiam
524 3102 781 3164 verberationem
802 3104 834 3161 in
859 3125 1020 3164 carcerem
1037 3105 1160 3180 missas,
1181 3127 1250 3180 ver-¹

123 3201 212 3250 tente
234 3213 320 3251 anno
342 3189 386 3248 ibi
407 3186 639 3269 poenitentiam
662 3193 741 3266 agat.
784 3185 942 3246 Similiter
959 3197 990 3246 et
1008 3187 1181 3248 Nonnarres
1198 3210 1251 3246 vo·
1288 3241 1291 3246 ,

124 3274 206 3334 latae
231 3274 342 3334 eadem
364 3267 564 3353 poenitentia
580 3276 763 3343 teneantur,
785 3275 818 3327 et
834 3268 987 3330 radantur
1007 3291 1118 3342 ornnes
1139 3269 1264 3352 capilli·

125 3355 237 3439 capitis
263 3357 342 3418 eius.
385 3352 517 3437 Cupitul.
540 3373 569 3417 a.
591 3352 660 3432 742.
679 3371 705 3416 c.
727 3348 756 3410 6.

335 3459 384 3520 De
406 3461 454 3518 his
471 3458 526 3542 qui
548 3459 567 3516 is
587 3458 724 3536 Paganis
745 3451 897 3540 baptizati
907 3454 1043 3536 fuerint.

133 3609 139 3621 ·
208 3563 349 3629 CCCCt.
391 3563 610 3644 Praecipimus
639 3560 750 3644 utqui
779 3562 797 3621 ia
823 3560 959 3644 Paganis
987 3562 1138 3643 baptizati
1164 3576 1251 3644 sunt,

125 3651 235 3718 denuo
262 3649 280 3708 b
313 3647 432 3709 Christi
462 3645 688 3708 Sacerdotibus
719 3646 751 3704 in
785 3645 917 3705 nomine
936 3655 1064 3706 sanctae
1082 3645 1251 3708 Trinitatis

124 3733 349 3812 baptizentur,
378 3741 410 3791 et
434 3739 541 3810 pmtca
562 3728 600 3787 ab
619 3727 785 3810 Episcopis
811 3726 1037 3807 chrismentur,
1055 3730 1131 3810 quia
1156 3729 1254 3790 aliter

126 3814 300 3876 Christiani
323 3835 383 3873 nec
403 3813 467 3875 dici
489 3833 550 3872 nec
576 3833 642 3872 esse
665 3819 799 3892 possunt

269 3919 319 3978 De
341 3917 466 4001 hirqui
486 3919 505 3977 ie
526 3915 754 3998 Chorepisecpo
786 3913 969 4000 confirmati
981 3911 1116 3996 suerint,

211 4023 372 4086 CCCCll.
414 4024 447 4083 si
474 4021 545 4105 quis
567 4021 604 4079 ab
623 4021 796 4102 Episcopo,
819 4030 853 4080 ct
875 4041 940 4080 non
961 4022 978 4080 al
1002 4020 1254 4106 Chorepiscopo,

127 4105 184 4191 qui
215 4129 278 4166 non
304 4106 494 4187 Episcopus,
515 4103 572 4166 scd
593 4103 732 4164 vicinius
763 4103 933 4185 Episcopi,
963 4105 1150 4184 priusquam
1179 4131 1253 4190 pro-

125 4191 221 4252 hibiti
247 4199 363 4264 essent,
385 4197 418 4250 et
439 4196 530 4246 erant
551 4193 584 4244 ct
605 4185 811 4256 dicebantur,
840 4185 939 4246 fuerit
960 4185 1174 4269 confirmatus,
1195 4193 1256 4252 reia-

125 4274 223 4338 terari
247 4273 317 4336 talis
338 4272 537 4335 confirmatio
564 4290 629 4330 uon
658 4267 763 4348 debet,
803 4271 882 4332 Nam
912 4268 1155 4356 Chorepiseopi,
1180 4285 1256 4336 ante
