2926 4984
227 303 301 382 578
671 325 971 385 carnotensum

226 466 293 530 sint
313 463 427 548 posita,
449 463 505 527 obi
525 464 730 529 commodum
746 465 964 530 necessarium
984 463 1085 548 possit
1109 462 1250 545 adquiri,
1274 464 1362 546 quod

227 549 268 610 ad
282 547 455 608 utilitatem
474 546 618 631 pertinet
633 551 830 630 monasterii,
852 550 934 610 sicut
953 549 986 608 in
1006 544 1115 609 lancta
1133 547 1247 628 regula
1262 547 1359 607 dicitr

226 631 455 694 Monasterium
476 641 580 690 autem
598 632 645 693 ita
664 632 757 696 debet
775 633 925 695 constitui
938 644 971 690 ut
990 631 1096 690 omnic
1116 630 1294 688 neccssaria
1313 630 1359 687 in-

217 711 280 795 srn
303 713 526 775 neonastcrium
551 728 760 776 exerceantur
770 760 782 788 ,
804 729 840 776 ut
862 735 926 774 non
945 714 986 773 sit
1006 712 1173 771 necessitas
1191 711 1357 770 Monachis

228 795 284 854 uel
303 794 434 866 clericis
450 794 590 872 vagandi
602 793 709 876 foras,
730 798 805 880 quic
823 800 949 860 omuino
967 814 1030 856 nou
1051 791 1183 877 expedit
1198 791 1358 853 animabus

227 897 347 944 corum.
388 875 494 959 Supra
514 897 541 942 c.
568 879 634 956 145.

465 983 514 1042 Dc
539 983 807 1070 hospitalitatem
836 1003 913 1045 cura
930 1004 1113 1069 pauperum.

312 1081 558 1149 CCCLXXIV.
600 1089 643 1148 Ut
662 1087 702 1150 de
721 1087 936 1172 hospitalitate
959 1099 990 1149 et
1009 1110 1084 1148 cura
1097 1108 1278 1169 pauperum
1292 1107 1359 1146 me-

223 1190 331 1230 mores
346 1167 426 1246 sitis,
450 1179 481 1229 et
500 1171 737 1252 propterquod
757 1192 809 1232 res
830 1170 1063 1232 ecclesiasticae
1085 1169 1101 1228 a
1127 1168 1278 1230 fidelihus
1302 1169 1358 1228 ob-

226 1252 311 1313 latae
336 1259 370 1310 et
387 1251 425 1310 ab
439 1251 603 1314 Ecclesiae
617 1263 766 1335 receptae
783 1253 857 1319 sint.
900 1254 942 1313 Et
957 1274 994 1312 eo
1011 1254 1108 1313 modo
1122 1250 1192 1311 illas
1210 1251 1358 1311 distribu-

227 1335 299 1409 atis,
321 1341 358 1394 ut
376 1332 415 1394 ab
433 1333 490 1394 illo
513 1334 567 1396 cui
591 1334 630 1396 de
648 1333 698 1396 his
715 1335 874 1397 rationem
894 1334 1055 1396 reddituri
1070 1333 1158 1410 estis,
1181 1354 1248 1393 non
1269 1333 1358 1392 dam-

227 1415 405 1488 nationem,
429 1417 486 1478 sed
509 1416 633 1477 aeterni
651 1418 760 1500 gaudii
785 1417 968 1478 mercedem
989 1417 1133 1499 accipere
1159 1415 1356 1479 mereamini.

230 1519 272 1582 Ut
287 1519 480 1584 adiutorium
499 1523 519 1582 ci
533 1524 614 1603 Rege
630 1522 831 1607 impendatur
843 1523 891 1582 lais
904 1521 960 1604 qui
975 1523 1181 1582 ministerium
1192 1523 1354 1582 ecclesius·

630 1606 727 1666 ticum
753 1605 937 1688 adimplent.

308 1707 528 1775 CCCLXXV.
570 1709 730 1774 Volumus
764 1731 822 1772 vos
850 1709 932 1770 scire
961 1708 1161 1770 voluntatem
1196 1719 1353 1788 nostram,

225 1792 315 1874 quod
338 1815 394 1854 nos
410 1791 512 1875 parati
527 1813 635 1854 sumus
657 1815 714 1854 vos
737 1791 907 1863 adiuvare,
931 1791 1117 1869 ubicunque
1140 1811 1271 1852 necesse
1299 1803 1353 1870 est,

226 1883 262 1936 ut
285 1875 500 1936 ministerium
518 1885 660 1937 vestrum
677 1874 850 1956 adimplere
867 1874 1010 1935 valeatis.
1053 1872 1221 1953 Simulque
1235 1895 1292 1934 vos
1304 1875 1355 1935 ad·

225 1978 394 2018 monemus
406 1967 443 2016 nt
454 1968 586 2039 propter
601 1956 815 2016 bumilitatem
830 1964 969 2016 nostram
982 1965 1015 2016 et
1033 1953 1248 2015 obedientiam
1261 1978 1356 2036 quam

226 2040 357 2101 monitis
377 2039 490 2100 vestris
509 2048 640 2120 propter
652 2039 714 2098 Dei
732 2039 879 2098 timorem
898 2036 1097 2108 exhibemus,
1120 2035 1276 2097 bonorem
1295 2059 1353 2098 no-

223 2120 273 2180 bis
286 2121 303 2180 a
315 2125 386 2182 Deo
402 2141 590 2180 concessum
608 2120 816 2198 conservetis,
838 2119 922 2182 sicut
944 2130 1160 2180 antecessores
1178 2119 1279 2180 vestri
1294 2141 1354 2181 no-

225 2203 298 2264 stris
321 2202 574 2264 antecessoribus
589 2203 749 2264 feceruut.

251 2308 292 2370 Ut
313 2309 417 2370 nullus
432 2307 607 2452 Episcopus
622 2309 677 2368 vel
694 2309 799 2370 Abdus
822 2329 882 2393 per
907 2308 1050 2392 pruentia
1072 2308 1135 2367 suis
1157 2307 1333 2369 hominibus

560 2387 694 2473 eucficia
712 2388 788 2455 deut
810 2392 864 2452 ael
884 2387 1039 2471 miserunt.
1239 2403 1242 2409 ’

303 2494 551 2560 'CCCLXXVL
593 2493 810 2556 Admonemus
832 2497 927 2556 etiam
955 2497 1130 2578 Episcopus
1158 2505 1190 2556 et
1219 2496 1355 2558 Abbates

225 2589 262 2641 ut
284 2592 343 2662 per
362 2578 504 2663 praemia
522 2577 679 2639 beneficia
696 2577 881 2640 bominibus
900 2578 965 2638 suis
977 2600 1037 2639 nec
1060 2579 1206 2638 auferant
1226 2599 1287 2640 nec
1303 2579 1358 2640 do-

224 2673 315 2740 nent,
338 2663 414 2744 quia
432 2661 553 2722 multae
573 2659 818 2722 reclamationes
837 2670 870 2723 et
889 2662 1041 2744 querelae
1057 2660 1097 2721 de
1117 2660 1178 2722 hac
1201 2681 1296 2722 causa
1316 2661 1356 2721 ad

226 2760 350 2806 nostras
370 2765 464 2804 aures
483 2745 590 2805 solent
608 2741 791 2826 pervenire.

230 2849 271 2912 Ut
292 2849 476 2912 consiliarii
494 2849 587 2930 Regis
608 2840 726 2908 munus·
739 2867 802 2912 non
820 2847 975 2931 accipiant
995 2847 1034 2910 ob
1057 2846 1241 2932 beneficium
1262 2849 1334 2910 aliis

232 2931 240 3019 )
671 2929 912 3013 impetrandum.

206 3019 232 3110 χ]
309 3031 569 3098 CCCLXXVII.
612 3035 655 3095 Ut
683 3033 794 3096 nullus
819 3034 858 3095 de
872 3033 1073 3096 Consiliariis
1091 3035 1207 3097 nostris
1223 3046 1355 3120 propter

134 3175 136 3181 ,
219 3111 419 3180 benefitium
445 3115 583 3177 cuilibet
615 3115 634 3176 d
665 3115 756 3176 nobis
788 3115 1023 3198 impetrandum
1047 3139 1180 3177 munera
1206 3119 1352 3200 accipiat,

225 3203 302 3283 quia
321 3222 377 3260 nos
392 3200 538 3259 volumus
555 3197 603 3257 illi
614 3196 809 3258 beneficium
832 3200 906 3259 dare
923 3199 978 3280 qui
991 3199 1082 3260 nobis
1095 3199 1179 3260 hene
1194 3201 1353 3264 servierit.

250 3305 292 3368 Ut
309 3305 466 3382 Clericus,
479 3304 542 3363 ivel
552 3303 759 3375 Monachus,
786 3303 840 3362 vel
865 3301 1120 3366 Sanctimoniolis
1129 3350 1138 3385 ,
1161 3327 1224 3368 non
1239 3328 1334 3368 accu-

564 3397 650 3446 setur
668 3382 713 3444 ud
728 3385 880 3445 iudicium
903 3387 1006 3446 ciuile.

309 3487 587 3554 CCCLXXVlll.
627 3490 727 3550 Nemo
746 3488 862 3549 audeat
887 3489 1050 3552 Clericum
1069 3501 1123 3552 aut
1146 3493 1352 3574 Monachum,

223 3575 277 3637 vel
290 3573 574 3635 sanctimonialem
589 3573 752 3648 feminam,
768 3571 807 3630 ad
822 3570 918 3632 civile
937 3571 1095 3634 iudicium
1113 3597 1275 3655 accusare,
1297 3581 1354 3640 sed

226 3659 266 3718 ad
283 3653 488 3739 Episcopum.
523 3655 573 3723 ‚Et
595 3654 662 3737 ipse
683 3675 723 3714 ex
744 3653 817 3736 lege
841 3653 893 3714 vel
912 3656 1087 3717 canonibus
1107 3670 1355 3721 consentaneam

226 3749 258 3800 et
280 3739 394 3799 iustam
415 3737 607 3798 sententiam
633 3739 783 3819 proferat.
825 3737 908 3796 Haec
936 3759 1044 3798 omnes
1066 3737 1217 3822 Episcopi
1245 3753 1353 3804 custo-

226 3822 327 3898 diant,
351 3832 382 3880 et
405 3841 515 3880 omnes
535 3819 645 3878 fideles
661 3827 786 3879 sanctae
805 3818 866 3878 Dei
881 3818 1055 3879 Ecclesiae.
1098 3821 1139 3880 Et
1161 3823 1263 3882 nostri
1283 3847 1354 3908 pro·

224 3905 406 3965 vinciarum
425 3901 591 3963 Praesides
607 3907 783 3981 procurent
800 3920 1068 3980 quorumcunque
1084 3902 1289 3966 Clericorum
1303 3907 1353 3968 vel

224 3985 457 4048 Monacborum
475 3993 508 4043 et
521 3979 820 4065 sanctimonialium
835 3981 908 4043 lites
926 3982 1086 4043 dirimere.
1110 3979 1163 4044 'si
1181 3988 1255 4068 quis
1270 3990 1352 4048 banc

224 4067 498 4128 Constitutionem
518 4063 686 4125 violaverit
704 4063 736 4121 in
756 4064 941 4145 magistratu
963 4066 1094 4147 posituS,
1117 4067 1229 4128 decem
1252 4071 1351 4131 libra-

223 4170 296 4209 rum
316 4149 384 4208 auri
401 4169 504 4230 poena
523 4146 720 4207 multabitur.
763 4146 796 4206 si
821 4157 991 4208 exsecutor
1011 4158 1068 4224 est,
1090 4149 1123 4207 in
1145 4154 1267 4213 catenis
1293 4153 1352 4213 Ec·

223 4231 394 4294 clesiarum
411 4228 608 4308 recludatur,
631 4248 750 4314 poenas
771 4223 928 4309 luiturus,
950 4239 982 4291 et
1006 4230 1148 4292 officium
1167 4234 1305 4317 perdat„
