2948 4990
174 282 248 354 6⁰6
578 290 865 359 cerrromruun

175 443 230 507 De
247 441 296 502 his
311 438 365 522 qui
375 435 530 521 fidelium
550 435 722 498 oblationes
741 430 887 514 auserunt
900 419 954 492 vel
974 443 1120 503 vastant,
1149 443 1202 494 aut
1232 433 1298 492 sine

336 520 463 603 proprii
480 519 632 602 Episcopi
646 518 782 577 iussione
806 513 884 576 dunt
902 515 958 573 vei
969 516 1135 598 accipiunt.

257 626 431 687 LXXXIV.
474 623 539 701 Qui
558 620 702 686 fidelium
717 621 894 682 oblationes
906 621 943 680 ah
960 620 1114 682 Ecclesiis
1130 620 1183 681 vel
1197 620 1215 680 a
1228 620 1298 680 iure

175 709 385 774 sacerdotnm
403 708 565 784 auferunt,
587 707 642 768 vel
659 705 776 765 ablatas
795 703 968 785 accipiunt,
989 724 1052 763 non
1075 703 1178 764 solnm
1193 702 1299 775 aliena

178 801 251 855 vota
274 790 502 871 disrumpunt,
526 789 583 852 sed
612 796 645 851 et
675 786 879 869 sacrilegium
907 797 1089 866 operantur,
1115 806 1243 846 necnon
1268 793 1300 844 et

177 873 342 938 Ecclesiae
357 872 419 932 Dei
433 873 630 933 fraudatores
647 869 803 932 existunt:
816 869 894 951 quia
905 869 1067 930 Ecclesiae
1081 867 1205 948 aliquid
1216 867 1300 927 frau-

191 957 259 1018 dari
283 955 336 1016 vel
362 954 501 1030 auferri,
535 953 739 1037 saerilegium
765 973 833 1014 esse
856 951 875 1011 al
900 949 1074 1012 Maioribus
1097 949 1299 1033 adprobatur.

182 1038 315 1124 Capitul.
336 1036 382 1098 II.
399 1061 427 1096 c.
449 1037 521 1113 814.
536 1058 563 1098 c.
577 1037 605 1101 5.

180 1144 223 1206 Ut
249 1142 431 1218 Presbyteri
453 1142 508 1200 oei
533 1143 671 1203 Diaconi
685 1165 747 1205 non
763 1143 895 1222 migrent
911 1142 950 1202 de
967 1141 1037 1203 loco
1053 1140 1099 1201 ad
1120 1139 1222 1200 Iocum
1236 1140 1302 1200 sine

514 1224 665 1308 Episcopi
680 1227 806 1310 proprii
828 1227 973 1286 iussione.

258 1327 423 1392 LXXXV.
463 1328 647 1412 Presbyteri
667 1329 724 1411 qui
749 1330 817 1390 sine
839 1329 978 1390 iussione
1005 1327 1127 1470 proprii
1150 1325 1302 1410 Episcopi

177 1414 218 1475 de
239 1413 393 1474 Ecclesiis
413 1411 453 1471 ad
478 1411 554 1472 alias
572 1412 733 1473 Ecclesiae
745 1411 965 1494 migraverint,
989 1421 1053 1472 tam
1078 1411 1110 1468 iu
1127 1411 1149 1469 l·
1163 1431 1304 1469 commu-

178 1496 277 1555 nione
297 1494 476 1554 habeantur
489 1493 600 1570 aheni,
622 1494 765 1575 quandiu
774 1495 814 1555 ad
827 1493 951 1555 easdem
967 1491 1125 1555 redierint
1140 1491 1303 1554 Ecclesiae

177 1577 212 1637 in
228 1576 344 1658 quihus
358 1575 506 1658 primitus
520 1587 597 1636 sunt
617 1576 763 1637 instituti.
843 1617 846 1624 ·

241 1684 297 1744 De
322 1679 488 1765 Episcopis
521 1693 551 1740 ct
579 1681 709 1742 Clericis
729 1682 922 1765 peregrinis,
947 1692 981 1742 ut
1009 1682 1154 1742 contenti.
1178 1681 1242 1744 sint

566 1765 787 1848 hospitalitatis
801 1785 936 1830 munere.

260 1870 436 1933 LXXXVI.
477 1872 520 1930 Ut
541 1869 691 1953 Episcopi
713 1879 807 1951 atque
830 1869 948 1931 Clerici
972 1869 1136 1954 peregrini
1162 1869 1307 1930 contenti

180 1952 245 2015 sint
261 1951 488 2031 hospitalitatis
513 1973 646 2012 munere
669 1953 788 2031 oblato,
817 1952 966 2034 nullique
991 1975 1104 2014 eorum
1127 1953 1225 2013 liceat
1252 1951 1306 2010 ul-

179 2035 250 2096 lum
274 2034 418 2094 officium
439 2033 651 2110 sacerdotale,
675 2035 792 2117 absque
810 2035 965 2117 permissu
982 2036 1135 2120 Episcopi
1157 2034 1190 2093 in
1212 2033 1306 2096 cuius

179 2116 332 2201 parochia
354 2137 421 2176 esse
444 2115 661 2196 cognoscitur,
683 2137 788 2198 agere.

363 2221 405 2282 Ut
422 2219 526 2281 nuilus
542 2221 654 2281 hubent
674 2223 736 2280 nisi
753 2223 923 2300 legitimum
940 2224 1136 2292 connubium.

262 2327 453 2389 LXXXVII.
494 2329 536 2386 Ut
556 2327 640 2386 nulli
663 2327 759 2388 liccat
775 2327 835 2386 nisi
853 2327 1031 2409 legitimum
1051 2329 1169 2390 habere
1184 2351 1308 2394 connu-

179 2409 283 2475 bium.v
319 2410 436 2470 Nullus
462 2408 619 2469 incestum
644 2408 748 2473 faciat.
790 2409 906 2470 Nullus
940 2411 1111 2492 coniugem
1131 2413 1307 2496 propriam,

182 2493 256 2569 nisi,
276 2502 311 2552 ut
326 2501 470 2553 sanctum
488 2491 692 2572 evangelium
716 2491 820 2568 docet,
842 2491 1063 2553 fornicationis
1077 2516 1181 2571 causa,
1202 2497 1308 2556 relin-

182 2585 268 2659 quat.
310 2574 406 2651 Quod
422 2575 448 2634 si
470 2571 605 2656 quisquc
623 2572 784 2654 propriam
799 2571 960 2654 expulerit
983 2576 1171 2658 coniugem,
1199 2577 1309 2661 legiti-

181 2679 234 2718 mo
250 2657 310 2719 sihi
327 2655 532 2716 matrimonio
549 2658 770 2734 coniunctam,
793 2656 820 2716 si
844 2654 1043 2717 Christianus
1060 2680 1126 2720 esse
1146 2671 1233 2722 recte
1249 2682 1309 2722 ro·

182 2740 293 2817 luerit,
314 2738 397 2799 nulli
417 2737 510 2798 alteri
531 2737 719 2819 copuletur:
740 2739 797 2800 sed
811 2747 866 2798 aut
880 2737 924 2797 ita
939 2750 1136 2822 permaneat,
1159 2751 1214 2804 ant
1229 2763 1308 2826 pro-

183 2823 272 2906 priae
291 2820 522 2882 reconcilietur
541 2819 682 2900 coniugi.

247 2928 296 2988 De
310 2929 359 2986 his
383 2926 437 3008 qui
457 2923 685 3008 Episcoporum
708 2927 899 2986 vocationem
925 2925 980 2986 vel
1005 2931 1228 2992 correctionem

618 3009 867 3089 contempserint.

276 3091 484 3153 LXXXVIII.
528 3089 562 3149 si
591 3089 663 3169 quis
690 3087 900 3167 secularium,
936 3100 1002 3150 tam
1028 3091 1157 3154 maioris
1187 3093 1311 3156 ordinis

187 3195 282 3257 quam
305 3182 336 3232 et
351 3171 532 3248 inferioris,
553 3180 719 3253 peccatum
734 3171 852 3250 egerit,
887 3181 919 3232 et
939 3184 1068 3234 vocatus
1089 3176 1138 3235 sui
1157 3177 1311 3258 Episcopi

187 3254 388 3330 auctoritate,
410 3255 449 3314 ad
463 3253 722 3331 emendationem
740 3273 776 3311 ac
796 3253 1029 3334 poenitentiam
1046 3257 1155 3320 venire
1174 3261 1308 3320 distule-

186 3341 239 3416 rit,
256 3336 375 3398 tamdiu
386 3336 426 3396 sit
441 3335 479 3394 ab
498 3335 645 3396 Ecclesia
664 3333 810 3409 extorris,
828 3335 884 3395 etl
898 3337 1131 3398 catholicorum
1149 3341 1309 3402 consortio

187 3428 419 3501 sequestratus,
442 3439 611 3499 quousque
637 3417 724 3496 quod
746 3417 903 3478 commisit
928 3421 1095 3493 emendet,
1126 3444 1161 3482 ac
1187 3432 1310 3482 reatum

188 3525 281 3564 suum
305 3522 405 3580 usque
435 3501 474 3559 ad
500 3500 745 3561 satisfactionem
758 3499 912 3560 canonice
936 3500 1054 3577 diluat,
1077 3511 1171 3586 atque
1193 3525 1310 3564 recon-

30 3611 41 3617 ·-
189 3585 352 3646 ciliatione
367 3582 489 3676 proprii
508 3581 659 3664 Episcopi
678 3576 796 3642 divinis
814 3583 961 3664 precibus
979 3583 1214 3664 indulgentiam
1231 3609 1310 3647 con-

188 3677 339 3749 sequatur
357 3675 390 3726 et
407 3685 544 3739 veniam,
565 3662 795 3743 Ecclesiaeque
824 3665 965 3744 gremio,
989 3665 1006 3724 ir
1033 3668 1123 3729 cuius
1147 3679 1238 3729 utero
1259 3669 1311 3730 de—

188 3751 341 3824 viaverat,
363 3756 490 3829 peracta
516 3744 747 3822 satisfactione,
769 3744 941 3806 abeodem
963 3747 1190 3812 immelioratas
1217 3751 1311 3834 Epis-

189 3854 280 3913 copo,
311 3829 464 3890 canonice
486 3827 646 3891 reddatur.

194 3939 235 4000 Ut
245 3939 348 3998 nullus
358 3937 526 3994 Laicorum
544 3953 586 3992 ecc
602 3932 741 4003 praediis
751 3931 979 4016 Episcoporum
991 3937 1155 4018 quicquam
1169 3937 1312 4018 accipiat.

271 4040 450 4104 LXXXIX.
490 4036 706 4116 Praecipimus
725 4047 762 4097 ut
776 4036 887 4098 nullus
906 4037 1077 4100 Laicorum
1094 4043 1146 4103 vel
1167 4041 1313 4103 Clerico-

188 4149 324 4188 rumex.
342 4121 481 4204 praediis
493 4120 549 4180 ¹’rel
563 4120 659 4180 rebus
683 4141 764 4200 qnae
784 4117 823 4178 ad
846 4119 940 4182 sedes
954 4121 1117 4202 pertinent
1135 4123 1313 4205 Episcopo-

189 4229 280 4286 rum,
303 4205 370 4271 sire
387 4204 426 4265 de
440 4201 741 4294 illilecelesiarurn
753 4197 849 4264 rebus
864 4223 947 4286 quae
969 4203 1003 4272 in
1023 4223 1134 4268 eorum
1154 4206 1313 4290 parochiis
