2926 4986
215 259 287 380 ttd
597 312 602 322 -
648 279 936 342 carnummun

207 422 263 500 cit,
286 441 351 480 non
370 417 532 480 modicum
546 430 642 498 errat,
665 431 696 483 et
714 421 810 484 nimis
831 434 957 507 peccat;
980 432 1014 486 et
1030 423 1091 484 nisi
1107 429 1343 510 poenitentiam

208 504 364 568 canonice
385 513 416 563 et
436 502 518 564 iuste
539 503 571 562 in
594 504 654 565 boe
673 506 784 565 seculo
806 529 846 567 ex
863 507 925 568 boc
939 505 1052 588 egerit,
1075 510 1245 572 maximam
1266 537 1344 575 con·

206 586 446 650 demnationem
469 586 500 644 in
522 585 637 645 futuro
654 587 774 647 iudicio
795 599 928 672 propter
942 589 1005 650 boc
1028 589 1251 655 indubitanter
1271 619 1344 678 per-

205 671 314 752 cipiet.
357 667 458 728 blulta
476 689 553 728 vero
572 678 605 727 et
623 669 872 731 innumerabilia
891 672 1037 752 exemplu
1055 693 1094 732 ex
1112 672 1161 735 his
1180 677 1213 736 iu
1229 701 1343 760 supra-

206 752 302 814 dictis
320 749 493 833 legalibus,
516 759 549 811 et
567 749 599 811 in
615 751 687 810 aliis
702 755 865 814 canonicis
883 763 914 814 et
932 754 1052 815 divinis
1067 755 1177 835 libris,
1209 760 1343 820 inveni-

205 844 328 909 untur,
350 853 432 914 quae
459 832 513 893 bic
538 853 598 914 pro
618 833 803 914 prolixitate
832 836 973 896 inserere
998 835 1202 918 distulimus,
1226 853 1259 903 et
1275 865 1340 924 pro

203 915 334 979 fastidio
354 937 390 974 ac
417 914 525 996 labore
547 915 740 996 scriptorum
760 918 827 978 sive
849 919 1007 978 lectorum
1033 918 1088 978 hic
1111 942 1178 982 non
1203 924 1343 985 inserui-

204 1021 285 1060 mus.
326 999 405 1058 Num
420 997 446 1058 si
464 997 536 1077 quis
552 1019 592 1058 ex
618 997 667 1058 his
690 999 816 1080 potiora
845 1009 877 1061 et
902 1001 995 1082 plura
1017 1004 1164 1084 exempla
1190 1005 1341 1068 invenire

203 1081 385 1155 desiderat,
409 1079 441 1138 iu
458 1080 607 1160 praefixis
625 1081 716 1142 libris
732 1082 929 1144 sufficienter
947 1083 1086 1164 legendo
1107 1099 1140 1146 et
1164 1087 1343 1169 diligenter

203 1163 391 1246 qu'acrendo
407 1162 556 1222 invenire
576 1163 702 1243 poturit.
744 1163 779 1224 si
803 1165 876 1245 quis
897 1186 973 1246 ergo
992 1174 1063 1246 post
1083 1177 1129 1228 tot
1149 1169 1342 1250 prohibitio·

204 1267 262 1306 nes
278 1245 359 1305 hacc
380 1244 507 1305 decreta
539 1244 698 1324 imperiali
726 1247 914 1308 anctoritate
937 1257 1113 1325 renovata,
1144 1262 1178 1311 et
1202 1252 1340 1313 maxime

205 1326 487 1408 omniumimperii
502 1327 600 1386 nostri
611 1327 810 1409 Populorum
823 1349 858 1390 ac
874 1331 1049 1390 Procerum
1063 1340 1245 1394 nostrorum
1263 1356 1342 1394 con-

202 1409 1339 1498 sensuetbortatuconscriptaatquefirmata,temerarepraesumpserit‚

203 1492 228 1552 si
239 1493 384 1552 Clericus
396 1491 505 1566 fuerit,
521 1491 635 1572 gradus
649 1491 699 1550 sui
719 1494 865 1574 periculo
880 1492 1067 1556 subiacebit.
1089 1496 1121 1556 Si
1136 1518 1213 1558 vero
1227 1501 1338 1560 Mona·

201 1575 280 1636 cbus
290 1585 344 1633 aut
358 1573 468 1634 laicus
488 1573 626 1648 fueritis
641 1573 806 1638 liminibus
818 1575 979 1640 Ecclesiae
1000 1597 1102 1658 usque
1121 1578 1160 1638 ad
1171 1580 1339 1640 Ecclesiae

200 1656 450 1718 satisfactionem
474 1656 609 1734 extorris
627 1655 689 1720 fiat.
706 1656 740 1716 Si
756 1668 882 1731 autern,
905 1657 992 1738 quod
1007 1657 1106 1734 absit,
1130 1681 1187 1720 suo
1206 1663 1340 1744 Episco-

201 1760 244 1821 po
269 1739 319 1798 vel
336 1737 470 1818 reliquis
488 1737 712 1798 Sacerdotibus
735 1739 925 1806 inobediens
946 1741 998 1800 vel
1023 1750 1196 1802 contumax
1217 1746 1337 1804 extite-

201 1819 256 1896 rit,
279 1819 491 1880 dComitibus
512 1820 563 1880 rel
580 1818 684 1881 Missis
703 1823 820 1883 uostris
838 1819 1098 1904 comprehensus,
1118 1824 1151 1882 in
1175 1847 1339 1887 carcerem

202 1900 361 1982 usquead
380 1910 521 1961 nostram
546 1909 577 1960 et
592 1901 716 1982 proprii
735 1905 888 1987 Episcopi
912 1913 1007 1984 atquc
1026 1904 1190 1967 Ecclesiae
1211 1908 1338 1970 satisfa-

199 1984 322 2045 tionem
342 1982 400 2042 sub
418 2003 530 2063 magna
546 2003 698 2042 aerumna
715 1995 860 2049 retrusus
879 1993 1014 2052 manent.
1040 1986 1166 2070 Capitol
1183 1989 1337 2074 Episcop.

203 2066 322 2132 a.801.
344 2087 369 2124 e.
387 2087 416 2146 9.

221 2193 317 2288 Quod
339 2196 489 2254 incestum
515 2195 687 2253 committat
710 2196 766 2336 pei
794 2215 826 2254 se
849 2199 1096 2274 consanguineae
1117 2217 1190 2259 suae
1217 2218 1316 2282 usque

517 2273 686 2360 affinitatis
722 2277 825 2336 ineam
845 2279 1013 2357 coniungit.

280 2379 544 2448 CCCCXXXll.
585 2383 699 2442 Nullus
721 2381 865 2442 fidelium
885 2404 989 2464 usque
1005 2383 1178 2446 adfinitatis
1199 2385 1333 2464 lineam,

196 2468 319 2543 idest,
342 2485 444 2546 usqne
467 2464 499 2524 in
519 2465 684 2547 septimam
703 2465 911 2548 progeniem,
943 2468 1212 2550 consanguineam
1240 2491 1334 2530 suam

190 2552 295 2614 'ducat
317 2569 466 2620 uxorem,
491 2547 540 2607 vel
563 2569 631 2605 eam
648 2546 888 2628 quoquomodo
909 2546 1029 2608 incesti*
1045 2551 1177 2611 macula·
1195 2552 1333 2632 polluat.

197 2631 322 2715 siquis
346 2651 423 2690 vero
440 2627 503 2689 boc
532 2629 674 2688 scienter·
705 2636 860 2688 temerare
886 2634 1155 2714 praesumpserit,
1191 2634 1218 2694 si
1247 2633 1334 2695 liber

196 2725 266 2794 est,
288 2713 432 2772 bannum
452 2719 613 2787 nostrum,
637 2710 756 2788 id‚est,
779 2711 943 2792 sexaginta
962 2713 1100 2793 solidos,
1123 2716 1199 2775 fisco
1219 2726 1332 2778 nostro

194 2797 377 2880 persolvat,
400 2803 432 2853 et
446 2794 579 2875 insuper
598 2793 753 2852 canonice
771 2801 807 2852 ut
830 2792 971 2854 incestus
994 2795 1086 2874 luat,
1126 2818 1162 2856 ae
1197 2799 1330 2880 publice

195 2881 284 2942 iuxta
307 2875 480 2937 canonicos
498 2874 613 2956 gradus
627 2875 800 2956 poeniteat.
843 2875 877 2936 si
897 2885 1003 2936 autem
1018 2899 1128 2945 servus
1151 2881 1203 2942 vel
1224 2881 1330 2941 eccle·

191 2961 340 3024 siasticus
366 2957 483 3035 fucrit,
513 2955 643 3038 publice
674 2955 856 3040 flagelletur
883 2979 920 3017 ac
946 2957 1150 3036 decalvetur,
1183 2972 1215 3023 et
1239 2963 1330 3023 iuxta

192 3043 316 3130 proprii
335 3031 487 3136 Episcopi
506 3039 677 3100 iussionem
706 3039 938 3120 poenitentiam
959 3041 1089 3122 publice
1112 3053 1144 3103 et
1170 3044 1328 3106 canonice

194 3135 291 3209 gerat.
322 3121 419 3200 Quod
436 3143 462 3182 sr
478 3121 604 3202 aliquis,
620 3130 685 3180 tam
700 3121 784 3182 liber
803 3143 899 3204 quam
914 3143 1041 3202 servus,
1064 3135 1119 3184 aut
1131 3124 1328 3188 ecclesiasti-

195 3229 251 3269 cus
272 3207 323 3267 vel
351 3203 530 3282 fiscalinus,
562 3203 721 3286 Episcopo
744 3203 874 3285 proprio
903 3205 957 3266 vel
987 3228 1057 3278 suo
1088 3201 1328 3269 Arcbidiacono

192 3289 383 3352 inobediens
406 3285 456 3348 vel
478 3296 673 3363 contumax,
695 3286 761 3348 sive
784 3286 823 3346 de
847 3287 910 3348 boe
926 3285 994 3348 sive
1016 3289 1056 3350 de
1085 3289 1149 3349 alio
1178 3291 1328 3372 quolibet

191 3373 334 3447 scelere,
371 3369 536 3445 extiterit,
559 3389 668 3429 omnes
687 3390 739 3429 res
760 3367 828 3428 eius
849 3369 868 3430 d
890 3369 1014 3430 Comite
1031 3379 1064 3452 et
1082 3372 1100 3430 sl
1119 3371 1215 3432 Misso
1229 3373 1327 3456 Epis·

192 3453 266 3536 copi
289 3452 320 3512 ei
349 3451 586 3512 contendantur
614 3447 816 3532 usquedum
844 3451 1003 3534 Episcopo
1034 3473 1093 3513 suo
1122 3452 1266 3532 obediat,
1288 3465 1327 3514 ut

192 3535 349 3598 canonice
378 3533 552 3616 poeniteat.
594 3533 691 3610 Quod
723 3532 749 3594 si
782 3554 842 3594 nee
865 3555 898 3594 se
935 3533 980 3595 ita
1007 3535 1263 3612 correxerit,·et
1283 3537 1325 3596 ad

191 3617 389 3700 Episcopum
414 3625 445 3676 et
477 3613 665 3675 canonicam
693 3614 928 3697 poenitentium
956 3616 1067 3680 uenire
1095 3617 1274 3692 distulerit,
1306 3617 1325 3680 it

186 3701 317 3763 ·Comite
338 3695 648 3779 comprehendatur,
669 3705 701 3756 et
720 3696 754 3757 iu
776 3717 939 3758 carcerem
962 3697 1022 3759 sub
1041 3720 1153 3780 magna
1171 3721 1324 3760 aerumna

167 3819 169 3824 ,
189 3793 335 3845 retrusus
357 3789 526 3856 teneatur,
550 3798 610 3838 nec
630 3797 739 3839 rerum
753 3799 882 3839 suarum
894 3787 1085 3861 potestatem
1109 3779 1225 3842 habeat
1239 3803 1325 3876 quo-

190 3886 294 3948 usque
313 3862 490 3944 Episcopus
511 3859 649 3922 iusserit.
691 3861 788 3940 Quod
805 3864 832 3922 si
860 3863 976 3922 Comes
1000 3864 1052 3924 vel
1080 3862 1149 3924 eius
1179 3864 1325 3926 Mimstri

189 3947 271 4009 haec
289 3944 464 4026 adimplere
491 3939 696 4022 distulerint,
726 3943 881 4005 canonice
896 3943 937 4007 ab
956 3941 991 4006 E¹
1009 3942 1117 4028 iscopo
1141 3945 1190 4007 vel
1215 3946 1234 4004 al
1263 3969 1325 4007 suo

190 4029 340 4092 Ministro
363 4023 678 4102 excommunicetur,
694 4033 735 4086 et
760 4025 957 4108 usquedum
983 3965 1064 4088 baec
1091 4027 1234 4110 pleniter
1263 4029 1324 4089 ad-

189 4111 334 4206 impleat,
356 4129 481 4191 semper
495 4103 722 4170 communione
741 4108 974 4170 catholicorum
987 4117 1101 4186 careat,
1125 4110 1323 4190 usquedum

191 4193 251 4247 tna
283 4190 443 4276 Episcopo
471 4189 644 4256 humanius
676 4211 752 4276 erga
780 4213 854 4254 eum
875 4188 1013 4278 aliquid,
1028 4211 1122 4276 agere
1149 4193 1323 4277 placuerit.
