<?xml version="1.0" encoding="UTF-8"?>
<!DOCTYPE html PUBLIC "-//W3C//DTD XHTML 1.0 Transitional//EN"
    "http://www.w3.org/TR/xhtml1/DTD/xhtml1-transitional.dtd">
<html xmlns="http://www.w3.org/1999/xhtml" xml:lang="en" lang="en">
 <head>
  <title>
</title>
<meta http-equiv="Content-Type" content="text/html;charset=utf-8" />
  <meta name='ocr-system' content='tesseract 3.04.00' />
  <meta name='ocr-capabilities' content='ocr_page ocr_carea ocr_par ocr_line ocrx_word'/>
</head>
<body>
  <div class='ocr_page' id='page_1' title='image "./corpusiurisgerm04visigoog_0154.png"; bbox 0 0 2926 4984; ppageno 0'>
   <div class='ocr_carea' id='block_1_1' title="bbox 534 319 1262 406">
    <p class='ocr_par' dir='ltr' id='par_1_1' title="bbox 534 319 1262 406">
     <span class='ocr_line' id='line_1_1' title="bbox 534 319 1262 406; baseline -0.003 -9"><span class='ocrx_word' id='word_1_1' title='bbox 534 339 650 397; x_wconf 83' lang='lat' dir='ltr'><strong>uean</strong></span> <span class='ocrx_word' id='word_1_2' title='bbox 674 337 854 406; x_wconf 77' lang='lat' dir='ltr'><strong>ausuros.</strong></span> <span class='ocrx_word' id='word_1_3' title='bbox 1191 319 1262 398; x_wconf 69' lang='lat'><strong>³51</strong></span> 
     </span>
    </p>
   </div>
   <div class='ocr_carea' id='block_1_2' title="bbox 154 475 1244 572">
    <p class='ocr_par' dir='ltr' id='par_1_2' title="bbox 154 475 1244 572">
     <span class='ocr_line' id='line_1_2' title="bbox 154 475 1244 572; baseline 0.006 -34"><span class='ocrx_word' id='word_1_4' title='bbox 154 475 195 538; x_wconf 86' lang='lat' dir='ltr'><strong>Ut</strong></span> <span class='ocrx_word' id='word_1_5' title='bbox 209 479 239 538; x_wconf 85' lang='lat' dir='ltr'><strong>si</strong></span> <span class='ocrx_word' id='word_1_6' title='bbox 251 479 498 562; x_wconf 71' lang='lat' dir='ltr'><strong><em>conspirationes</em></strong></span> <span class='ocrx_word' id='word_1_7' title='bbox 506 479 617 572; x_wconf 76' lang='lat' dir='ltr'><strong>factae</strong></span> <span class='ocrx_word' id='word_1_8' title='bbox 625 480 764 566; x_wconf 76' lang='lat' dir='ltr'><strong>fiteriut,</strong></span> <span class='ocrx_word' id='word_1_9' title='bbox 787 481 908 566; x_wconf 85' lang='lat' dir='ltr'><strong>triplici</strong></span> <span class='ocrx_word' id='word_1_10' title='bbox 918 484 1040 546; x_wconf 81' lang='lat' dir='ltr'><strong>ratione</strong></span> <span class='ocrx_word' id='word_1_11' title='bbox 1052 478 1244 550; x_wconf 82' lang='lat' dir='ltr'><strong>iudicentur.</strong></span> 
     </span>
    </p>
   </div>
   <div class='ocr_carea' id='block_1_3' title="bbox 126 583 1307 1739">
    <p class='ocr_par' dir='ltr' id='par_1_3' title="bbox 126 583 1307 1739">
     <span class='ocr_line' id='line_1_3' title="bbox 210 583 1262 671; baseline 0.007 -27"><span class='ocrx_word' id='word_1_12' title='bbox 210 583 318 651; x_wconf 83' lang='lat' dir='ltr'><strong>CCLI.</strong></span> <span class='ocrx_word' id='word_1_13' title='bbox 368 584 566 666; x_wconf 85' lang='lat' dir='ltr'><strong>Quicunque</strong></span> <span class='ocrx_word' id='word_1_14' title='bbox 587 585 841 669; x_wconf 83' lang='lat' dir='ltr'><strong>conspirationes</strong></span> <span class='ocrx_word' id='word_1_15' title='bbox 855 589 962 648; x_wconf 83' lang='lat' dir='ltr'><strong>faeere</strong></span> <span class='ocrx_word' id='word_1_16' title='bbox 976 587 1262 671; x_wconf 82' lang='lat' dir='ltr'><strong>praesumpserint,</strong></span> 
     </span>
     <span class='ocr_line' id='line_1_4' title="bbox 127 669 1263 754; baseline 0 -24"><span class='ocrx_word' id='word_1_17' title='bbox 127 675 161 730; x_wconf 87' lang='lat' dir='ltr'><strong>et</strong></span> <span class='ocrx_word' id='word_1_18' title='bbox 178 675 378 727; x_wconf 87' lang='lat' dir='ltr'><strong>sacramento</strong></span> <span class='ocrx_word' id='word_1_19' title='bbox 402 689 628 752; x_wconf 87' lang='lat' dir='ltr'><strong>quamcunque</strong></span> <span class='ocrx_word' id='word_1_20' title='bbox 650 669 923 754; x_wconf 75' lang='lat' dir='ltr'><strong>conspirationem</strong></span> <span class='ocrx_word' id='word_1_21' title='bbox 950 671 1167 749; x_wconf 83' lang='lat' dir='ltr'><strong>firmaverint,</strong></span> <span class='ocrx_word' id='word_1_22' title='bbox 1201 671 1263 732; x_wconf 90' lang='lat' dir='ltr'><strong>tri-</strong></span> 
     </span>
     <span class='ocr_line' id='line_1_5' title="bbox 126 744 1264 834; baseline 0.007 -26"><span class='ocrx_word' id='word_1_23' title='bbox 126 749 206 831; x_wconf 90' lang='lat' dir='ltr'><strong>plici</strong></span> <span class='ocrx_word' id='word_1_24' title='bbox 223 748 346 810; x_wconf 86' lang='lat' dir='ltr'><strong>ratione</strong></span> <span class='ocrx_word' id='word_1_25' title='bbox 363 749 560 811; x_wconf 86' lang='lat' dir='ltr'><strong>iudicentur.</strong></span> <span class='ocrx_word' id='word_1_26' title='bbox 602 751 713 814; x_wconf 91' lang='lat' dir='ltr'><strong>Primo</strong></span> <span class='ocrx_word' id='word_1_27' title='bbox 733 762 769 814; x_wconf 89' lang='lat' dir='ltr'><strong>ut</strong></span> <span class='ocrx_word' id='word_1_28' title='bbox 786 744 1127 834; x_wconf 59' lang='lat' dir='ltr'><strong>ubicunque‘eliquod</strong></span> <span class='ocrx_word' id='word_1_29' title='bbox 1142 753 1264 816; x_wconf 88' lang='lat' dir='ltr'><strong>malum</strong></span> 
     </span>
     <span class='ocr_line' id='line_1_6' title="bbox 126 831 1263 916; baseline 0.005 -26"><span class='ocrx_word' id='word_1_30' title='bbox 126 841 264 915; x_wconf 88' lang='lat' dir='ltr'><strong>propter</strong></span> <span class='ocrx_word' id='word_1_31' title='bbox 282 831 343 892; x_wconf 92' lang='lat' dir='ltr'><strong>hoc</strong></span> <span class='ocrx_word' id='word_1_32' title='bbox 363 843 582 916; x_wconf 81' lang='lat' dir='ltr'><strong>perpetratum</strong></span> <span class='ocrx_word' id='word_1_33' title='bbox 598 835 715 912; x_wconf 88' lang='lat' dir='ltr'><strong>fuerit,</strong></span> <span class='ocrx_word' id='word_1_34' title='bbox 744 844 890 898; x_wconf 88' lang='lat' dir='ltr'><strong>auctores</strong></span> <span class='ocrx_word' id='word_1_35' title='bbox 911 835 986 896; x_wconf 81' lang='lat' dir='ltr'><strong>l&#39;acti</strong></span> <span class='ocrx_word' id='word_1_36' title='bbox 1009 835 1263 898; x_wconf 81' lang='lat' dir='ltr'><strong>interficiantur:</strong></span> 
     </span>
     <span class='ocr_line' id='line_1_7' title="bbox 129 913 1265 1000; baseline 0.005 -27"><span class='ocrx_word' id='word_1_37' title='bbox 129 913 293 974; x_wconf 89' lang='lat' dir='ltr'><strong>adiutores</strong></span> <span class='ocrx_word' id='word_1_38' title='bbox 312 936 388 974; x_wconf 81' lang='lat' dir='ltr'><strong>vero</strong></span> <span class='ocrx_word' id='word_1_39' title='bbox 409 937 522 975; x_wconf 88' lang='lat' dir='ltr'><strong>eorum</strong></span> <span class='ocrx_word' id='word_1_40' title='bbox 542 916 662 998; x_wconf 82' lang='lat' dir='ltr'><strong>singuli</strong></span> <span class='ocrx_word' id='word_1_41' title='bbox 690 917 772 977; x_wconf 87' lang='lat' dir='ltr'><strong>alter</strong></span> <span class='ocrx_word' id='word_1_42' title='bbox 793 918 832 978; x_wconf 87' lang='lat' dir='ltr'><strong>ab</strong></span> <span class='ocrx_word' id='word_1_43' title='bbox 855 919 957 978; x_wconf 89' lang='lat' dir='ltr'><strong>altero</strong></span> <span class='ocrx_word' id='word_1_44' title='bbox 983 917 1207 1000; x_wconf 78' lang='lat' dir='ltr'><strong>flagellentur,</strong></span> <span class='ocrx_word' id='word_1_45' title='bbox 1231 927 1265 979; x_wconf 91' lang='lat' dir='ltr'><strong>et</strong></span> 
     </span>
     <span class='ocr_line' id='line_1_8' title="bbox 129 996 1307 1083; baseline 0.005 -29"><span class='ocrx_word' id='word_1_46' title='bbox 129 1018 222 1056; x_wconf 88' lang='lat' dir='ltr'><strong>nares</strong></span> <span class='ocrx_word' id='word_1_47' title='bbox 239 996 297 1055; x_wconf 87' lang='lat' dir='ltr'><strong>sibi</strong></span> <span class='ocrx_word' id='word_1_48' title='bbox 322 996 465 1059; x_wconf 86' lang='lat' dir='ltr'><strong>invicem</strong></span> <span class='ocrx_word' id='word_1_49' title='bbox 482 999 687 1080; x_wconf 85' lang='lat' dir='ltr'><strong>praecidant:</strong></span> <span class='ocrx_word' id='word_1_50' title='bbox 709 999 765 1060; x_wconf 91' lang='lat' dir='ltr'><strong>ubi</strong></span> <span class='ocrx_word' id='word_1_51' title='bbox 787 1022 866 1062; x_wconf 82' lang='lat' dir='ltr'><strong>vero</strong></span> <span class='ocrx_word' id='word_1_52' title='bbox 893 1001 973 1060; x_wconf 91' lang='lat' dir='ltr'><strong>nihil</strong></span> <span class='ocrx_word' id='word_1_53' title='bbox 996 999 1070 1060; x_wconf 88' lang='lat' dir='ltr'><strong>mali</strong></span> <span class='ocrx_word' id='word_1_54' title='bbox 1095 1009 1264 1083; x_wconf 72' lang='lat' dir='ltr'><strong>perpetra·</strong></span> <span class='ocrx_word' id='word_1_55' title='bbox 1304 1069 1307 1077; x_wconf 22' lang='lat' dir='ltr'>y</span> 
     </span>
     <span class='ocr_line' id='line_1_9' title="bbox 127 1079 1263 1164; baseline 0.004 -26"><span class='ocrx_word' id='word_1_56' title='bbox 127 1088 198 1138; x_wconf 89' lang='lat' dir='ltr'><strong>tum</strong></span> <span class='ocrx_word' id='word_1_57' title='bbox 220 1087 287 1155; x_wconf 91' lang='lat' dir='ltr'><strong>est,</strong></span> <span class='ocrx_word' id='word_1_58' title='bbox 309 1079 458 1142; x_wconf 89' lang='lat' dir='ltr'><strong>similiter</strong></span> <span class='ocrx_word' id='word_1_59' title='bbox 483 1079 616 1162; x_wconf 87' lang='lat' dir='ltr'><strong>quidem</strong></span> <span class='ocrx_word' id='word_1_60' title='bbox 634 1081 721 1144; x_wconf 83' lang='lat' dir='ltr'><strong>inter</strong></span> <span class='ocrx_word' id='word_1_61' title='bbox 745 1105 777 1144; x_wconf 92' lang='lat' dir='ltr'><strong>se</strong></span> <span class='ocrx_word' id='word_1_62' title='bbox 805 1083 1032 1164; x_wconf 82' lang='lat' dir='ltr'><strong>flagellentur,</strong></span> <span class='ocrx_word' id='word_1_63' title='bbox 1067 1092 1099 1142; x_wconf 90' lang='lat' dir='ltr'><strong>et</strong></span> <span class='ocrx_word' id='word_1_64' title='bbox 1128 1082 1263 1164; x_wconf 83' lang='lat' dir='ltr'><strong>capillos</strong></span> 
     </span>
     <span class='ocr_line' id='line_1_10' title="bbox 127 1160 1264 1249; baseline -0.001 -25"><span class='ocrx_word' id='word_1_65' title='bbox 127 1161 189 1224; x_wconf 81' lang='lat' dir='ltr'><strong>sihi</strong></span> <span class='ocrx_word' id='word_1_66' title='bbox 207 1160 349 1221; x_wconf 82' lang='lat' dir='ltr'><strong>invicem</strong></span> <span class='ocrx_word' id='word_1_67' title='bbox 369 1163 559 1224; x_wconf 87' lang='lat' dir='ltr'><strong>detundant.</strong></span> <span class='ocrx_word' id='word_1_68' title='bbox 602 1163 635 1224; x_wconf 92' lang='lat' dir='ltr'><strong>Si</strong></span> <span class='ocrx_word' id='word_1_69' title='bbox 654 1186 733 1225; x_wconf 86' lang='lat' dir='ltr'><strong>vero</strong></span> <span class='ocrx_word' id='word_1_70' title='bbox 752 1187 812 1249; x_wconf 86' lang='lat' dir='ltr'><strong>per</strong></span> <span class='ocrx_word' id='word_1_71' title='bbox 832 1166 981 1228; x_wconf 82' lang='lat' dir='ltr'><strong>dexteras</strong></span> <span class='ocrx_word' id='word_1_72' title='bbox 1004 1165 1113 1248; x_wconf 89' lang='lat' dir='ltr'><strong>aliqua</strong></span> <span class='ocrx_word' id='word_1_73' title='bbox 1133 1164 1264 1244; x_wconf 84' lang='lat' dir='ltr'><strong>conspi-</strong></span> 
     </span>
     <span class='ocr_line' id='line_1_11' title="bbox 127 1243 1263 1330; baseline 0.001 -25"><span class='ocrx_word' id='word_1_74' title='bbox 127 1245 210 1305; x_wconf 83' lang='lat' dir='ltr'><strong>ratio</strong></span> <span class='ocrx_word' id='word_1_75' title='bbox 232 1245 352 1302; x_wconf 84' lang='lat' dir='ltr'><strong>firmata</strong></span> <span class='ocrx_word' id='word_1_76' title='bbox 367 1245 478 1322; x_wconf 83' lang='lat' dir='ltr'><strong>fuerit,</strong></span> <span class='ocrx_word' id='word_1_77' title='bbox 499 1245 525 1304; x_wconf 90' lang='lat' dir='ltr'><strong>si</strong></span> <span class='ocrx_word' id='word_1_78' title='bbox 546 1243 640 1306; x_wconf 90' lang='lat' dir='ltr'><strong>liberi</strong></span> <span class='ocrx_word' id='word_1_79' title='bbox 656 1256 741 1325; x_wconf 85' lang='lat' dir='ltr'><strong>sunt,</strong></span> <span class='ocrx_word' id='word_1_80' title='bbox 764 1257 818 1308; x_wconf 88' lang='lat' dir='ltr'><strong>aut</strong></span> <span class='ocrx_word' id='word_1_81' title='bbox 839 1247 948 1308; x_wconf 89' lang='lat' dir='ltr'><strong>iurent</strong></span> <span class='ocrx_word' id='word_1_82' title='bbox 968 1271 1041 1309; x_wconf 91' lang='lat' dir='ltr'><strong>cnm</strong></span> <span class='ocrx_word' id='word_1_83' title='bbox 1060 1247 1186 1308; x_wconf 86' lang='lat' dir='ltr'><strong>idoneis</strong></span> <span class='ocrx_word' id='word_1_84' title='bbox 1210 1246 1263 1330; x_wconf 86' lang='lat' dir='ltr'><strong>ju·</strong></span> 
     </span>
     <span class='ocr_line' id='line_1_12' title="bbox 128 1325 1261 1410; baseline 0.004 -25"><span class='ocrx_word' id='word_1_85' title='bbox 128 1325 290 1386; x_wconf 89' lang='lat' dir='ltr'><strong>ratorihus</strong></span> <span class='ocrx_word' id='word_1_86' title='bbox 306 1327 395 1404; x_wconf 88' lang='lat' dir='ltr'><strong>quod</strong></span> <span class='ocrx_word' id='word_1_87' title='bbox 415 1327 478 1387; x_wconf 90' lang='lat' dir='ltr'><strong>hoc</strong></span> <span class='ocrx_word' id='word_1_88' title='bbox 493 1347 552 1410; x_wconf 88' lang='lat' dir='ltr'><strong>pro</strong></span> <span class='ocrx_word' id='word_1_89' title='bbox 565 1329 648 1387; x_wconf 87' lang='lat' dir='ltr'><strong>malo</strong></span> <span class='ocrx_word' id='word_1_90' title='bbox 670 1350 734 1388; x_wconf 89' lang='lat' dir='ltr'><strong>non</strong></span> <span class='ocrx_word' id='word_1_91' title='bbox 758 1329 924 1401; x_wconf 78' lang='lat' dir='ltr'><strong>fecissent3</strong></span> <span class='ocrx_word' id='word_1_92' title='bbox 955 1340 1009 1390; x_wconf 76' lang='lat' dir='ltr'><strong>aiut</strong></span> <span class='ocrx_word' id='word_1_93' title='bbox 1029 1331 1054 1390; x_wconf 93' lang='lat' dir='ltr'><strong>si</strong></span> <span class='ocrx_word' id='word_1_94' title='bbox 1075 1329 1139 1391; x_wconf 89' lang='lat' dir='ltr'><strong>hoc</strong></span> <span class='ocrx_word' id='word_1_95' title='bbox 1153 1331 1261 1391; x_wconf 87' lang='lat' dir='ltr'><strong>facere</strong></span> 
     </span>
     <span class='ocr_line' id='line_1_13' title="bbox 128 1408 1264 1494; baseline 0.004 -28"><span class='ocrx_word' id='word_1_96' title='bbox 128 1428 195 1468; x_wconf 90' lang='lat' dir='ltr'><strong>non</strong></span> <span class='ocrx_word' id='word_1_97' title='bbox 211 1408 386 1491; x_wconf 88' lang='lat' dir='ltr'><strong>potuerint,</strong></span> <span class='ocrx_word' id='word_1_98' title='bbox 401 1410 691 1493; x_wconf 83' lang='lat' dir='ltr'><strong>s‘ecuudumlegem</strong></span> <span class='ocrx_word' id='word_1_99' title='bbox 708 1435 796 1472; x_wconf 89' lang='lat' dir='ltr'><strong>suam</strong></span> <span class='ocrx_word' id='word_1_100' title='bbox 813 1422 1017 1494; x_wconf 86' lang='lat' dir='ltr'><strong>componant.</strong></span> <span class='ocrx_word' id='word_1_101' title='bbox 1039 1411 1074 1473; x_wconf 90' lang='lat' dir='ltr'><strong>Si</strong></span> <span class='ocrx_word' id='word_1_102' title='bbox 1085 1433 1162 1474; x_wconf 78' lang='lat' dir='ltr'><strong>vero</strong></span> <span class='ocrx_word' id='word_1_103' title='bbox 1177 1409 1264 1474; x_wconf 81' lang='lat' dir='ltr'><strong>servi</strong></span> 
     </span>
     <span class='ocr_line' id='line_1_14' title="bbox 128 1490 1264 1576; baseline 0.004 -24"><span class='ocrx_word' id='word_1_104' title='bbox 128 1501 222 1568; x_wconf 88' lang='lat' dir='ltr'><strong>suut,</strong></span> <span class='ocrx_word' id='word_1_105' title='bbox 244 1490 467 1572; x_wconf 79' lang='lat' dir='ltr'><strong>flagellentur,</strong></span> <span class='ocrx_word' id='word_1_106' title='bbox 495 1500 531 1551; x_wconf 87' lang='lat' dir='ltr'><strong>ut</strong></span> <span class='ocrx_word' id='word_1_107' title='bbox 551 1493 589 1552; x_wconf 89' lang='lat' dir='ltr'><strong>de</strong></span> <span class='ocrx_word' id='word_1_108' title='bbox 607 1503 734 1555; x_wconf 89' lang='lat' dir='ltr'><strong>caetero</strong></span> <span class='ocrx_word' id='word_1_109' title='bbox 752 1495 783 1553; x_wconf 91' lang='lat' dir='ltr'><strong>in</strong></span> <span class='ocrx_word' id='word_1_110' title='bbox 800 1516 902 1576; x_wconf 86' lang='lat' dir='ltr'><strong>regno</strong></span> <span class='ocrx_word' id='word_1_111' title='bbox 918 1505 1025 1556; x_wconf 87' lang='lat' dir='ltr'><strong>nostro</strong></span> <span class='ocrx_word' id='word_1_112' title='bbox 1047 1493 1138 1558; x_wconf 86' lang='lat' dir='ltr'><strong>nulla</strong></span> <span class='ocrx_word' id='word_1_113' title='bbox 1152 1493 1264 1556; x_wconf 88' lang='lat' dir='ltr'><strong>buius·</strong></span> 
     </span>
     <span class='ocr_line' id='line_1_15' title="bbox 127 1573 1262 1660; baseline 0.002 -25"><span class='ocrx_word' id='word_1_114' title='bbox 127 1574 217 1635; x_wconf 88' lang='lat' dir='ltr'><strong>modi</strong></span> <span class='ocrx_word' id='word_1_115' title='bbox 240 1573 435 1655; x_wconf 82' lang='lat' dir='ltr'><strong>conspiratio</strong></span> <span class='ocrx_word' id='word_1_116' title='bbox 461 1595 566 1656; x_wconf 89' lang='lat' dir='ltr'><strong>neque</strong></span> <span class='ocrx_word' id='word_1_117' title='bbox 585 1597 645 1657; x_wconf 89' lang='lat' dir='ltr'><strong>per</strong></span> <span class='ocrx_word' id='word_1_118' title='bbox 666 1587 899 1638; x_wconf 86' lang='lat' dir='ltr'><strong>sacramentnm</strong></span> <span class='ocrx_word' id='word_1_119' title='bbox 923 1598 1031 1660; x_wconf 90' lang='lat' dir='ltr'><strong>neque</strong></span> <span class='ocrx_word' id='word_1_120' title='bbox 1056 1577 1127 1656; x_wconf 86' lang='lat' dir='ltr'><strong>siue</strong></span> <span class='ocrx_word' id='word_1_121' title='bbox 1155 1597 1262 1638; x_wconf 87' lang='lat' dir='ltr'><strong>sacra·</strong></span> 
     </span>
     <span class='ocr_line' id='line_1_16' title="bbox 128 1655 554 1739; baseline 0.005 -23"><span class='ocrx_word' id='word_1_122' title='bbox 128 1664 242 1728; x_wconf 74' lang='lat' dir='ltr'><strong>mento</strong></span> <span class='ocrx_word' id='word_1_123' title='bbox 265 1655 329 1717; x_wconf 88' lang='lat' dir='ltr'><strong>fiat.</strong></span> <span class='ocrx_word' id='word_1_124' title='bbox 372 1656 455 1718; x_wconf 87' lang='lat' dir='ltr'><strong>Ibid.</strong></span> <span class='ocrx_word' id='word_1_125' title='bbox 478 1678 504 1717; x_wconf 90' lang='lat' dir='ltr'><strong>c.</strong></span> <span class='ocrx_word' id='word_1_126' title='bbox 525 1678 554 1739; x_wconf 88' lang='lat'><strong>9.</strong></span> 
     </span>
    </p>
   </div>
   <div class='ocr_carea' id='block_1_4' title="bbox 128 1761 1266 2420">
    <p class='ocr_par' dir='ltr' id='par_1_4' title="bbox 130 1761 1262 1910">
     <span class='ocr_line' id='line_1_17' title="bbox 130 1761 1262 1850; baseline 0.004 -26"><span class='ocrx_word' id='word_1_127' title='bbox 130 1765 280 1850; x_wconf 82' lang='lat' dir='ltr'><strong>Qualiter</strong></span> <span class='ocrx_word' id='word_1_128' title='bbox 297 1761 338 1821; x_wconf 86' lang='lat' dir='ltr'><strong>de</strong></span> <span class='ocrx_word' id='word_1_129' title='bbox 364 1761 493 1824; x_wconf 83' lang='lat' dir='ltr'><strong>testibus</strong></span> <span class='ocrx_word' id='word_1_130' title='bbox 514 1761 669 1842; x_wconf 79' lang='lat' dir='ltr'><strong>agendum</strong></span> <span class='ocrx_word' id='word_1_131' title='bbox 694 1764 758 1835; x_wconf 85' lang='lat' dir='ltr'><strong>sit,</strong></span> <span class='ocrx_word' id='word_1_132' title='bbox 792 1765 960 1847; x_wconf 81' lang='lat' dir='ltr'><strong>qualesque</strong></span> <span class='ocrx_word' id='word_1_133' title='bbox 987 1763 1032 1827; x_wconf 84' lang='lat' dir='ltr'><strong>ud</strong></span> <span class='ocrx_word' id='word_1_134' title='bbox 1051 1764 1262 1828; x_wconf 86' lang='lat' dir='ltr'><strong>testimouium</strong></span> 
     </span>
     <span class='ocr_line' id='line_1_18' title="bbox 178 1844 794 1910; baseline -0.002 -5"><span class='ocrx_word' id='word_1_135' title='bbox 178 1893 184 1905; x_wconf 93' lang='lat'><strong>.</strong></span> <span class='ocrx_word' id='word_1_136' title='bbox 557 1849 559 1854; x_wconf 84' lang='lat'>&#39;</span> <span class='ocrx_word' id='word_1_137' title='bbox 587 1844 794 1910; x_wconf 84' lang='lat' dir='ltr'><strong>adducantur.</strong></span> 
     </span>
    </p>

    <p class='ocr_par' dir='ltr' id='par_1_5' title="bbox 128 1925 1266 2420">
     <span class='ocr_line' id='line_1_19' title="bbox 214 1925 1263 2007; baseline 0.005 -20"><span class='ocrx_word' id='word_1_138' title='bbox 214 1926 342 1988; x_wconf 87' lang='lat' dir='ltr'><strong>CCLII.</strong></span> <span class='ocrx_word' id='word_1_139' title='bbox 383 1926 432 1985; x_wconf 88' lang='lat' dir='ltr'><strong>De</strong></span> <span class='ocrx_word' id='word_1_140' title='bbox 453 1925 623 2007; x_wconf 87' lang='lat' dir='ltr'><strong>periuriis,</strong></span> <span class='ocrx_word' id='word_1_141' title='bbox 640 1935 676 1986; x_wconf 92' lang='lat' dir='ltr'><strong>ut</strong></span> <span class='ocrx_word' id='word_1_142' title='bbox 695 1936 887 2001; x_wconf 88' lang='lat' dir='ltr'><strong>caveantur;</strong></span> <span class='ocrx_word' id='word_1_143' title='bbox 910 1939 943 1990; x_wconf 90' lang='lat' dir='ltr'><strong>et</strong></span> <span class='ocrx_word' id='word_1_144' title='bbox 965 1951 1030 1991; x_wconf 91' lang='lat' dir='ltr'><strong>non</strong></span> <span class='ocrx_word' id='word_1_145' title='bbox 1053 1927 1263 1992; x_wconf 81' lang='lat' dir='ltr'><strong>admittantur</strong></span> 
     </span>
     <span class='ocr_line' id='line_1_20' title="bbox 128 2007 1265 2094; baseline -0.002 -19"><span class='ocrx_word' id='word_1_146' title='bbox 128 2021 229 2075; x_wconf 84' lang='lat' dir='ltr'><strong>testes</strong></span> <span class='ocrx_word' id='word_1_147' title='bbox 250 2009 290 2070; x_wconf 91' lang='lat' dir='ltr'><strong>ad</strong></span> <span class='ocrx_word' id='word_1_148' title='bbox 308 2008 524 2094; x_wconf 85' lang='lat' dir='ltr'><strong>jurameutum</strong></span> <span class='ocrx_word' id='word_1_149' title='bbox 542 2018 714 2090; x_wconf 87' lang='lat' dir='ltr'><strong>antequam</strong></span> <span class='ocrx_word' id='word_1_150' title='bbox 735 2007 957 2074; x_wconf 85' lang='lat' dir='ltr'><strong>discutiantur.</strong></span> <span class='ocrx_word' id='word_1_151' title='bbox 983 2013 1023 2074; x_wconf 86' lang='lat' dir='ltr'><strong>Et</strong></span> <span class='ocrx_word' id='word_1_152' title='bbox 1044 2012 1069 2074; x_wconf 88' lang='lat' dir='ltr'><strong>si</strong></span> <span class='ocrx_word' id='word_1_153' title='bbox 1090 2011 1186 2073; x_wconf 81' lang='lat' dir='ltr'><strong>aliter</strong></span> <span class='ocrx_word' id='word_1_154' title='bbox 1203 2010 1265 2073; x_wconf 90' lang='lat' dir='ltr'><strong>dis·</strong></span> 
     </span>
     <span class='ocr_line' id='line_1_21' title="bbox 130 2090 1264 2178; baseline -0.001 -23"><span class='ocrx_word' id='word_1_155' title='bbox 130 2093 198 2155; x_wconf 86' lang='lat' dir='ltr'><strong>cuti</strong></span> <span class='ocrx_word' id='word_1_156' title='bbox 221 2114 285 2151; x_wconf 90' lang='lat' dir='ltr'><strong>non</strong></span> <span class='ocrx_word' id='word_1_157' title='bbox 304 2100 456 2174; x_wconf 85' lang='lat' dir='ltr'><strong>possunt,</strong></span> <span class='ocrx_word' id='word_1_158' title='bbox 479 2101 670 2172; x_wconf 83' lang='lat' dir='ltr'><strong>separentur</strong></span> <span class='ocrx_word' id='word_1_159' title='bbox 688 2093 727 2151; x_wconf 89' lang='lat' dir='ltr'><strong>ab</strong></span> <span class='ocrx_word' id='word_1_160' title='bbox 750 2090 909 2171; x_wconf 79' lang='lat' dir='ltr'><strong>invicem,</strong></span> <span class='ocrx_word' id='word_1_161' title='bbox 935 2104 966 2154; x_wconf 89' lang='lat' dir='ltr'><strong>et</strong></span> <span class='ocrx_word' id='word_1_162' title='bbox 987 2095 1198 2178; x_wconf 74' lang='lat' dir='ltr'><strong>singulariter</strong></span> <span class='ocrx_word' id='word_1_163' title='bbox 1214 2094 1264 2154; x_wconf 91' lang='lat' dir='ltr'><strong>iu·</strong></span> 
     </span>
     <span class='ocr_line' id='line_1_22' title="bbox 130 2173 1263 2258; baseline 0.003 -24"><span class='ocrx_word' id='word_1_164' title='bbox 130 2177 315 2257; x_wconf 82' lang='lat' dir='ltr'><strong>quiruntur.</strong></span> <span class='ocrx_word' id='word_1_165' title='bbox 336 2177 379 2235; x_wconf 88' lang='lat' dir='ltr'><strong>Et</strong></span> <span class='ocrx_word' id='word_1_166' title='bbox 397 2195 461 2233; x_wconf 92' lang='lat' dir='ltr'><strong>non</strong></span> <span class='ocrx_word' id='word_1_167' title='bbox 475 2175 535 2236; x_wconf 89' lang='lat' dir='ltr'><strong>soli</strong></span> <span class='ocrx_word' id='word_1_168' title='bbox 553 2175 729 2236; x_wconf 81' lang='lat' dir='ltr'><strong>accusatori</strong></span> <span class='ocrx_word' id='word_1_169' title='bbox 753 2173 849 2235; x_wconf 89' lang='lat' dir='ltr'><strong>liceat</strong></span> <span class='ocrx_word' id='word_1_170' title='bbox 866 2177 1109 2258; x_wconf 84' lang='lat' dir='ltr'><strong>testeseligere,</strong></span> <span class='ocrx_word' id='word_1_171' title='bbox 1132 2177 1263 2238; x_wconf 85' lang='lat' dir='ltr'><strong>absente</strong></span> 
     </span>
     <span class='ocr_line' id='line_1_23' title="bbox 130 2256 1264 2336; baseline -0.001 -17"><span class='ocrx_word' id='word_1_172' title='bbox 130 2281 191 2320; x_wconf 90' lang='lat' dir='ltr'><strong>suo</strong></span> <span class='ocrx_word' id='word_1_173' title='bbox 204 2268 378 2321; x_wconf 85' lang='lat' dir='ltr'><strong>causatore.</strong></span> <span class='ocrx_word' id='word_1_174' title='bbox 418 2256 461 2315; x_wconf 90' lang='lat' dir='ltr'><strong>Et</strong></span> <span class='ocrx_word' id='word_1_175' title='bbox 475 2259 607 2317; x_wconf 91' lang='lat' dir='ltr'><strong>omnino</strong></span> <span class='ocrx_word' id='word_1_176' title='bbox 623 2256 814 2330; x_wconf 82' lang='lat' dir='ltr'><strong>nullus,nisi</strong></span> <span class='ocrx_word' id='word_1_177' title='bbox 832 2257 971 2336; x_wconf 87' lang='lat' dir='ltr'><strong>ieiunus,</strong></span> <span class='ocrx_word' id='word_1_178' title='bbox 993 2262 1033 2320; x_wconf 90' lang='lat' dir='ltr'><strong>ad</strong></span> <span class='ocrx_word' id='word_1_179' title='bbox 1047 2259 1264 2320; x_wconf 86' lang='lat' dir='ltr'><strong>iuramentum</strong></span> 
     </span>
     <span class='ocr_line' id='line_1_24' title="bbox 130 2338 1266 2420; baseline -0.001 -17"><span class='ocrx_word' id='word_1_180' title='bbox 130 2341 185 2403; x_wconf 85' lang='lat' dir='ltr'><strong>vel</strong></span> <span class='ocrx_word' id='word_1_181' title='bbox 203 2338 243 2399; x_wconf 93' lang='lat' dir='ltr'><strong>ad</strong></span> <span class='ocrx_word' id='word_1_182' title='bbox 261 2339 478 2402; x_wconf 87' lang='lat' dir='ltr'><strong>testimonium</strong></span> <span class='ocrx_word' id='word_1_183' title='bbox 494 2341 685 2402; x_wconf 88' lang='lat' dir='ltr'><strong>admittatur.</strong></span> <span class='ocrx_word' id='word_1_184' title='bbox 715 2341 758 2402; x_wconf 89' lang='lat' dir='ltr'><strong>Et</strong></span> <span class='ocrx_word' id='word_1_185' title='bbox 775 2339 832 2400; x_wconf 90' lang='lat' dir='ltr'><strong>ille</strong></span> <span class='ocrx_word' id='word_1_186' title='bbox 850 2341 905 2420; x_wconf 91' lang='lat' dir='ltr'><strong>qui</strong></span> <span class='ocrx_word' id='word_1_187' title='bbox 921 2342 960 2400; x_wconf 91' lang='lat' dir='ltr'><strong>ad</strong></span> <span class='ocrx_word' id='word_1_188' title='bbox 977 2342 1196 2404; x_wconf 89' lang='lat' dir='ltr'><strong>testimonium</strong></span> <span class='ocrx_word' id='word_1_189' title='bbox 1212 2341 1266 2402; x_wconf 88' lang='lat' dir='ltr'><strong>ad·</strong></span> 
     </span>
    </p>
   </div>
   <div class='ocr_carea' id='block_1_5' title="bbox 41 2422 1263 2506">
    <p class='ocr_par' dir='ltr' id='par_1_6' title="bbox 41 2422 1263 2506">
     <span class='ocr_line' id='line_1_25' title="bbox 41 2422 1263 2506; baseline -0.001 -22"><span class='ocrx_word' id='word_1_190' title='bbox 41 2442 47 2447; x_wconf 81' lang='grc'>’</span> <span class='ocrx_word' id='word_1_191' title='bbox 132 2423 284 2499; x_wconf 84' lang='lat' dir='ltr'><strong>ducitur,</strong></span> <span class='ocrx_word' id='word_1_192' title='bbox 301 2424 325 2484; x_wconf 92' lang='lat' dir='ltr'><strong>si</strong></span> <span class='ocrx_word' id='word_1_193' title='bbox 340 2425 510 2498; x_wconf 85' lang='lat' dir='ltr'><strong>refutatur,</strong></span> <span class='ocrx_word' id='word_1_194' title='bbox 528 2422 613 2483; x_wconf 89' lang='lat' dir='ltr'><strong>dicat</strong></span> <span class='ocrx_word' id='word_1_195' title='bbox 624 2422 680 2482; x_wconf 86' lang='lat' dir='ltr'><strong>ille</strong></span> <span class='ocrx_word' id='word_1_196' title='bbox 696 2423 751 2504; x_wconf 93' lang='lat' dir='ltr'><strong>qui</strong></span> <span class='ocrx_word' id='word_1_197' title='bbox 767 2444 840 2484; x_wconf 89' lang='lat' dir='ltr'><strong>eum</strong></span> <span class='ocrx_word' id='word_1_198' title='bbox 855 2426 973 2484; x_wconf 78' lang='lat' dir='ltr'><strong>refutat</strong></span> <span class='ocrx_word' id='word_1_199' title='bbox 989 2433 1020 2484; x_wconf 91' lang='lat' dir='ltr'><strong>et</strong></span> <span class='ocrx_word' id='word_1_200' title='bbox 1032 2425 1148 2506; x_wconf 88' lang='lat' dir='ltr'><strong>probet</strong></span> <span class='ocrx_word' id='word_1_201' title='bbox 1162 2443 1263 2504; x_wconf 89' lang='lat' dir='ltr'><strong>quare</strong></span> 
     </span>
    </p>
   </div>
   <div class='ocr_carea' id='block_1_6' title="bbox 131 2503 1265 2815">
    <p class='ocr_par' dir='ltr' id='par_1_7' title="bbox 131 2503 1265 2815">
     <span class='ocr_line' id='line_1_26' title="bbox 131 2503 1264 2588; baseline 0.002 -24"><span class='ocrx_word' id='word_1_202' title='bbox 131 2506 228 2565; x_wconf 90' lang='lat' dir='ltr'><strong>illum</strong></span> <span class='ocrx_word' id='word_1_203' title='bbox 243 2505 388 2588; x_wconf 85' lang='lat' dir='ltr'><strong>recipere</strong></span> <span class='ocrx_word' id='word_1_204' title='bbox 405 2503 494 2563; x_wconf 87' lang='lat' dir='ltr'><strong>nolit.</strong></span> <span class='ocrx_word' id='word_1_205' title='bbox 535 2505 579 2566; x_wconf 89' lang='lat' dir='ltr'><strong>Et</strong></span> <span class='ocrx_word' id='word_1_206' title='bbox 595 2505 633 2564; x_wconf 90' lang='lat' dir='ltr'><strong>de</strong></span> <span class='ocrx_word' id='word_1_207' title='bbox 653 2504 721 2586; x_wconf 90' lang='lat' dir='ltr'><strong>ipso</strong></span> <span class='ocrx_word' id='word_1_208' title='bbox 743 2525 843 2586; x_wconf 83' lang='lat' dir='ltr'><strong>pago,</strong></span> <span class='ocrx_word' id='word_1_209' title='bbox 870 2527 936 2566; x_wconf 90' lang='lat' dir='ltr'><strong>nun</strong></span> <span class='ocrx_word' id='word_1_210' title='bbox 963 2507 1002 2567; x_wconf 89' lang='lat' dir='ltr'><strong>de</strong></span> <span class='ocrx_word' id='word_1_211' title='bbox 1024 2508 1145 2583; x_wconf 87' lang='lat' dir='ltr'><strong>altero,</strong></span> <span class='ocrx_word' id='word_1_212' title='bbox 1167 2513 1264 2567; x_wconf 85' lang='lat' dir='ltr'><strong>testes</strong></span> 
     </span>
     <span class='ocr_line' id='line_1_27' title="bbox 132 2585 1265 2670; baseline -0.003 -22"><span class='ocrx_word' id='word_1_213' title='bbox 132 2588 317 2670; x_wconf 78' lang='lat' dir='ltr'><strong>eligantur,</strong></span> <span class='ocrx_word' id='word_1_214' title='bbox 351 2585 412 2646; x_wconf 90' lang='lat' dir='ltr'><strong>uisi</strong></span> <span class='ocrx_word' id='word_1_215' title='bbox 439 2587 522 2646; x_wconf 84' lang='lat' dir='ltr'><strong>forte</strong></span> <span class='ocrx_word' id='word_1_216' title='bbox 545 2586 672 2668; x_wconf 82' lang='lat' dir='ltr'><strong>lougius</strong></span> <span class='ocrx_word' id='word_1_217' title='bbox 700 2598 789 2650; x_wconf 79' lang='lat' dir='ltr'><strong>extra</strong></span> <span class='ocrx_word' id='word_1_218' title='bbox 812 2587 995 2650; x_wconf 83' lang='lat' dir='ltr'><strong>comitatum</strong></span> <span class='ocrx_word' id='word_1_219' title='bbox 1015 2609 1109 2648; x_wconf 87' lang='lat' dir='ltr'><strong>causa</strong></span> <span class='ocrx_word' id='word_1_220' title='bbox 1141 2587 1182 2648; x_wconf 90' lang='lat' dir='ltr'><strong>sit</strong></span> <span class='ocrx_word' id='word_1_221' title='bbox 1212 2586 1265 2645; x_wconf 90' lang='lat' dir='ltr'><strong>in-</strong></span> 
     </span>
     <span class='ocr_line' id='line_1_28' title="bbox 131 2665 1264 2754; baseline -0.003 -24"><span class='ocrx_word' id='word_1_222' title='bbox 131 2670 302 2753; x_wconf 80' lang='lat' dir='ltr'><strong>quirenda,</strong></span> <span class='ocrx_word' id='word_1_223' title='bbox 353 2665 395 2730; x_wconf 90' lang='lat' dir='ltr'><strong>Et</strong></span> <span class='ocrx_word' id='word_1_224' title='bbox 420 2668 445 2728; x_wconf 90' lang='lat' dir='ltr'><strong>si</strong></span> <span class='ocrx_word' id='word_1_225' title='bbox 477 2666 549 2749; x_wconf 89' lang='lat' dir='ltr'><strong>quis</strong></span> <span class='ocrx_word' id='word_1_226' title='bbox 579 2668 748 2731; x_wconf 81' lang='lat' dir='ltr'><strong>convictus</strong></span> <span class='ocrx_word' id='word_1_227' title='bbox 770 2668 871 2730; x_wconf 86' lang='lat' dir='ltr'><strong>fuerit</strong></span> <span class='ocrx_word' id='word_1_228' title='bbox 889 2669 1046 2754; x_wconf 89' lang='lat' dir='ltr'><strong>periurii,</strong></span> <span class='ocrx_word' id='word_1_229' title='bbox 1066 2670 1180 2754; x_wconf 87' lang='lat' dir='ltr'><strong>perdat</strong></span> <span class='ocrx_word' id='word_1_230' title='bbox 1197 2689 1264 2728; x_wconf 89' lang='lat' dir='ltr'><strong>ma-</strong></span> 
     </span>
     <span class='ocr_line' id='line_1_29' title="bbox 133 2751 662 2815; baseline -0.011 -1"><span class='ocrx_word' id='word_1_231' title='bbox 133 2775 214 2814; x_wconf 89' lang='lat' dir='ltr'><strong>num</strong></span> <span class='ocrx_word' id='word_1_232' title='bbox 235 2762 289 2812; x_wconf 88' lang='lat' dir='ltr'><strong>aut</strong></span> <span class='ocrx_word' id='word_1_233' title='bbox 306 2752 452 2815; x_wconf 86' lang='lat' dir='ltr'><strong>redimat.</strong></span> <span class='ocrx_word' id='word_1_234' title='bbox 486 2751 569 2810; x_wconf 83' lang='lat' dir='ltr'><strong>llid.</strong></span> <span class='ocrx_word' id='word_1_235' title='bbox 580 2773 605 2812; x_wconf 88' lang='lat' dir='ltr'><strong>c.</strong></span> <span class='ocrx_word' id='word_1_236' title='bbox 620 2774 662 2812; x_wconf 70' lang='grc' dir='ltr'><strong>ιο.</strong></span> 
     </span>
    </p>
   </div>
   <div class='ocr_carea' id='block_1_7' title="bbox 131 2856 1269 3354">
    <p class='ocr_par' dir='ltr' id='par_1_8' title="bbox 135 2856 1268 3000">
     <span class='ocr_line' id='line_1_30' title="bbox 135 2856 1268 3000; baseline 0 -82"><span class='ocrx_word' id='word_1_237' title='bbox 135 2860 252 2944; x_wconf 78' lang='lat' dir='ltr'><strong>Qieales</strong></span> <span class='ocrx_word' id='word_1_238' title='bbox 273 2879 427 2944; x_wconf 83' lang='lat' dir='ltr'><strong>personae</strong></span> <span class='ocrx_word' id='word_1_239' title='bbox 456 2856 501 2916; x_wconf 84' lang='lat' dir='ltr'><strong>ud</strong></span> <span class='ocrx_word' id='word_1_240' title='bbox 525 2879 649 2998; x_wconf 74' lang='lat' dir='ltr'><strong>causasd</strong></span> <span class='ocrx_word' id='word_1_241' title='bbox 659 2857 874 3000; x_wconf 52' lang='lat' dir='ltr'><strong>{iscntieudus</strong></span> <span class='ocrx_word' id='word_1_242' title='bbox 899 2869 932 2918; x_wconf 87' lang='lat' dir='ltr'><strong>et</strong></span> <span class='ocrx_word' id='word_1_243' title='bbox 956 2858 1172 2921; x_wconf 85' lang='lat' dir='ltr'><strong>terminandas</strong></span> <span class='ocrx_word' id='word_1_244' title='bbox 1193 2859 1268 2939; x_wconf 82' lang='lat' dir='ltr'><strong>eligi</strong></span> 
     </span>
     <span class='ocr_line' id='line_1_31' title="bbox 650 2953 985 3000; baseline 0 0"><span class='ocrx_word' id='word_1_245' title='bbox 650 2964 664 3000; x_wconf 87' lang='lat' dir='ltr'><strong>e</strong></span> <span class='ocrx_word' id='word_1_246' title='bbox 688 2953 767 2999; x_wconf 81' lang='lat' dir='ltr'><strong>eunt.</strong></span> <span class='ocrx_word' id='word_1_247' title='bbox 984 2960 985 2964; x_wconf 72' lang='grc'>’</span> 
     </span>
    </p>

    <p class='ocr_par' dir='ltr' id='par_1_9' title="bbox 217 3021 1267 3103">
     <span class='ocr_line' id='line_1_32' title="bbox 217 3021 1267 3103; baseline 0.001 -19"><span class='ocrx_word' id='word_1_248' title='bbox 217 3023 358 3084; x_wconf 74' lang='lat' dir='ltr'><strong>cctlll.</strong></span> <span class='ocrx_word' id='word_1_249' title='bbox 399 3021 652 3100; x_wconf 85' lang='lat' dir='ltr'><strong>DeAdvocatis,</strong></span> <span class='ocrx_word' id='word_1_250' title='bbox 683 3021 926 3102; x_wconf 86' lang='lat' dir='ltr'><strong>Vioedominis,</strong></span> <span class='ocrx_word' id='word_1_251' title='bbox 960 3022 1117 3103; x_wconf 86' lang='lat' dir='ltr'><strong>Vicariis,</strong></span> <span class='ocrx_word' id='word_1_252' title='bbox 1144 3023 1267 3086; x_wconf 84' lang='lat' dir='ltr'><strong>Cente-</strong></span> 
     </span>
    </p>

    <p class='ocr_par' dir='ltr' id='par_1_10' title="bbox 133 3103 1269 3190">
     <span class='ocr_line' id='line_1_33' title="bbox 133 3103 1269 3190; baseline 0.001 -23"><span class='ocrx_word' id='word_1_253' title='bbox 133 3103 235 3168; x_wconf 86' lang='lat' dir='ltr'><strong>nariis</strong></span> <span class='ocrx_word' id='word_1_254' title='bbox 249 3107 377 3187; x_wconf 87' lang='lat' dir='ltr'><strong>pravis,</strong></span> <span class='ocrx_word' id='word_1_255' title='bbox 399 3116 435 3166; x_wconf 86' lang='lat' dir='ltr'><strong>ut</strong></span> <span class='ocrx_word' id='word_1_256' title='bbox 461 3106 636 3181; x_wconf 79' lang='lat' dir='ltr'><strong>tollantur,</strong></span> <span class='ocrx_word' id='word_1_257' title='bbox 672 3113 704 3164; x_wconf 87' lang='lat' dir='ltr'><strong>et</strong></span> <span class='ocrx_word' id='word_1_258' title='bbox 726 3105 807 3166; x_wconf 88' lang='lat' dir='ltr'><strong>tales</strong></span> <span class='ocrx_word' id='word_1_259' title='bbox 828 3105 990 3188; x_wconf 75' lang='lat' dir='ltr'><strong>eligantur</strong></span> <span class='ocrx_word' id='word_1_260' title='bbox 1017 3108 1074 3190; x_wconf 90' lang='lat' dir='ltr'><strong>qui</strong></span> <span class='ocrx_word' id='word_1_261' title='bbox 1101 3116 1133 3168; x_wconf 90' lang='lat' dir='ltr'><strong>et</strong></span> <span class='ocrx_word' id='word_1_262' title='bbox 1166 3106 1269 3170; x_wconf 85' lang='lat' dir='ltr'><strong>sciant</strong></span> 
     </span>
    </p>

    <p class='ocr_par' dir='ltr' id='par_1_11' title="bbox 135 3186 1268 3271">
     <span class='ocr_line' id='line_1_34' title="bbox 135 3186 1268 3271; baseline 0.001 -22"><span class='ocrx_word' id='word_1_263' title='bbox 135 3198 168 3250; x_wconf 89' lang='lat' dir='ltr'><strong>et</strong></span> <span class='ocrx_word' id='word_1_264' title='bbox 186 3187 292 3248; x_wconf 82' lang='lat' dir='ltr'><strong>velint</strong></span> <span class='ocrx_word' id='word_1_265' title='bbox 317 3188 398 3250; x_wconf 90' lang='lat' dir='ltr'><strong>iuste</strong></span> <span class='ocrx_word' id='word_1_266' title='bbox 426 3209 553 3250; x_wconf 86' lang='lat' dir='ltr'><strong>causam</strong></span> <span class='ocrx_word' id='word_1_267' title='bbox 572 3186 755 3254; x_wconf 77' lang='lat' dir='ltr'><strong>discernere</strong></span> <span class='ocrx_word' id='word_1_268' title='bbox 773 3199 805 3251; x_wconf 83' lang='lat' dir='ltr'><strong>et</strong></span> <span class='ocrx_word' id='word_1_269' title='bbox 820 3190 1004 3255; x_wconf 82' lang='lat' dir='ltr'><strong>terminare.</strong></span> <span class='ocrx_word' id='word_1_270' title='bbox 1055 3189 1098 3252; x_wconf 84' lang='lat' dir='ltr'><strong>Et</strong></span> <span class='ocrx_word' id='word_1_271' title='bbox 1120 3188 1268 3271; x_wconf 90' lang='lat' dir='ltr'><strong>quisquis</strong></span> 
     </span>
    </p>

    <p class='ocr_par' dir='ltr' id='par_1_12' title="bbox 131 3270 1264 3354">
     <span class='ocr_line' id='line_1_35' title="bbox 131 3270 1264 3354; baseline 0.003 -25"><span class='ocrx_word' id='word_1_272' title='bbox 131 3292 252 3354; x_wconf 87' lang='lat' dir='ltr'><strong>pravus</strong></span> <span class='ocrx_word' id='word_1_273' title='bbox 272 3270 423 3332; x_wconf 86' lang='lat' dir='ltr'><strong>inventus</strong></span> <span class='ocrx_word' id='word_1_274' title='bbox 444 3270 555 3346; x_wconf 89' lang='lat' dir='ltr'><strong>fuerit,</strong></span> <span class='ocrx_word' id='word_1_275' title='bbox 579 3270 670 3330; x_wconf 91' lang='lat' dir='ltr'><strong>nobis</strong></span> <span class='ocrx_word' id='word_1_276' title='bbox 688 3291 746 3352; x_wconf 89' lang='lat' dir='ltr'><strong>pro</strong></span> <span class='ocrx_word' id='word_1_277' title='bbox 768 3280 857 3330; x_wconf 84' lang='lat' dir='ltr'><strong>certo</strong></span> <span class='ocrx_word' id='word_1_278' title='bbox 882 3272 1067 3339; x_wconf 77' lang='lat' dir='ltr'><strong>nunciatur.</strong></span> <span class='ocrx_word' id='word_1_279' title='bbox 1097 3273 1144 3337; x_wconf 73' lang='grc' dir='ltr'><strong>ΙΙ).</strong></span> <span class='ocrx_word' id='word_1_280' title='bbox 1166 3295 1192 3333; x_wconf 88' lang='lat' dir='ltr'><strong>c.</strong></span> <span class='ocrx_word' id='word_1_281' title='bbox 1219 3293 1264 3338; x_wconf 86' lang='lat'><strong>11.</strong></span> 
     </span>
    </p>
   </div>
   <div class='ocr_carea' id='block_1_8' title="bbox 134 3376 1280 4366">
    <p class='ocr_par' dir='ltr' id='par_1_13' title="bbox 134 3376 1266 3540">
     <span class='ocr_line' id='line_1_36' title="bbox 134 3376 1266 3462; baseline 0.005 -27"><span class='ocrx_word' id='word_1_282' title='bbox 134 3377 183 3436; x_wconf 88' lang='lat' dir='ltr'><strong>De</strong></span> <span class='ocrx_word' id='word_1_283' title='bbox 201 3377 333 3437; x_wconf 80' lang='lat' dir='ltr'><strong>teloneis</strong></span> <span class='ocrx_word' id='word_1_284' title='bbox 349 3398 426 3458; x_wconf 78' lang='lat' dir='ltr'><strong>qrrae</strong></span> <span class='ocrx_word' id='word_1_285' title='bbox 446 3376 485 3436; x_wconf 87' lang='lat' dir='ltr'><strong>de</strong></span> <span class='ocrx_word' id='word_1_286' title='bbox 504 3376 648 3435; x_wconf 71' lang='lat' dir='ltr'><strong>accersatis</strong></span> <span class='ocrx_word' id='word_1_287' title='bbox 663 3387 693 3434; x_wconf 92' lang='lat' dir='ltr'><strong>et</strong></span> <span class='ocrx_word' id='word_1_288' title='bbox 708 3376 842 3456; x_wconf 79' lang='lat' dir='ltr'><strong>navigiis</strong></span> <span class='ocrx_word' id='word_1_289' title='bbox 858 3378 913 3436; x_wconf 80' lang='lat' dir='ltr'><strong>vel</strong></span> <span class='ocrx_word' id='word_1_290' title='bbox 929 3377 1014 3449; x_wconf 82' lang='lat' dir='ltr'><strong>aliis,</strong></span> <span class='ocrx_word' id='word_1_291' title='bbox 1037 3390 1090 3438; x_wconf 86' lang='lat' dir='ltr'><strong>aul</strong></span> <span class='ocrx_word' id='word_1_292' title='bbox 1110 3399 1266 3462; x_wconf 83' lang='lat' dir='ltr'><strong>quaecuu-</strong></span> 
     </span>
     <span class='ocr_line' id='line_1_37' title="bbox 334 3457 1069 3540; baseline 0.004 -23"><span class='ocrx_word' id='word_1_293' title='bbox 334 3481 392 3540; x_wconf 84' lang='lat' dir='ltr'><strong>que</strong></span> <span class='ocrx_word' id='word_1_294' title='bbox 415 3459 528 3518; x_wconf 82' lang='lat' dir='ltr'><strong>iniuste</strong></span> <span class='ocrx_word' id='word_1_295' title='bbox 551 3459 731 3536; x_wconf 77' lang='lat' dir='ltr'><strong>exiguntur,</strong></span> <span class='ocrx_word' id='word_1_296' title='bbox 752 3457 925 3539; x_wconf 72' lang='lat' dir='ltr'><strong>qiiidfleri</strong></span> <span class='ocrx_word' id='word_1_297' title='bbox 948 3459 1069 3521; x_wconf 78' lang='lat' dir='ltr'><strong>debeat.</strong></span> 
     </span>
    </p>

    <p class='ocr_par' dir='ltr' id='par_1_14' title="bbox 135 3539 1280 4366">
     <span class='ocr_line' id='line_1_38' title="bbox 218 3539 1268 3624; baseline 0.006 -22"><span class='ocrx_word' id='word_1_298' title='bbox 218 3541 360 3602; x_wconf 76' lang='lat' dir='ltr'><strong>CClJV.</strong></span> <span class='ocrx_word' id='word_1_299' title='bbox 403 3543 451 3600; x_wconf 88' lang='lat' dir='ltr'><strong>De</strong></span> <span class='ocrx_word' id='word_1_300' title='bbox 474 3540 612 3600; x_wconf 86' lang='lat' dir='ltr'><strong>teloneis</strong></span> <span class='ocrx_word' id='word_1_301' title='bbox 632 3539 735 3618; x_wconf 82' lang='lat' dir='ltr'><strong>placet</strong></span> <span class='ocrx_word' id='word_1_302' title='bbox 758 3539 848 3599; x_wconf 89' lang='lat' dir='ltr'><strong>nobis</strong></span> <span class='ocrx_word' id='word_1_303' title='bbox 865 3541 918 3619; x_wconf 83' lang='lat' dir='ltr'><strong>ita,</strong></span> <span class='ocrx_word' id='word_1_304' title='bbox 942 3551 977 3602; x_wconf 93' lang='lat' dir='ltr'><strong>ut</strong></span> <span class='ocrx_word' id='word_1_305' title='bbox 990 3543 1119 3624; x_wconf 86' lang='lat' dir='ltr'><strong>antiqua</strong></span> <span class='ocrx_word' id='word_1_306' title='bbox 1137 3553 1170 3605; x_wconf 86' lang='lat' dir='ltr'><strong>et</strong></span> <span class='ocrx_word' id='word_1_307' title='bbox 1186 3545 1268 3608; x_wconf 88' lang='lat' dir='ltr'><strong>iusta</strong></span> 
     </span>
     <span class='ocr_line' id='line_1_39' title="bbox 135 3620 1268 3708; baseline 0.004 -25"><span class='ocrx_word' id='word_1_308' title='bbox 135 3620 264 3684; x_wconf 76' lang='lat' dir='ltr'><strong>telonea</strong></span> <span class='ocrx_word' id='word_1_309' title='bbox 285 3647 301 3682; x_wconf 90' lang='lat' dir='ltr'><strong>a</strong></span> <span class='ocrx_word' id='word_1_310' title='bbox 323 3623 574 3704; x_wconf 81' lang='lat' dir='ltr'><strong>negotiatoribus</strong></span> <span class='ocrx_word' id='word_1_311' title='bbox 602 3623 791 3700; x_wconf 79' lang='lat' dir='ltr'><strong>exigantur,</strong></span> <span class='ocrx_word' id='word_1_312' title='bbox 817 3633 881 3682; x_wconf 82' lang='lat' dir='ltr'><strong>lam</strong></span> <span class='ocrx_word' id='word_1_313' title='bbox 909 3625 948 3684; x_wconf 89' lang='lat' dir='ltr'><strong>de</strong></span> <span class='ocrx_word' id='word_1_314' title='bbox 977 3626 1145 3704; x_wconf 88' lang='lat' dir='ltr'><strong>pontibus,</strong></span> <span class='ocrx_word' id='word_1_315' title='bbox 1172 3649 1268 3708; x_wconf 88' lang='lat' dir='ltr'><strong>qnam</strong></span> 
     </span>
     <span class='ocr_line' id='line_1_40' title="bbox 137 3704 1268 3788; baseline 0.006 -23"><span class='ocrx_word' id='word_1_316' title='bbox 137 3706 176 3765; x_wconf 89' lang='lat' dir='ltr'><strong>de</strong></span> <span class='ocrx_word' id='word_1_317' title='bbox 199 3707 354 3788; x_wconf 78' lang='lat' dir='ltr'><strong>navigiis,</strong></span> <span class='ocrx_word' id='word_1_318' title='bbox 375 3727 431 3766; x_wconf 87' lang='lat' dir='ltr'><strong>seu</strong></span> <span class='ocrx_word' id='word_1_319' title='bbox 453 3704 609 3765; x_wconf 87' lang='lat' dir='ltr'><strong>mercatis.</strong></span> <span class='ocrx_word' id='word_1_320' title='bbox 657 3705 742 3763; x_wconf 82' lang='lat' dir='ltr'><strong>Nova</strong></span> <span class='ocrx_word' id='word_1_321' title='bbox 766 3727 842 3765; x_wconf 89' lang='lat' dir='ltr'><strong>vero</strong></span> <span class='ocrx_word' id='word_1_322' title='bbox 869 3705 937 3766; x_wconf 85' lang='lat' dir='ltr'><strong>sive</strong></span> <span class='ocrx_word' id='word_1_323' title='bbox 966 3706 1103 3782; x_wconf 88' lang='lat' dir='ltr'><strong>iniusta,</strong></span> <span class='ocrx_word' id='word_1_324' title='bbox 1134 3710 1188 3768; x_wconf 87' lang='lat' dir='ltr'><strong>ubi</strong></span> <span class='ocrx_word' id='word_1_325' title='bbox 1217 3713 1268 3772; x_wconf 82' lang='lat' dir='ltr'><strong>vel</strong></span> 
     </span>
     <span class='ocr_line' id='line_1_41' title="bbox 136 3785 1269 3870; baseline 0.006 -23"><span class='ocrx_word' id='word_1_326' title='bbox 136 3790 231 3849; x_wconf 76' lang='lat' dir='ltr'><strong>funes</strong></span> <span class='ocrx_word' id='word_1_327' title='bbox 249 3789 438 3862; x_wconf 86' lang='lat' dir='ltr'><strong>tenduntur,</strong></span> <span class='ocrx_word' id='word_1_328' title='bbox 460 3788 511 3848; x_wconf 83' lang='lat' dir='ltr'><strong>vel</strong></span> <span class='ocrx_word' id='word_1_329' title='bbox 529 3809 601 3846; x_wconf 89' lang='lat' dir='ltr'><strong>eum</strong></span> <span class='ocrx_word' id='word_1_330' title='bbox 626 3785 760 3846; x_wconf 85' lang='lat' dir='ltr'><strong>navibn&#39;s</strong></span> <span class='ocrx_word' id='word_1_331' title='bbox 781 3789 839 3847; x_wconf 87' lang='lat' dir='ltr'><strong>sub</strong></span> <span class='ocrx_word' id='word_1_332' title='bbox 859 3789 1008 3868; x_wconf 88' lang='lat' dir='ltr'><strong>pontibus</strong></span> <span class='ocrx_word' id='word_1_333' title='bbox 1031 3791 1192 3870; x_wconf 84' lang='lat' dir='ltr'><strong>transitur,</strong></span> <span class='ocrx_word' id='word_1_334' title='bbox 1212 3815 1269 3854; x_wconf 86' lang='lat' dir='ltr'><strong>seu</strong></span> 
     </span>
     <span class='ocr_line' id='line_1_42' title="bbox 135 3870 1269 3953; baseline 0.004 -23"><span class='ocrx_word' id='word_1_335' title='bbox 135 3870 187 3930; x_wconf 87' lang='lat' dir='ltr'><strong>his</strong></span> <span class='ocrx_word' id='word_1_336' title='bbox 207 3871 324 3932; x_wconf 88' lang='lat' dir='ltr'><strong>similia</strong></span> <span class='ocrx_word' id='word_1_337' title='bbox 344 3871 376 3928; x_wconf 89' lang='lat' dir='ltr'><strong>in</strong></span> <span class='ocrx_word' id='word_1_338' title='bbox 394 3871 510 3952; x_wconf 88' lang='lat' dir='ltr'><strong>quibus</strong></span> <span class='ocrx_word' id='word_1_339' title='bbox 524 3871 651 3928; x_wconf 88' lang='lat' dir='ltr'><strong>nullum</strong></span> <span class='ocrx_word' id='word_1_340' title='bbox 670 3870 867 3930; x_wconf 87' lang='lat' dir='ltr'><strong>adiutorium</strong></span> <span class='ocrx_word' id='word_1_341' title='bbox 883 3871 1269 3953; x_wconf 83' lang='lat' dir='ltr'><strong>iterantibuspraestatur,</strong></span> 
     </span>
     <span class='ocr_line' id='line_1_43' title="bbox 138 3952 1270 4037; baseline 0.004 -24"><span class='ocrx_word' id='word_1_342' title='bbox 138 3974 203 4013; x_wconf 92' lang='lat' dir='ltr'><strong>nou</strong></span> <span class='ocrx_word' id='word_1_343' title='bbox 221 3953 401 4032; x_wconf 75' lang='lat' dir='ltr'><strong>exigantur.</strong></span> <span class='ocrx_word' id='word_1_344' title='bbox 444 3953 601 4013; x_wconf 86' lang='lat' dir='ltr'><strong>Similiter</strong></span> <span class='ocrx_word' id='word_1_345' title='bbox 619 3952 713 4014; x_wconf 85' lang='lat' dir='ltr'><strong>etiam</strong></span> <span class='ocrx_word' id='word_1_346' title='bbox 729 3953 839 4014; x_wconf 77' lang='lat' dir='ltr'><strong>unedo</strong></span> <span class='ocrx_word' id='word_1_347' title='bbox 854 3953 906 4012; x_wconf 87' lang='lat' dir='ltr'><strong>his</strong></span> <span class='ocrx_word' id='word_1_348' title='bbox 926 3953 981 4032; x_wconf 91' lang='lat' dir='ltr'><strong>qui</strong></span> <span class='ocrx_word' id='word_1_349' title='bbox 999 3955 1068 4013; x_wconf 86' lang='lat' dir='ltr'><strong>sine</strong></span> <span class='ocrx_word' id='word_1_350' title='bbox 1084 3957 1270 4037; x_wconf 77' lang='lat' dir='ltr'><strong>negotiandi</strong></span> 
     </span>
     <span class='ocr_line' id='line_1_44' title="bbox 137 4035 1269 4120; baseline 0 -22"><span class='ocrx_word' id='word_1_351' title='bbox 137 4060 230 4099; x_wconf 87' lang='lat' dir='ltr'><strong>causa</strong></span> <span class='ocrx_word' id='word_1_352' title='bbox 248 4035 454 4097; x_wconf 87' lang='lat' dir='ltr'><strong>substantiam</strong></span> <span class='ocrx_word' id='word_1_353' title='bbox 476 4057 564 4096; x_wconf 62' lang='lat' dir='ltr'><strong>susim</strong></span> <span class='ocrx_word' id='word_1_354' title='bbox 583 4035 621 4095; x_wconf 82' lang='lat' dir='ltr'><strong>de</strong></span> <span class='ocrx_word' id='word_1_355' title='bbox 640 4058 703 4094; x_wconf 89' lang='lat' dir='ltr'><strong>uua</strong></span> <span class='ocrx_word' id='word_1_356' title='bbox 725 4035 819 4096; x_wconf 72' lang='lat' dir='ltr'><strong>(loma</strong></span> <span class='ocrx_word' id='word_1_357' title='bbox 844 4058 899 4095; x_wconf 86' lang='lat' dir='ltr'><strong>sua</strong></span> <span class='ocrx_word' id='word_1_358' title='bbox 917 4037 954 4095; x_wconf 86' lang='lat' dir='ltr'><strong>ad</strong></span> <span class='ocrx_word' id='word_1_359' title='bbox 976 4037 1069 4094; x_wconf 74' lang='lat' dir='ltr'><strong>ailiam</strong></span> <span class='ocrx_word' id='word_1_360' title='bbox 1088 4049 1139 4098; x_wconf 85' lang='lat' dir='ltr'><strong>aul</strong></span> <span class='ocrx_word' id='word_1_361' title='bbox 1158 4040 1197 4098; x_wconf 91' lang='lat' dir='ltr'><strong>ad</strong></span> <span class='ocrx_word' id='word_1_362' title='bbox 1220 4063 1269 4120; x_wconf 81' lang='lat' dir='ltr'><strong>pa-</strong></span> 
     </span>
     <span class='ocr_line' id='line_1_45' title="bbox 137 4119 1280 4200; baseline 0.001 -21"><span class='ocrx_word' id='word_1_363' title='bbox 137 4121 252 4182; x_wconf 90' lang='lat' dir='ltr'><strong>latium</strong></span> <span class='ocrx_word' id='word_1_364' title='bbox 270 4129 325 4178; x_wconf 90' lang='lat' dir='ltr'><strong>ant</strong></span> <span class='ocrx_word' id='word_1_365' title='bbox 347 4120 379 4178; x_wconf 92' lang='lat' dir='ltr'><strong>in</strong></span> <span class='ocrx_word' id='word_1_366' title='bbox 403 4120 580 4179; x_wconf 83' lang='lat' dir='ltr'><strong>exercitum</strong></span> <span class='ocrx_word' id='word_1_367' title='bbox 607 4119 741 4179; x_wconf 87' lang='lat' dir='ltr'><strong>ducunt.</strong></span> <span class='ocrx_word' id='word_1_368' title='bbox 786 4120 817 4178; x_wconf 75' lang='lat' dir='ltr'><strong>si</strong></span> <span class='ocrx_word' id='word_1_369' title='bbox 848 4119 927 4200; x_wconf 90' lang='lat' dir='ltr'><strong>quid</strong></span> <span class='ocrx_word' id='word_1_370' title='bbox 957 4140 1035 4179; x_wconf 77' lang='lat' dir='ltr'><strong>varo</strong></span> <span class='ocrx_word' id='word_1_371' title='bbox 1061 4119 1159 4180; x_wconf 84' lang='lat' dir='ltr'><strong>luerit</strong></span> <span class='ocrx_word' id='word_1_372' title='bbox 1185 4124 1280 4185; x_wconf 86' lang='lat' dir='ltr'><strong>unde·</strong></span> 
     </span>
     <span class='ocr_line' id='line_1_46' title="bbox 138 4200 1272 4282; baseline 0 -19"><span class='ocrx_word' id='word_1_373' title='bbox 138 4203 316 4274; x_wconf 84' lang='lat' dir='ltr'><strong>dubitetur,</strong></span> <span class='ocrx_word' id='word_1_374' title='bbox 337 4203 375 4262; x_wconf 85' lang='lat' dir='ltr'><strong>ad</strong></span> <span class='ocrx_word' id='word_1_375' title='bbox 394 4201 547 4282; x_wconf 88' lang='lat' dir='ltr'><strong>placitum</strong></span> <span class='ocrx_word' id='word_1_376' title='bbox 572 4212 737 4277; x_wconf 87' lang='lat' dir='ltr'><strong>nostrum,</strong></span> <span class='ocrx_word' id='word_1_377' title='bbox 759 4201 847 4282; x_wconf 85' lang='lat' dir='ltr'><strong>qnod</strong></span> <span class='ocrx_word' id='word_1_378' title='bbox 871 4221 944 4262; x_wconf 88' lang='lat' dir='ltr'><strong>cum</strong></span> <span class='ocrx_word' id='word_1_379' title='bbox 965 4200 1068 4264; x_wconf 85' lang='lat' dir='ltr'><strong>Missis</strong></span> <span class='ocrx_word' id='word_1_380' title='bbox 1088 4205 1204 4266; x_wconf 81' lang='lat' dir='ltr'><strong>uostris</strong></span> <span class='ocrx_word' id='word_1_381' title='bbox 1221 4205 1272 4268; x_wconf 83' lang='lat' dir='ltr'><strong>ba·</strong></span> 
     </span>
     <span class='ocr_line' id='line_1_47' title="bbox 138 4283 879 4366; baseline -0.008 -18"><span class='ocrx_word' id='word_1_382' title='bbox 138 4283 239 4348; x_wconf 83' lang='lat' dir='ltr'><strong>bituri</strong></span> <span class='ocrx_word' id='word_1_383' title='bbox 261 4307 380 4364; x_wconf 87' lang='lat' dir='ltr'><strong>sumus,</strong></span> <span class='ocrx_word' id='word_1_384' title='bbox 396 4284 622 4366; x_wconf 78' lang='lat' dir='ltr'><strong>interrogetur.</strong></span> <span class='ocrx_word' id='word_1_385' title='bbox 664 4283 748 4348; x_wconf 74' lang='lat' dir='ltr'><strong>reid.</strong></span> <span class='ocrx_word' id='word_1_386' title='bbox 771 4305 796 4345; x_wconf 83' lang='lat' dir='ltr'><strong>c.</strong></span> <span class='ocrx_word' id='word_1_387' title='bbox 825 4305 879 4344; x_wconf 79' lang='lat'><strong>12.-</strong></span> 
     </span>
    </p>
   </div>
   <div class='ocr_carea' id='block_1_9' title="bbox 0 0 1479 4984">
    <p class='ocr_par' dir='ltr' id='par_1_15' title="bbox 0 0 1479 4984">
     <span class='ocr_line' id='line_1_48' title="bbox 0 0 1479 4984; baseline 0 0"><span class='ocrx_word' id='word_1_388' title='bbox 0 0 1479 4984; x_wconf 95' lang='lat' dir='ltr'><strong> </strong></span> 
     </span>
    </p>
   </div>
  </div>
 </body>
</html>
