2926 4986
519 298 634 356 utera
670 255 872 356 summus.
1171 253 1240 354 in

105 435 156 500 Dc
179 435 228 498 leis
256 437 311 520 qui
339 439 374 500 in
403 435 628 523 blasphemiam
656 439 787 504 alterius
811 439 951 523 aliquam
982 439 1170 522 scripturam
1192 441 1247 502 rel·

282 575 284 580 .
347 523 471 582 cantica
489 524 724 608 composuerint
736 523 791 584 uel
809 523 1018 600 cantaverint.
1268 525 1273 536 '

190 621 257 714 CC.
299 651 341 711 Hi
362 651 473 734 quiin
494 651 738 736 blasphemiam
752 652 884 720 alterius
905 649 1034 714 ¹cantici
1059 671 1246 735 composue-

105 735 186 814 rint,
206 735 259 802 vel
280 733 337 815 qui
355 734 533 812 cantaverit
565 757 613 812 ea,
642 746 733 798 extra
757 728 906 796 ordi-nem
934 732 1141 804 vindicetur5
1172 757 1247 796 nam

107 819 164 879 lex
188 816 316 878 exiliari
333 816 423 878 iubet
444 838 498 878 eos
517 818 575 899 qui
596 818 726 882 libellos
745 820 880 883 famosos
895 815 1083 898 excogitant
1100 825 1155 877 aut
1168 839 1247 901 pro-

11 965 12 970 ,
105 909 246 984 ponunt.
287 896 426 960 Notatur
444 899 574 960 infamia
595 902 796 985 quicunque„
823 901 902 978 dum
927 893 1246 981 appellatlludieem,

10 1049 11 1052 Ἴ
106 983 290 1044 convitium
314 981 443 1046 dixerit.
486 985 557 1045 Non
576 991 702 1046 tautum
724 985 751 1046 is
771 983 829 1068 qui
848 982 1057 1049 maledictum
1081 992 1137 1044 aut
1164 991 1253 1044 con-'
1298 1059 1300 1064 Α
1361 981 1364 988 ’

10 1075 11 1136 j
106 1065 226 1127 vitium
246 1065 375 1143 dixerit,
396 1065 534 1127 famosus
553 1065 702 1144 efficitur,
722 1067 778 1129 sed
800 1075 832 1128 et
845 1067 872 1128 is
891 1057 984 1142 cuius
1009 1056 1247 1134 consiliosfac·

10 1157 12 1164 “
111 1157 181 1208 tum
201 1167 269 1208 esse
289 1147 440 1232 patuerit.
493 1147 633 1232 Capitul:
648 1173 675 1215 a.
691 1151 760 1232 744.
778 1169 805 1209 c.
826 1150 871 1214 15.

110 1257 201 1364 Quid
213 1277 253 1339 de
266 1274 492 1350 Sacerdotibus
508 1277 556 1339 vel
584 1278 706 1422 Levp‘ltis
736 1278 780 1376 de
801 1299 835 1340 se
865 1281 985 1340 crimen
1015 1271 1247 1359 confitentibus

568 1381 647 1442 agen
666 1374 802 1440 umen.
1192 1397 1195 1406 «
1227 1413 1229 1417 ,

195 1464 279 1532 CCI.
321 1468 365 1528 ut
382 1435 539 1530 Saceidos
554 1469 608 1532 vel
625 1463 738 1532 Levita
762 1465 820 1551 qui
843 1454 883 1530 de
904 1487 939 1530 se
960 1467 1084 1534 crimen
1114 1467 1247 1556 aliquod

10 1543 11 1618 J
109 1548 294 1628 confitetur,
310 1549 501 1634 deponatur.

114 1678 157 1743 Ut
175 1679 278 1740 nullus
299 1679 473 1758 Presbyter
481 1675 606 1765 publice
621 1679 841 1766 poenitentes,
869 1683 1046 1750 inconsulto
1069 1680 1253 1767 Episcopo,-

110 1763 316 1824 reconciliare
336 1761 460 1824 audeat.
502 1763 546 1824 Et
569 1777 603 1823 ut
625 1785 731 1824 onanes
742 1765 868 1849 publice
878 1769 1075 1849 poenitentes
1092 1774 1126 1826 in
1138 1766 1246 1827 ¹Coeum

110 1847 243 1909 Domini
260 1843 305 1908 ad
325 1843 517 1931 Episcopum
530 1847 695 1929 proprium
717 1849 925 1920 conueniant,
958 1861 994 1909 ut
1022 1849 1061 1928 alr
1086 1868 1122 1911 eo
1149 1869 1247 1932 cano-

342 1999 344 2002 ·
378 1929 446 1989 nice
463 1928 669 1988 absoluantur
681 1930 736 1989 uel
757 1928 979 1996 diiudicentur.

195 2031 299 2096 CCII.
342 2033 505 2096 statutum
524 2041 572 2094 est
590 2042 623 2094 et
641 2013 675 2093 in
699 2034 816 2096 sanctis
843 2035 1031 2097 Canonibus
1047 2035 1248 2118 prohibitum

11 2119 12 2152 ³
63 2192 65 2198 Α
111 2127 149 2179 ut
167 2117 277 2178 nullus
295 2117 466 2200 Presbyter
477 2118 702 2200 poenitentem
718 2117 859 2200 publice,
870 2118 1056 2182 inconsulto
1071 2119 1247 2203 Episcopo,

112 2199 326 2264 reconciliare
341 2209 533 2282 praesumat,
551 2198 612 2259 nisi
627 2212 727 2262 morte
746 2201 828 2261 forte
845 2201 1094 2282 periclitantem,
1111 2203 1167 2280 sed
1183 2224 1250 2263 om·

115 2304 173 2343 nes
198 2282 329 2367 publice
350 2282 552 2364 poenitentes
584 2283 696 2378 quinta
717 2282 800 2343 feria
828 2293 902 2344 ante
933 2283 1065 2360 Pascha,
1093 2305 1175 2366 quae
1200 2295 1248 2348 est

11 2401 13 2406 ·
114 2367 225 2426 Coena
237 2362 370 2425 Domini
389 2364 430 2424 ad
447 2364 610 2426 civitatem
625 2387 659 2425 ru
677 2364 788 2426 cinere
806 2373 839 2426 et
854 2364 963 2426 cilicio
978 2365 1011 2425 in
1034 2364 1248 2448 praesentiam

111 2446 265 2530 Episcopi
278 2455 436 2528 prostrato
456 2447 549 2508 vultu
566 2447 772 2524 conveniunt,
794 2455 825 2508 et
841 2446 886 2506 ihi
909 2446 949 2507 ab
968 2445 1128 2528 Episcopo
1149 2467 1247 2509 cano-

11 2595 12 2600 *
113 2529 187 2588 nice
211 2538 243 2590 et
263 2528 499 2608 ordinabiliter,
532 2531 616 2592 sicut
640 2529 673 2590 in
703 2529 958 2592 sacramentario
985 2539 1017 2589 et
1045 2529 1077 2586 in
1102 2529 1247 2592 Romano

10 2689 11 2692 Ἴ
114 2611 240 2672 Ordine
263 2610 460 2684 continetur,
483 2613 738 2674 reconcilientur
753 2621 849 2693 atque
876 2608 1117 2686 diiudicentur,
1137 2631 1249 2674 conso·

112 2693 301 2776 lentusque,
315 2697 348 2764 'et
365 2693 592 2776 praedicentur
605 2695 686 2776 quid
708 2695 861 2776 deinceps
882 2714 987 2775 agere,
1006 2693 1126 2773 quidve
1144 2691 1246 2758 vitare

16 2779 22 2791 ”
114 2775 263 2853 debeant,
285 2777 496 2855 instruantur,
514 2787 608 2858 alque
624 2779 758 2860 insuper
781 2776 900 2837 divinis
924 2776 1075 2858 precibus
1103 2796 1163 2856 per
1185 2779 1248 2836 ma-

114 2879 176 2918 nus
194 2857 433 2941 impositionem
451 2859 602 2942 Episcopi
618 2868 782 2920 sanentur.
824 2857 924 2920 Nullo
942 2878 1081 2939 namque
1101 2865 1246 2941 tempore

13 2975 16 2983 ·
112 2939 305 3023 Presbytero
320 2941 353 3000 in
373 2941 503 3023 publice
519 2941 613 3002 Missa
633 2942 856 3024 poenitentem
871 2941 1083 3004 reconciliare
1109 2939 1179 3002 sine
1205 2943 1248 3002 li-

11 3039 13 3070 }
113 3023 385 3106 centiapriscopi
401 3044 589 3102 concessum
607 3034 663 3089 est.
705 3024 740 3085 Si
753 3024 827 3108 quis
847 3023 911 3088 hoe
927 3026 1040 3092 facere.
1059 3044 1248 3110 praesump-

113 3105 203 3190 serit,
222 3105 378 3166 canonica
393 3107 595 3188 correctione
612 3108 777 3168 multetur.

195 3237 245 3296 De
265 3235 396 3298 Clericis
415 3236 470 3297 ael
484 3234 589 3296 Laicis
608 3235 662 3316 qni
674 3256 730 3296 suo
748 3235 905 3320 Episcopo
926 3236 1168 3299 calumniatores

246 3359 247 3364 κ
595 3321 770 3384 extiterint.

195 3415 317 3487 CCIII.
361 3423 484 3508 Siquis
508 3423 653 3488 Clericus
670 3425 722 3484 vel
738 3423 851 3506 Laicus
873 3424 1083 3506 exprobrator
1115 3429 1166 3490 vel
1191 3451 1246 3492 ca-

114 3507 289 3570 lumniator
309 3530 367 3570 suo
382 3508 542 3592 Episcopo
558 3508 712 3583 extiterit,
735 3517 770 3567 ut
782 3507 944 3569 homicida
964 3508 1130 3572 habeatur.
1166 3535 1167 3538 ¹

114 3643 163 3701 De
184 3641 287 3702 causis
305 3640 339 3698 in
357 3638 476 3699 iudicio
496 3635 730 3699 convincendis.
772 3636 815 3697 Et
847 3636 887 3696 cle
915 3641 1067 3708 sententia
1093 3631 1247 3700 adversus

10 3729 20 3740 ”
115 3725 257 3783 absentes
273 3721 478 3805 infirmanda.
520 3721 563 3780 Et
581 3719 621 3778 de
636 3723 738 3781 causis
755 3722 788 3779 in
808 3720 929 3782 'iudicio
950 3742 1012 3780 non
1038 3723 1245 3783 reuoluendis.

114 3805 357 3879 Etutabsentes
375 3825 438 3864 non
455 3803 651 3863 damnentur.
693 3803 737 3862 Et
760 3801 848 3886 quod
870 3803 1010 3863 absentes
1038 3805 1245 3888 puralium,

363 3907 419 3948 nec
437 3905 605 3958 accusare,
627 3905 684 3945 nec
702 3887 845 3945 accusari
857 3885 988 3966 possint.

21 4003 22 4010 ’
124 4009 125 4014 ’
200 3989 317 4052 CCIV.
359 3990 521 4053 Convinci
551 4009 646 4050 nemo
666 3987 771 4071 potest
794 3988 916 4050 indicio
938 3990 1014 4055 ,sine
1036 3990 1168 4050 testibus
1193 3998 1248 4056 aul

114 4073 284 4156 scriptura.
306 4063 308 4068 ¹
327 4073 495 4137 Sententia
513 4071 643 4133 absente
661 4083 751 4157 parte
767 4072 863 4131 alial
885 4073 995 4132 Iudice
1019 4073 1102 4152 data,
1123 4074 1247 4138 nullam

14 4175 24 4207 ἰι
115 4155 244 4218 obtinet
264 4156 454 4218 firmitatem.
496 4157 599 4218 Causa
616 4154 702 4216 inter
721 4163 905 4238 praesentes
929 4153 1069 4216 iudicate
1097 4165 1169 4238 post
1188 4157 1245 4222 de.
1345 4209 1354 4230 ,

18 4253 23 4312 3
115 4238 272 4302 cencium
291 4238 418 4334 revolvi
439 4260 504 4302 non
524 4246 640 4323 potest,
661 4258 721 4328 nec
745 4235 831 4324 inter
859 4236 1007 4330 eluentes
1031 4245 1104 4325 post
1136 4237 1247 4326 vicen-

861 4347 909 4420 46
