2948 4990
218 285 291 362 oto
638 307 925 387 camoenarum
986 262 989 270 ¹

217 449 287 510 rita
310 465 462 508 concessa
479 455 547 525 est,
570 467 647 508 cum
662 449 784 510 iustitia
804 443 976 533 adquirere
991 449 1154 533 potuerit,
1176 448 1210 510 iu
1232 469 1291 512 sua
1312 447 1359 509 li-

217 532 342 593 bertate
356 536 484 605 teneat,
507 537 541 590 et
555 529 707 592 defendat
722 533 901 596 secuudum
921 533 1037 614 legem.
1080 533 1117 593 ln
1135 530 1361 592 testimonium

225 634 305 673 vero
322 633 391 672 non
403 610 615 691 suscipiatur,
638 635 698 676 nec
719 615 804 676 iuter
821 614 974 676 Scabinos
989 615 1094 698 legem
1108 614 1282 676 iudicando
1303 613 1360 674 lo·-

218 717 293 757 cum
315 701 435 757 teneat.
478 695 519 755 Et
536 695 562 755 si
584 695 626 780 ad
645 708 877 758 sacramentum
902 697 1026 779 aliquid
1044 700 1075 759 ei
1090 696 1267 758 iudicatum
1286 696 1362 755 fue·

217 779 262 841 rit
287 777 376 860 quod
395 775 502 837 iurare
520 775 652 856 debeat,
675 779 702 840 si
724 779 842 862 aliquis
862 780 967 862 ipsum
986 787 1221 842 sacramentum
1236 778 1360 838 falsum

217 862 329 924 dicere
349 858 510 938 voluerit,
532 879 607 922 cum
625 861 719 924 armis
747 863 929 928 contendat.
957 863 1036 950 ΥΙΙΙ.
1055 861 1106 946 ἵγῑ.

403 987 453 1048 De
474 989 598 1050 bomine
625 989 744 1051 iudicio
761 990 973 1053 Scabinorum
989 991 1140 1052 iudicato.

219 1097 222 1104 '
301 1091 478 1155 ccxcvi.
520 1093 554 1155 Si
586 1094 685 1155 alicui
704 1095 948 1178 postiudieium
964 1093 1289 1156 Scabinorumfuerit
1310 1086 1359 1158 vi·

218 1187 252 1240 ta
273 1197 443 1253 concessa,
466 1186 498 1236 et
511 1175 579 1258 ipse
606 1179 810 1259 postmodum
830 1179 938 1260 aliqua
952 1178 1034 1251 mala
1051 1178 1300 1262 perpetraverit,
1325 1187 1359 1238 et

219 1259 375 1321 iustitium
395 1259 531 1320 reddere
548 1260 708 1337 noluerit,
730 1260 868 1322 dicendo
886 1261 974 1342 quod
987 1272 1131 1322 mortuus
1155 1260 1215 1337 sit,
1238 1260 1358 1336 etideo

219 1343 375 1404 iustitiam
390 1341 526 1402 reddere
550 1363 615 1402 non
636 1343 771 1420 debeat,
792 1353 947 1403 statutum
972 1353 1019 1404 est
1040 1354 1076 1404 ut
1097 1343 1244 1426 superius
1266 1341 1360 1402 iudi-

220 1427 307 1487 cium
325 1423 481 1484 sustineat
498 1426 587 1504 quod
604 1435 697 1485 antea
714 1426 873 1486 sustinere
895 1426 1015 1487 debuit.
1056 1425 1141 1488 Etsi
1160 1423 1277 1507 aliquis
1297 1425 1360 1484 ad-

219 1528 333 1569 versus
353 1527 427 1566 eum
443 1505 567 1588 aliquid
585 1508 660 1568 mali
677 1508 808 1586 fecerit,
829 1509 1007 1569 secundum
1022 1507 1191 1591 aequitatis
1205 1507 1359 1566 ordinem

220 1588 387 1650 licentiam
405 1587 517 1648 babeat
533 1612 623 1652 suam
640 1590 794 1650 iustitiam
804 1590 994 1672 requirendi
1010 1592 1049 1651 de
1061 1611 1155 1652 eausa
1170 1598 1358 1672 perpetrata

221 1682 391 1756 postquam
412 1671 452 1730 ad
477 1681 613 1734 mortem
631 1672 791 1734 iudicatus
809 1683 866 1738 est.
908 1675 958 1734 De
979 1675 1161 1756 praeteritis
1186 1689 1263 1733 vero
1286 1693 1358 1731 ma-

223 1763 299 1816 neat
317 1753 401 1814 sicut
415 1775 511 1836 supra
529 1754 706 1817 iudicatum
719 1755 792 1822 fuit.
832 1760 899 1821 III.
920 1756 972 1833 48.

264 1885 315 1946 De
334 1903 370 1943 eo
391 1884 446 1965 qui
464 1883 847 2028 latronemsorbppnitum
861 1883 994 1971 recipit,
1016 1885 1080 1945 sive
1095 1903 1222 1958 servus,
1244 1884 1314 1944 sive

684 1989 686 1996 ’
714 1971 725 2026 i
747 1987 783 2026 er
809 1969 859 2028 eit.

305 2068 492 2132 CCXCVII.
541 2069 590 2128 De
606 2069 731 2131 latrone
750 2069 953 2150 forbannito,
974 2071 1059 2132 liber
1078 2070 1174 2134 homo
1197 2071 1255 2156 qui
1279 2095 1355 2134 eum

189 2177 191 2186 ’
223 2151 403 2234 susceperit
419 2149 606 2230 quindecim
627 2153 745 2213 solidos
757 2154 934 2236 persolvat,
956 2175 1066 2218 servus
1088 2166 1219 2218 centum
1233 2156 1355 2239 viginti

225 2235 310 2308 ictu's
333 2232 479 2316 accipiat.
521 2238 589 2293 III.
608 2235 660 2317 49.
842 2241 846 2248 ’

222 2343 272 2402 De
293 2340 411 2402 Cornite
428 2340 484 2421 qui
497 2337 651 2398 latronem
669 2340 702 2398 in
709 2337 904 2420 forbannum
918 2343 1056 2421 miserit,
1087 2356 1122 2406 ut
1140 2343 1214 2404 aliis
1237 2345 1357 2406 vicinis
1450 2379 1451 2424 3

571 2421 743 2481 Comitibus
764 2435 870 2482 notum
884 2422 998 2504 faciat.
1102 2459 1104 2468 ‚
1136 2419 1140 2425 ’
1450 2441 1451 2450 ’

300 2515 508 2590 CCXCVIII.
563 2527 606 2584 Ut
629 2526 743 2586 Comes
761 2525 816 2609 qui
835 2527 992 2589 latronem
1014 2528 1048 2590 in
1077 2531 1271 2592 forbannum
1294 2530 1358 2590 mi-

223 2609 322 2688 serit,
345 2607 462 2672 ricinis
478 2608 544 2668 suis
562 2608 740 2669 Comitibus
755 2619 867 2668 notum
886 2611 982 2672 faciet
1000 2614 1138 2674 eundem
1163 2615 1323 2674 latronem
1339 2615 1357 2674 d

222 2716 256 2759 se
275 2714 343 2756 esse
368 2691 610 2768 forbannitum,
634 2700 670 2751 ut
688 2691 740 2751 illi
757 2712 832 2752 eum
854 2713 919 2752 nou
937 2693 1105 2780 recipiant.
1147 2701 1214 2758 III·
1237 2697 1287 2762 50.

199 2837 200 2840 ’
221 2827 271 2888 De
297 2825 346 2884 bis
367 2824 422 2905 qui
437 2823 570 2881 terrenis
589 2821 800 2880 mercimoniis
815 2821 979 2894 insistunt,
1013 2825 1161 2904 armagis
1185 2827 1224 2887 ob
1243 2846 1356 2909 super·
1450 2829 1451 2852 ³

222 2929 280 2971 noe
301 2908 386 2967 uitae
407 2903 619 2981 desiderium,
645 2922 738 2984 quam
755 2923 815 2985 pro
840 2904 975 2963 humana
1003 2907 1193 2980 ambitione)
1218 2907 1354 2988 saciant.

306 3009 479 3074 CCXCIX.
520 3009 650 3070 Placuit
668 3017 704 3068 ut
718 3009 952 3070 admoneantur
966 3031 1075 3074 omues
1091 3012 1201 3072 fideles
1222 3011 1277 3092 qui
1298 3033 1355 3072 ue·
1374 3057 1378 3064 -

223 3094 317 3180 gotiis
333 3115 369 3155 ac
388 3091 639 3153 mercationibus
653 3111 762 3151 rerum
781 3091 969 3174 invigilant,
990 3103 1111 3154 utnon
1136 3095 1208 3176 plus
1226 3104 1355 3155 terrena

143 3241 146 3250 ,
223 3181 316 3240 lucra
331 3174 435 3258 'quam
455 3175 553 3236 vitam
572 3173 704 3256 cupiant
718 3174 962 3256 sempiternam
987 3176 1135 3258 namqui
1155 3177 1228 3259 plus
1245 3177 1358 3238 dere·

221 3261 283 3322 bus
303 3257 461 3336 terrenis,
483 3257 636 3338 quamde
654 3255 777 3316 animae
801 3278 876 3317 suae
900 3258 1022 3336 salute,
1052 3259 1187 3342 cogitat,
1224 3257 1357 3320 valdeai

222 3343 277 3408 via
296 3339 440 3402 veritatis
456 3340 602 3417 aberrat,
625 3349 658 3399 et
672 3337 760 3398 iuxta
778 3340 948 3421 quemdam
972 3341 1149 3422 sapientem
1167 3341 1200 3399 in
1220 3341 1285 3402 vita
1300 3361 1357 3400 sua
1450 3397 1451 3404 ,

221 3425 332 3511 perdit
352 3421 463 3482 intima
487 3445 553 3483 sua.
595 3421 852 3502 Sequeudusest
871 3422 958 3483 enim
986 3423 1018 3482 in
1046 3422 1106 3484 hae
1135 3433 1244 3506 parte,
1273 3423 1357 3483 sieut
1450 3409 1451 3478 ἶ

23 3527 24 3600 ᾗ
118 3565 119 3571 ,
224 3519 258 3570 et
279 3507 313 3566 in
335 3505 489 3581 caeteris,
511 3503 704 3587 apostolicus
722 3526 845 3582 sermo,
868 3505 924 3586 qui
943 3506 1005 3577 uit3
1027 3503 1071 3564 Et
1090 3526 1128 3564 ne
1154 3507 1223 3588 quis
1244 3525 1353 3588 super·
1450 3503 1451 3576 i

221 3589 389 3674 grediarur
403 3607 502 3670 neque
522 3587 748 3647 circumveniat
768 3587 802 3646 in
815 3587 938 3666 negotio
949 3587 1089 3666 fratrem
1103 3607 1211 3646 suum:
1231 3583 1354 3646 uindex
1450 3583 1451 3658 ἶ

224 3677 271 3734 eit
291 3673 374 3732 enim
397 3671 486 3730 Deus
506 3668 545 3728 de
570 3668 619 3726 bis
638 3669 790 3729 omnibus.
824 3669 913 3729 Sicut
930 3670 968 3729 ab
990 3669 1041 3730 bis
1060 3668 1117 3750 qui
1141 3669 1246 3729 labori
1269 3689 1357 3749 agro·
1450 3667 1451 3722 t

224 3777 298 3818 rum
311 3763 343 3816 et
358 3751 491 3813 caeteris
517 3750 680 3812 laboribus
695 3749 818 3811 victum
838 3761 933 3832 atque
947 3752 1108 3828 vestitum,
1132 3760 1165 3812 et
1178 3749 1356 3812 necessaria

224 3834 506 3912 usibusbumanis‚
516 3832 687 3912 adquirere
696 3832 863 3893 anbiantes
876 3836 1006 3911 instant,
1022 3833 1164 3894 decimae
1177 3843 1210 3895 et
1221 3833 1358 3894 eleemo-

224 3941 321 4006 synae
331 3919 454 3979 dandae
467 3925 553 3994 sunt,
562 3916 604 3974 ita
612 3915 662 3976 bis
673 3936 803 3998 quoque
814 3915 870 3998 qui
886 3938 945 3999 pro
959 3915 1199 3977 necessitatibus
1221 3915 1357 3996 negotiis

225 4003 399 4079 insistunt,
421 3999 607 4060 faciendum
628 4009 684 4064 est.
707 3999 891 4080 Unicuique
912 3999 1036 4059 bomini
1046 4001 1136 4060 Deus
1154 3998 1243 4059 dedit
1258 4007 1357 4057 artem
1450 4037 1451 4072 4

226 4109 292 4170 qua
318 4085 477 4168 pascitur,
500 4090 532 4152 et
558 4079 780 4163 unnsquisque
797 4082 837 4141 de
855 4090 922 4142 arte
953 4103 1028 4160 sua,
1058 4083 1097 4142 de
1122 4103 1187 4164 qna
1215 4079 1357 4162 corporis
1450 4117 1451 4170 ;

227 4167 407 4230 necessaria
430 4167 483 4229 rel
506 4165 649 4226 subsidia
666 4163 783 4242 babet,
806 4163 930 4225 animae
960 4184 1109 4248 quoque,
1144 4162 1234 4248 quod
1259 4161 1356 4245 magis

228 4249 443 4314 necessarium
465 4253 538 4329 est‚'
557 4247 735 4314 subsidium
751 4246 972 4311 administrare
995 4245 1100 4310 debet.
1293 4268 1295 4274 ’
