2948 4990
504 349 620 410 usca
655 349 814 416 sexsus.
1156 353 1239 432 ,593

212 491 317 553 tausis
350 511 413 554 non
444 491 650 554 terminandis
699 494 770 576 547.
800 495 897 581 Quod
912 503 986 566 laaec
1006 507 1048 570 sit
1064 533 1143 574 aera
1160 520 1244 579 cari·

208 575 390 656 priusquam
437 594 479 634 ex
519 589 650 657 utraque
802 592 850 639 tas
866 603 929 663 qaia
946 589 1239 658 DeusProximus.

211 669 304 739 parte
302 655 453 738 fideliter
465 655 648 730 audiantur,
799 681 858 743 que
878 665 1030 748 diligitur.
1071 676 1114 738 Et
1136 680 1240 742 idcir-t

213 749 243 796 et
278 739 401 821 pariter
425 758 461 798 ae
483 738 650 820 diligenter
798 764 836 803 co
849 747 1041 834 admouendi
1052 773 1239 826 suntomnes

202 832 450 898 perscrutentur.
798 825 925 890 Fideles
944 848 977 894 ut
991 838 1069 900 hauc
1089 844 1242 905 observa-
1281 869 1292 889 ³

104 897 178 960 555.
203 900 301 982 Quod
318 901 489 974 Dominus,
510 904 566 984 qui
581 905 648 962 ani·
798 928 832 966 re
846 928 963 976 curent.

209 1002 276 1040 mas
289 984 648 1055 laomiuamsaluat,t'mi·
695 983 766 1061 548.
792 987 840 1051 Πίλ
855 1010 965 1057 eontra
987 1015 1154 1064 extraneos
1172 1026 1236 1088 pa-

208 1075 324 1124 tatores
336 1085 393 1125 nos
407 1066 479 1124 velit
491 1087 564 1127 stiae
580 1088 646 1128 esse
695 1065 696 1072 '
797 1078 916 1136 rentela
939 1095 992 1140 aut
1013 1087 1234 1170 propinquitas

207 1146 345 1219 pietatis,
599 1201 601 1208 .
799 1160 1007 1222 testimouium
1016 1162 1236 1231 minimedicat

99 1229 175 1308 554.
196 1229 245 1290 De
256 1230 415 1310 religionis
422 1232 603 1319 periculoab
613 1258 647 1295 u·
694 1231 764 1316 549.
794 1235 910 1300 Contra
924 1247 1068 1322 priorum
1089 1247 1234 1332 definiti·
1300 1271 1303 1278 ’

206 1316 424 1400 niuscuiusque
436 1317 564 1401 pietatis
574 1336 645 1378 con·
796 1339 885 1378 ouem
892 1323 972 1404 filio
986 1330 1039 1388 uel
1050 1331 1160 1391 laeredi
1168 1352 1234 1394 non

206 1397 336 1456 scientia
357 1398 559 1459 removendo.
796 1401 890 1463 licere
909 1409 1021 1470 venire.

97 1473 173 1539 555.
200 1474 244 1536 Ut
259 1499 385 1539 suarum
403 1501 507 1541 rerum
525 1493 557 1540 et
580 1501 644 1544 om·
692 1473 762 1540 350.
783 1481 856 1542 Non
870 1500 916 1546 est
930 1489 1037 1550 danda
1046 1496 1165 1577 passim
1176 1517 1233 1557 aee

204 1561 292 1619 nium
324 1561 538 1622 Ecclesiarum
580 1566 643 1625 sint
793 1568 925 1628 cusandi
946 1574 1000 1632 uel
1011 1576 1168 1658 puniendi
1187 1578 1231 1638 a·-

204 1644 643 1725 communionecontentiquo-
719 1681 726 1686 -
792 1649 903 1708 centia.

204 1745 274 1784 rum
292 1747 385 1784 causa
411 1725 511 1786 adliuc
537 1729 642 1786 termi-
690 1720 761 1788 551.
788 1725 826 1782 Sl
847 1728 978 1809 desure
1002 1740 1072 1818 quis
1090 1743 1231 1803 nescient

204 1805 311 1866 nanda
328 1819 384 1868 esc,
791 1807 916 1892 aliquid
936 1824 1175 1902 comparaverit.

97 1887 172 1950 556.
200 1886 329 1948 Ut·uon
354 1891 495 1950 sinantur
515 1891 643 1951 incurri
689 1884 759 1950 552.
785 1887 833 1949 Ne
874 1895 1082 1980 testificentur
1117 1927 1230 1967 manu-

202 1990 334 2049 quorum
352 1992 444 2031 causa
454 1975 576 2032 incerta
584 1987 639 2036 est.
791 1973 888 2036 missi.

94 2050 167 2131 337.
188 2052 239 2118 De
253 2053 301 2110 lu's
318 2054 372 2133 qui
392 2055 411 2113 a
432 2053 558 2117 sedibus
575 2058 640 2117 suis
689 2047 760 2112 555.
788 2050 827 2111 Si
839 2077 1004 2138 possessor
1019 2089 1079 2148 per
1102 2069 1229 2132 uiolen-

191 2133 327 2214 fuerunt
345 2136 452 2217 pulsi,
483 2149 513 2197 et
534 2138 641 2198 aliiin
790 2137 866 2196 tiam
884 2147 1070 2226 expellatur.

200 2215 329 2276 illorum
355 2217 457 2278 locum
481 2221 641 2281 substituti
689 2213 760 2290 554.
788 2215 826 2275 Si
848 2223 893 2280 acl
912 2225 1125 2310 diripiendum
1146 2236 1230 2318 quis·

200 2306 280 2357 sunt.
792 2319 850 2379 que
868 2307 947 2367 alios
971 2312 1117 2374 invitasse
1137 2337 1229 2401 repe-

96 2378 170 2442 558.
192 2379 242 2438 De
258 2380 306 2440 ln's
317 2382 373 2461 qui
383 2403 447 2442 nou
462 2380 576 2442 delient
588 2403 641 2444 re·
790 2383 901 2446 riatur,

202 2460 273 2520 dire
289 2463 335 2522 aal
345 2464 491 2524 militiam
506 2464 639 2530 secular.
686 2457 757 2538 555.
793 2459 835 2524 Ut
866 2473 967 2531 socios
995 2495 1067 2534 suos
1088 2480 1232 2544 nominet

93 2541 168 2624 559.
197 2543 246 2601 De
268 2546 317 2603 llis
335 2567 412 2628 quos
431 2558 639 2628 oportetma-
790 2547 878 2624 apud
897 2573 986 2632 quem
1002 2577 1077 2636 pars
1097 2563 1227 2643 rupinae

201 2626 265 2684 iori
286 2631 470 2688 auctoritate
483 2648 603 2693 curare.
763 2625 885 2706 fuerit
898 2636 1030 2702 inventa.

93 2705 167 2780 540.
203 2704 245 2766 Ut
268 2729 330 2768 non
354 2713 495 2790 imponat
523 2711 639 2793 aliquis
688 2704 758 2769 556.
787 2708 835 2770 De
853 2714 901 2772 liis
917 2720 972 2799 (μα’
986 2719 1167 2803 diripienda
1181 2725 1227 2783 im

198 2790 295 2850 alicui
311 2791 436 2875 pondus
458 2791 546 2872 quod
570 2795 637 2877 ipse
788 2789 895 2855 dicare
915 2801 1122 2880 reperiuntur.

189 2869 282 2950 ferre
303 2893 366 2932 non
387 2874 501 2934 ualeat.
688 2868 758 2953 557.
787 2873 837 2932 De
857 2899 919 2937 uon
944 2883 1142 2964 suscipienda
1161 2890 1227 2946 cri-

93 2951 167 3028 541.
193 2952 639 3040 Utnullusapostolicassanc·
789 2959 958 3020 minatione
974 2961 1122 3025 adversus
1140 2968 1227 3028 Doc-

198 3037 297 3095 tiones
324 3049 474 3097 temerare
503 3059 637 3123 praesu·
788 3047 1004 3126 torem,'neque
1016 3062 1228 3113 accusatorem

198 3128 272 3177 mat.
789 3119 1226 3196 aduersuseumaudicudum.

92 3197 165 3274 542.
196 3201 245 3259 De
263 3199 404 3262 amicitia
419 3199 652 3282 &familiari-³
687 3194 757 3261 558.
783 3202 832 3260 'Ne
850 3225 928 3264 uuus
952 3206 1128 3294 Episcopus
1151 3235 1226 3294 cog-1

200 3293 263 3341 tate
273 3279 454 3351 seruanda,·
467 3303 571 3365 quam,
583 3285 638 3366 qui
788 3285 938 3346 altionem
957 3290 1019 3350 sibi
1038 3293 1183 3356 vindicet.

197 3362 502 3444 annemundum,
532 3365 635 3447 facile
685 3359 755 3444 559.
786 3363 1225 3452 Utlu'quorumlibertasnes·

197 3456 336 3508 seruant.
645 3501 649 3512 .
786 3449 889 3520 citur,
920 3472 1114 3538 nequaquam
1137 3481 1226 3520 accu-
1292 3491 1295 3506 ⁴

93 3527 165 3603 545.
193 3526 234 3588 Ut
252 3529 371 3587 alienae
382 3532 482 3604 gentis
495 3529 634 3594 homines
782 3544 850 3591 sent
864 3530 1060 3596 Sacerdotes.

196 3609 242 3670 ad
259 3608 443 3670 exercitium
457 3610 635 3671 imbuantur
685 3607 755 3673 560.
778 3609 1226 3684 Utalrsentesnoniudicentur

198 3693 328 3771 legibus.
684 3690 753 3752 361.
783 3695 832 3752 De
851 3698 899 3754 lu's
914 3699 969 3780 qui
978 3697 1069 3779 salsa
1083 3703 1154 3762 aliis
1172 3708 1227 3766 in·

92 3772 164 3853 544.
192 3775 242 3834 De
266 3792 354 3833 servo
376 3795 439 3834 non
459 3774 631 3847 credendo,
786 3791 907 3855 rogant.
968 3851 970 3856 ι

195 3858 224 3914 si
244 3876 339 3937 super
357 3856 493 3938 aliquem
513 3858 632 3918 crimen
683 3853 753 3917 562.
783 3857 830 3916 Ne
847 3861 928 3920 viles
940 3882 1093 3944 personae
1112 3862 1157 3924 aul
1168 3885 1223 3926 ac·

195 3939 354 3998 obiecerit.
538 3969 540 3973 ·
786 3941 956 4001 cusandum
969 3941 1155 4008 Sacerdotes
1168 3948 1225 4010 ad-

92 4018 164 4097 545.
195 4019 236 4080 Ut
250 4033 342 4078 testes
353 4021 572 4098 testimonium,
581 4022 633 4080 ni·
784 4024 956 4084 mittantur.

192 4103 222 4160 si
230 4115 423 4185 praesentes,
440 4123 503 4163 non
513 4101 631 4162 dicant.
682 4101 752 4166 565.
772 4103 820 4164 Ne
836 4104 962 4165 Iudices
977 4127 1103 4170 causam
1109 4130 1225 4195 perso·

93 4183 163 4266 546.
192 4185 241 4243 De
255 4183 358 4266 pactis
372 4196 402 4244 et
413 4183 541 4271 placitis
554 4205 630 4248 core·
784 4206 841 4245 nae
861 4187 996 4247 absentis
1021 4211 1078 4252 sua
1097 4205 1222 4257 seuten-

195 4263 373 4336 servaudis,
785 4268 830 4328 tia
841 4285 1051 4352 praesumant.

887 4379 935 4453 38
