2926 4984
552 295 668 366 ιιιιι
687 251 845 356 ssxsos.

162 459 209 502 ιο.
241 438 291 500 De
318 441 367 500 tu's
392 439 448 524 qai
471 440 572 509 rixati
599 440 683 500 inter

241 543 274 582 se
285 521 424 604 fuerint,
447 536 477 582 et
492 523 682 608 percusserit

241 605 322 665 alter
342 606 483 665 alterum.

162 706 210 750 11.
242 687 291 746 De
308 708 343 746 co
361 689 416 770 qui
420 687 610 771 percusserit
619 705 683 746 ser·

240 791 316 828 vum
347 791 434 828 suum
458 770 512 830 vel
535 768 682 828 ancillam

243 849 349 933 lapide
360 852 414 910 vel
424 853 525 932 virga,
547 863 577 911 ei
595 869 685 912 mor-

243 934 289 992 tui
299 931 435 1012 suerint.

163 1035 212 1075 12.
246 1014 287 1075 Ut
307 1019 335 1074 si
349 1016 448 1098 aliqui
466 1017 550 1076 inter
565 1032 597 1071 se
609 1007 684 1090 fao·

243 1099 309 1156 rint
330 1100 447 1172 rixati,
471 1111 501 1157 et
518 1113 682 1179 percusse-

241 1181 284 1240 rit
302 1201 345 1240 eac
372 1181 416 1238 eis
435 1180 548 1262 aliquis
571 1175 695 1235 mvlic·'

245 1281 311 1322 rem
327 1276 559 1342 praegnantem.

163 1343 211 1404 ι5.
234 1342 331 1420 Quod
366 1346 394 1402 si
424 1345 539 1404 mulier
560 1352 684 1400 mortua

231 1427 354 1508 fucrit,
386 1425 500 1486 reddet
516 1443 685 1506 percussor

245 1509 380 1568 animam
393 1530 454 1590 pro
473 1511 586 1568 anima.

164 1593 212 1668 14.
244 1590 285 1650 Ut
306 1593 481 1673 quicunqne
508 1609 603 1647 servo
629 1589 685 1648 vel

243 1675 376 1734 ancillae
400 1674 523 1732 oculum
551 1671 680 1742 eruerit,

243 1755 358 1816 liberos
379 1777 431 1814 eos
451 1753 600 1815 dimittat.

164 1837 212 1901 ι5.
240 1839 288 1898 De
316 1839 390 1898 bove
415 1847 584 1919 cornupeta
602 1854 682 1915 qaae

140 1933 143 1942 “
243 1921 349 1980 virum
381 1918 599 1978 vulneraverit
627 1916 683 1976 vel

245 2003 426 2074 mulierem,
448 1999 532 2061 etde
551 1998 679 2061 domino

246 2085 341 2142 illius.

163 2167 210 2229 16.
241 2168 289 2225 De
303 2187 338 2225 eo
357 2167 413 2250 qui
428 2167 595 2227 cisternam
609 2186 680 2249 ape·
705 2173 707 2176 ’

247 2249 347 2308 ruerit
365 2262 396 2307 et
400 2248 536 2330 foderit.

166 2353 213 2414 ¹7·
242 2331 290 2390 De
313 2331 392 2390 bove
412 2332 514 2392 alieno
546 2331 575 2389 si
600 2328 680 2389 altc-

246 2414 310 2471 rius
325 2413 436 2472 bovem
455 2411 679 2477 vulneraverit.

166 2495 214 2560 18.
247 2496 296 2553 Dc
332 2516 368 2555 eo
403 2496 458 2579 qui
487 2495 593 2556 bovem
628 2506 681 2554 aut

246 2574 592 2654 cvemficratussuerit.

166 2679 214 2740 19.
236 2659 285 2717 De
300 2657 378 2733 fure
394 2661 449 2741 qzci
464 2659 589 2718 domum
612 2657 681 2740 suf·-

238 2737 371 2818 fodicns
394 2754 535 2824 repertus
547 2739 660 2820 suerit.

162 2845 213 2884 20.
236 2823 283 2881 Dc
304 2845 339 2883 eo
359 2825 414 2906 qiii
432 2825 558 2883 laeserit
573 2845 682 2904 agrum

248 2906 296 2963 vel
314 2906 448 2966 vineam.

161 3007 212 3051 ιι.
242 2987 290 3046 Dc
316 3008 351 3047 eo
365 2990 420 3066 qai
434 2989 535 3068 ignem
554 3009 680 3052 succen-

246 3067 331 3130 derit
347 3070 379 3127 in
402 3072 506 3147 agris,
529 3083 563 3130 ut
591 3071 682 3132 dam-

246 3173 320 3210 num
335 3152 488 3216 restituat.
559 3149 560 3152 ¹

160 3253 213 3295 22.
242 3235 291 3292 De
305 3254 341 3294 co
357 3231 686 3314 quicommcndavcrit

246 3318 346 3377 amico
366 3320 540 3398 pecuniam.
570 3337 572 3342 ·

162 3398 215 3457 23.
245 3401 295 3458 De
309 3402 408 3475 asina,
428 3399 520 3468 bove,
539 3401 683 3480 omnique

245 3483 383 3541 iumento
394 3479 684 3541 adcastodiendam

246 3563 374 3628 tradito.
534 3628 538 3634 ,

162 3644 214 3721 24.
247 3649 296 3706 De
315 3668 350 3706 co
370 3645 426 3727 pici
440 3643 605 3705 seduxerit
618 3647 684 3706 vir-

243 3730 346 3807 ginem
372 3728 685 3807 desponsatam,ch

245 3810 411 3870 dormierit
425 3831 492 3869 cum
509 3831 554 3874 ea.

162 3888 213 3958 25.
244 3894 293 3952 De
309 3911 401 3974 patre
418 3893 556 3976 paellae,
574 3894 683 3973 sicam

246 3975 323 4034 dare
341 3977 488 4048 noluerit,
515 3989 549 4035 ut
570 3974 684 4035 reddat

240 4059 406 4142 pecaniam
439 4060 533 4119 iuxta
565 4067 684 4119 morem

248 4137 343 4203 dotis.

99 4257 102 4266 «
163 4221 213 4285 26.
243 4222 293 4281 Dc
307 4218 469 4308 maleficis.

1196 281 1268 357 583

750 458 799 522 27.
833 436 882 534 Dc
901 438 950 504 liis
969 439 1112 524 quicum
1133 441 1270 508 iumento

830 523 974 582 coierint.
1249 559 1251 562 -

749 603 799 671 28.
829 604 878 664 De
895 606 943 663 liis
957 603 1013 687 qui
1019 601 1091 664 Diis
1107 605 1271 671 immolant

831 685 879 745 vel
892 686 1032 746 advenas
1047 687 1200 768 affligunt,

749 787 799 852 29.
831 769 881 829 De
914 763 1043 828 decimis
1068 783 1099 831 et
1115 771 1269 854 primitiis

828 851 967 911 Domino
986 851 1170 931 ffercndis.

748 931 798 996 5ο.
830 935 884 1073 ξε
908 928 1051 1017 deposito
1070 937 1124 997 vel
1135 939 1269 1021 pignore

854 1028 915 1076 alo.

748 1097 799 1160 51.
820 1099 870 1157 De
902 1097 1097 1180 turpitudine
1124 1106 1283 1187 proximi'

830 1201 893 1242 non
916 1181 1096 1240 revelanda.

748 1262 798 1324 32.
829 1265 879 1323 Dc
902 1265 1026 1324 nomine
1048 1270 1103 1344 qui
1122 1268 1267 1330 'dormic-

830 1347 874 1406 rit
889 1367 958 1406 cum
976 1347 1105 1408 muliere
1123 1352 1249 1412 ancilla.

749 1426 800 1488 55.
830 1429 903 1488 Non
935 1427 1049 1488 debere
1089 1433 1268 1510 angelmari,

830 1531 887 1570 nec
912 1511 1080 1570 observare
1108 1529 1215 1595 magos
1239 1526 1270 1574 et

829 1593 958 1652 ariolos.

748 1672 799 1748 54.
829 1673 876 1734 De
897 1673 1083 1736 honorando
1099 1697 1179 1742 senc.

748 1754 799 1818 55.
825 1755 917 1815 Nitut
961 1757 1113 1836 agendum
1160 1773 1271 1822 contra

833 1840 1029 1921 aequitatem.

749 1919 800 1986 56.
830 1920 879 1980 De
893 1943 929 1982 co
939 1923 993 2003 qui
1005 1923 1186 1982 moechatur
1200 1944 1268 1982 cum
1334 1937 1337 1944 '

831 2023 934 2064 atcore
948 2006 1092 2084 proximi
1107 2006 1165 2064 sui.

748 2083 799 2166 37.
828 2086 877 2145 Dc
891 2106 928 2146 eo
948 2089 1003 2167 qui
1020 2083 1186 2147 dormierit
1198 2109 1269 2149 cum

827 2188 960 2228 noverca
978 2189 1043 2226 sua.

750 2247 800 2314 58.
832 2250 881 2309 De
902 2272 938 2311 eo
953 2252 1008 2332 qui
1021 2259 1154 2331 propter
1167 2249 1269 2308 Deam

824 2329 951 2414 furtum
966 2329 1126 2410 confessus
1134 2327 1247 2408 fucrit.

749 2409 800 2495 59.
834 2413 881 2472 De
898 2435 933 2473 eo
952 2414 1007 2494 qui
1021 2411 1117 2492 ferro
1138 2433 1269 2496 percus-

833 2497 910 2554 serit
923 2496 1093 2559 ’hominem

749 2575 801 2653 4ο.
839 2576 880 2638 Ut
904 2588 1037 2660 propter
1057 2577 1148 2634 unius
1180 2578 1269 2634 testi-

832 2662 970 2718 monium
992 2658 1097 2716 nullas
1120 2672 1273 2718 comtem-

832 2753 933 2801 netur.
1091 2751 1093 2755 '

750 2821 801 2896 4ι.
832 2824 881 2882 De
897 2821 1027 2882 decimis
1042 2819 1236 2906 separandis.

749 2903 802 2981 42.
822 2906 871 2966 De
889 2926 924 2964 co
944 2907 1011 2987 qvi,
1032 2905 1193 2965 ambulans
1212 2925 1272 2989 per

832 2989 932 3056 vlam,
954 2985 1062 3045 nidum
1088 2987 1158 3046 avis
1183 2987 1271 3046 inve-

834 3071 924 3128 nerit.

752 3149 803 3228 45.
822 3150 863 3213 Ut
873 3171 942 3212 cnm
957 3148 1148 3234 aedificatur
1159 3149 1271 3212 domus

839 3256 935 3309 nora,
967 3232 1036 3316 flat
1066 3254 1172 3292 murus
1212 3255 1271 3318 per

831 3317 1000 3377 ¹circuitum
1021 3315 1142 3375 domas.

752 3395 804 3478 44.
834 3401 888 3460 Dc
913 3399 1008 3458 vinca
1033 3400 1132 3458 altero
1156 3400 1272 3458 semine

836 3501 898 3541 non
914 3479 1057 3546 serenda.

752 3561 804 3639 45.
839 3561 880 3624 Ut
908 3583 970 3621 non
1002 3575 1110 3622 aretur
1134 3564 1168 3622 in
1195 3565 1274 3624 bove

834 3645 928 3706 simul
942 3665 974 3702 se
991 3645 1089 3709 asina.

753 3727 804 3803 46.
835 3725 908 3788 Non
944 3711 1139 3786 induendum
1174 3727 1273 3788 vesti·

836 3821 973 3868 mentum
993 3809 1082 3887 qaod
1102 3830 1144 3869 coc
1158 3811 1231 3869 lana
1244 3822 1274 3868 et

837 3892 903 3951 lino
920 3892 1109 3951 contexitur.

754 3975 804 4056 47.
826 3974 875 4033 Dc
889 3971 998 4056 puella
1009 3973 1130 4052 virgine
1141 3972 1275 4058 despon-

835 4071 911 4120 Sala.

752 4137 803 4216 48.
837 4141 888 4198 Dc
925 4139 1115 4221 desponsata
1150 4137 1273 4217 virgine

833 4220 868 4280 in
888 4241 963 4302 agro
980 4235 1114 4306 reperta.
