2948 4990
201 303 278 382 636
659 333 944 391 caetratsaiun

201 467 294 530 nrtlla
314 467 538 532 huiuscemodi
565 471 761 552 conspiratio
786 495 844 558 per
874 481 1105 534 sacramentum
1129 488 1234 549 neque
1259 467 1334 530 sine

201 559 401 618 sacramento
421 551 484 618 liat.
528 558 651 636 11t9,
674 554 713 614 V.
732 557 801 619 2:31.

522 636 570 696 De
594 639 755 712 periim‘is,
778 650 812 698 ut
836 650 1015 700 caveantur.

284 713 510 784 CCLXXVII.
551 720 768 802 Praecipimus
804 731 840 781 ut
872 721 1015 803 periuria
1045 727 1239 795 caveantur,
1268 734 1335 778 nec
1375 729 1386 736 “

199 799 412 861 admittantur
429 808 527 862 testes
542 803 583 865 ad
598 803 810 875 iuramentum
828 801 1005 886 antequam·
1024 801 1247 864 discutiantur.
1287 799 1335 858 Et

198 882 227 944 si
245 882 340 942 aliter
353 881 470 942 discuti
487 905 553 943 non
569 894 717 967 possunt,
737 895 928 968 separentur
955 886 994 946 ab
1025 885 1183 961 invicem,
1205 893 1237 943 et
1261 879 1334 941 sin-

199 964 356 1046 gulariter
370 963 586 1046 inquirantur.
606 969 650 1029 Et
671 989 735 1046 non
754 969 852 1029 liccat
870 978 1066 1030 accusatores
1083 976 1180 1028 testes
1196 964 1334 1046 eligere,

201 1048 334 1110 absente
352 1065 409 1108 suo
427 1059 601 1110 causatore.
641 1051 682 1112 Et
702 1051 835 1112 omnino
861 1051 994 1129 nullus,
1024 1050 1086 1112 nisi
1115 1049 1267 1127 ieiunus,
1290 1046 1334 1106 ad

113 1145 119 1156 “
199 1129 417 1192 iuramentum
452 1130 504 1194 vel
541 1132 582 1192 ad
617 1133 836 1194 testimoninm
868 1134 1061 1200 admittatur.
1112 1133 1156 1194 Et
1184 1129 1242 1191 ille
1272 1127 1334 1210 qui

200 1213 243 1275 ud
283 1213 503 1274 testimoninm
538 1213 731 1294 adducitur,
768 1216 795 1278 si
830 1219 1008 1292 refutatur,
1050 1204 1150 1279 dicat'
1173 1213 1229 1273 ille
1270 1209 1333 1293 qni

199 1317 276 1357 eum
306 1297 427 1359 refutat
458 1305 492 1358 et
520 1298 635 1380 probet
664 1321 763 1382 quare
794 1297 888 1362 illam
914 1299 1059 1380 recipere
1091 1295 1183 1359 nolit.
1224 1295 1268 1354 Et
1289 1294 1333 1354 dc

199 1375 389 1461 ipsopago,
413 1399 478 1438 non
505 1379 544 1439 de
573 1379 692 1460 altero,
714 1389 810 1442 testes
838 1382 1016 1464 eligantur,
1045 1382 1107 1444 nisi
1137 1381 1221 1442 sorte
1253 1375 1333 1437 lon-

199 1462 272 1544 gius
288 1472 378 1522 extra
396 1461 581 1523 comitatum
598 1485 691 1524 causa
712 1463 754 1525 sit
768 1462 973 1546 inquirenda.
991 1463 1034 1524 Et
1054 1464 1080 1525 si
1099 1461 1171 1546 quis
1194 1457 1334 1520 convic-

200 1552 251 1604 tus
261 1543 362 1606 fuerit
371 1543 773 1628 periurii,perdatmannm
785 1545 994 1607 uctredimat.
1007 1549 1072 1609 III.
1086 1567 1142 1622 ro,
1161 1541 1200 1607 V.
1218 1541 1289 1606 252.

248 1648 291 1712 Ut
313 1649 523 1729 Vicedomini,
543 1649 766 1725 Advocatum
785 1653 963 1715 centenarii
978 1655 1075 1737 pravi
1092 1649 1290 1734 auferantur.

283 1754 530 1818 CCLXXVlll.
570 1759 618 1820 De
655 1757 847 1839 Adros-atis,
888 1757 1126 1835 vicedominis,
1172 1753 1335 1831 Vicariis,

200 1837 403 1902 Centenariis
428 1840 553 1922 pravis,
576 1851 613 1902 ut
638 1842 816 1918 tollantur,
853 1849 885 1902 ct
913 1839 993 1904 tales
1016 1840 1177 1938 eligantur
1207 1838 1265 1919 qui
1298 1847 1333 1899 et

199 1921 303 1983 sciant
317 1931 350 1982 et
365 1920 469 1982 velint
486 1922 566 1985 iuste
588 1945 715 1986 causam
735 1924 919 1985 discernere
936 1933 969 1986 et
983 1933 1166 1983 terminare.
1186 1922 1229 1982 Et
1243 1920 1332 2002 quis·

201 2004 274 2086 quis
299 2023 416 2080 pravus
435 2003 587 2066 inventus
609 2006 727 2084 fuerit,
750 2003 841 2067 nobis
863 2015 1030 2090 procerte
1055 2005 1232 2066 nuntietur.
1262 2006 1333 2066 ΙΙΙ.

207 2107 253 2148 11.
287 2081 326 2144 V.
342 2085 412 2147 253.

256 2131 310 2229 'Ut
326 2169 455 2252 antiqua
469 2166 592 2230 teloneo
616 2180 647 2228 et
663 2170 745 2230 iusta
764 2171 934 2252 exigantur
957 2171 976 2229 a
995 2168 1264 2250 negotiatort’lur,

461 2271 540 2310 nova
565 2271 642 2311 aero
672 2264 703 2311 et
727 2253 845 2314 iniusta
868 2251 1069 2335 repellantur.

286 2325 498 2394 CCLXXlX.
539 2331 650 2394 Placet
665 2333 756 2396 nobis
772 2334 824 2410 ita,
847 2345 883 2394 ut
895 2335 1027 2416 antiqua
1043 2343 1075 2396 et
1094 2332 1177 2394 iusta
1198 2332 1329 2392 telonea

203 2417 221 2480 t
243 2415 494 2499 negotiatoribus
517 2413 696 2498 exigantur,
718 2423 782 2476 tam
802 2417 841 2478 de
860 2417 1023 2500 pontibus,
1046 2437 1141 2499 quam
1158 2424 1190 2476 et
1211 2415 1250 2475 de
1268 2435 1326 2472 na-

201 2500 308 2584 vigiis,
330 2497 560 2578 seumercatis.
612 2497 702 2560 Nova
722 2520 801 2559 vero
823 2499 891 2562 sive
914 2500 1054 2576 iniusta,
1077 2498 1133 2557 ubi
1152 2497 1204 2560 vel
1231 2497 1326 2557 funes

200 2584 391 2657 tenduntur,
410 2582 462 2642 vel
486 2601 560 2640 cnm
587 2581 723 2643 navibus
744 2581 802 2642 sub
824 2582 975 2663 pontibus
1000 2581 1172 2656 transitur,
1194 2601 1252 2639 seu
1277 2578 1326 2639 his

201 2666 319 2730 similia
339 2665 372 2724 in
398 2665 515 2745 quibus
537 2663 665 2724 nullum
688 2663 884 2724 adiutorium
911 2665 1103 2724 iterantibus
1128 2671 1326 2744 praestatur,

203 2759 239 2810 ut
264 2770 329 2808 non
353 2746 533 2828 exigantur.
574 2746 728 2813 Similiter
747 2747 842 2808 etiam
858 2768 918 2808 nec
937 2747 977 2808 de
995 2745 1045 2808 liis
1066 2745 1123 2828 qui
1143 2745 1211 2806 sine
1231 2763 1327 2824 nego·

202 2831 305 2893 tiandi
327 2849 421 2896 causa
449 2829 656 2894 substantiam
677 2851 767 2892 snam
794 2829 833 2889 de
857 2852 921 2889 una
954 2829 1048 2890 domo
1071 2850 1127 2890 sua
1151 2825 1190 2886 ad
1217 2826 1325 2896 aliam,

203 2923 258 2975 aut
278 2912 318 2974 ad
337 2910 499 2995 palatium,
522 2920 576 2971 aut
591 2912 623 2972 in
645 2913 823 2974 exercitum
843 2911 976 2976 ducunt.
1017 2910 1051 2972 si
1065 2909 1144 2992 quid
1164 2929 1242 2970 vero
1257 2908 1327 2968 fuc-

203 2998 247 3058 rit
265 2997 352 3057 unde
376 2993 558 3070 dubitetur,
587 2994 629 3056 ad
652 2995 806 3076 placitum
826 3004 987 3072 nostrum,
1013 2993 1101 3076 quod
1129 3013 1202 3052 cum
1222 2989 1325 3052 Missis

205 3079 321 3141 nostris
342 3076 482 3138 habituri
503 3098 623 3156 sumas,
645 3077 873 3160 interrogetur.
913 3078 978 3142 111.
999 3097 1057 3154 aa,
1081 3071 1120 3137 V.
1135 3075 1205 3149 254.

265 3185 315 3244 De
325 3181 478 3264 fugitiuis
494 3183 625 3244 Clericis
643 3195 673 3243 et
689 3184 794 3242 Laicis
813 3181 898 3242 illud
913 3181 1099 3242 servandum
1120 3178 1274 3264 estquod

457 3266 490 3324 in
507 3263 682 3348 Capitulcri
707 3265 866 3325 dominico
885 3265 1070 3328 continetur.

286 3344 479 3412 CCLXXX.
520 3348 568 3408 De
590 3347 734 3430 fugitivis
760 3345 895 3410 Clericis
920 3346 988 3409 sire
1015 3345 1136 3424 Laicis,
1161 3344 1328 3405 ueletiam

203 3429 344 3506 feminis,
366 3430 448 3491 sicut
465 3430 528 3489 iam
555 3431 588 3490 in
615 3430 679 3491 alio
703 3429 881 3512 capitulari
900 3437 1010 3489 nostro
1033 3427 1266 3512 praecepimus,
1284 3426 1329 3490 its

203 3522 358 3580 serretur.
398 3518 427 3578 I.
452 3513 518 3576 113.

246 3601 296 3660 De
318 3597 365 3657 lu's
386 3598 441 3678 qui
461 3594 506 3654 ad
524 3595 587 3655 Dei
607 3591 771 3652 servitium
792 3590 896 3652 volunt
917 3589 1086 3663 accedere,
1118 3601 1152 3651 ut
1172 3591 1287 3675 absque

328 3680 455 3740 licentio
475 3676 575 3756 regali
594 3695 657 3736 non
681 3672 720 3733 id
746 3686 840 3754 agant
859 3674 914 3753 qui
933 3673 1027 3736 liberi
1053 3674 1204 3738 existunt.

173 3807 176 3814 ’
287 3781 494 3850 CCLxXXI.
534 3781 644 3842 Liberi
663 3778 810 3841 homines
830 3779 886 3862 qui
907 3780 948 3841 ad
969 3779 1135 3841 servitium
1144 3781 1207 3840 Dei
1220 3801 1253 3842 se
1266 3789 1326 3840 tra-

204 3874 281 3936 dere
300 3870 425 3945 volunt,
447 3864 659 3949 praecipimus
687 3873 723 3922 ut
754 3861 843 3945 prius
862 3862 932 3931 hoc,
952 3883 1017 3926 non
1043 3863 1164 3925 faciunt
1189 3884 1286 3943 quam
1310 3863 1327 3921 l

204 3955 297 4018 nobis
315 3951 480 4014 licentiam
494 3946 676 4030 postulent;
702 3967 776 4006 nam
795 3945 872 4028 quia
886 3944 1066 4006 audivimus
1088 3945 1213 4026 aliquos
1234 3967 1274 4006 ex
1292 3945 1326 4004 il-

203 4039 244 4102 lis
263 4058 329 4099 uon
348 4045 412 4095 tam
425 4056 518 4096 causa
534 4029 829 4112 devotionis,quam
843 4027 1020 4090 exercitum
1038 4028 1106 4089 sive
1124 4027 1219 4088 aliam
1236 4029 1326 4088 func·

204 4122 326 4182 tionem
338 4117 478 4199 regalem
495 4113 662 4196 fugienle,
685 4113 839 4194 quosdam
859 4133 934 4172 vero
961 4110 1144 4193 cupiditatis
1170 4132 1264 4172 causa
1290 4111 1326 4184 ab

205 4199 256 4266 his
274 4205 330 4286 qui
352 4224 401 4262 ros
422 4201 552 4260 illorum
571 4195 814 4278 concupiscunt,
837 4193 1072 4257 circumventos
1092 4194 1279 4280 audiv-imus¹¹
1296 4202 1328 4256 et

207 4286 267 4350 boc
293 4287 364 4350 ideo
388 4282 457 4354 lieri
481 4281 696 4368 prohibemus.
730 4281 765 4346 ¹I.
790 4281 877 4358 114„
903 4277 941 4340 V.
960 4275 1028 4342 255.
