2948 4990
206 329 277 404 616
636 353 923 413 cnurummun

322 473 329 498 ²
357 490 405 548 De
431 491 584 574 expositis
605 492 777 575 insontibus
796 518 833 558 ae
855 497 1038 559 collectione
1057 509 1174 552 eorum.
1210 551 1215 568 ,

289 593 440 658 CXLIV.
483 597 515 656 si
531 598 694 680 expositus
712 610 785 660 ante
806 601 984 662 Ecclesiam
998 597 1220 679 cuiuscunque
1231 598 1334 659 fuerit

203 678 410 740 'miseratione
430 677 603 757 collectus,
627 683 868 745 contestationis
893 693 991 765 ponat
1014 679 1190 760 epistolam.
1237 681 1280 739 Et
1305 681 1334 742 si

205 762 233 822 is
254 761 308 841 qui
338 762 491 820 collectus
508 772 571 838 cst,
594 763 678 823 intra
710 766 822 826 decem
850 765 917 826 dies
948 761 1109 846 quaesitus
1139 763 1333 843 agnitusque

206 864 273 904 uon
294 843 412 918 fuerit,
438 865 569 904 securus
582 843 696 905 habeat
710 848 767 928 qui
787 848 927 929 collegit.
970 847 1052 905 Sanc
1067 844 1124 924 qui
1144 854 1214 924 post
1238 865 1334 926 prae-

208 925 329 985 dictum
346 933 470 1005 tempus
486 926 554 986 eins
570 928 782 988 calumniator
804 930 965 1004 extiterit,
989 935 1025 986 ut
1045 924 1205 985 homicida
1225 926 1333 986 eccle-

205 1007 329 1069 siastica
345 1006 544 1068 districtione
560 1008 773 1088 damnabitur,
796 1011 1020 1072 sicutPatrum
1031 1007 1135 1068 sanxit
1152 1008 1334 1068 auctoritas.

247 1113 297 1171 De
319 1111 448 1171 Clerieis
472 1101 714 1196 relinquentibus
737 1114 880 1196 officium
902 1137 1002 1186 suum,
1025 1111 1119 1173 etad
1137 1115 1291 1174 seculares

640 1197 897 1278 confugientibus.

292 1297 423 1365 CXLV.
464 1301 591 1362 Placuit
604 1313 640 1363 ut
660 1303 824 1380 Clericus,
847 1304 873 1364 si
896 1303 1011 1365 relicto
1032 1301 1135 1362 officio
1157 1324 1214 1362 suo
1233 1320 1345 1384 prop-·

208 1393 259 1444 ter
272 1382 504 1443 districtionem
518 1383 558 1444 ad
574 1387 751 1446 secularem
766 1388 898 1447 fortasse
918 1384 1117 1466 confugerit,
1140 1393 1172 1444 et
1184 1383 1334 1444 solatium

208 1466 238 1525 ei
254 1463 451 1524 defensionis
470 1465 526 1524 iste
543 1466 753 1550 impenderit,
777 1490 851 1529 cum
870 1469 982 1544 eodem
996 1469 1034 1528 ab
1049 1467 1212 1527 Ecclesiae
1244 1486 1334 1527 com-

206 1546 362 1608 munione
380 1546 529 1629 pellatur,

253 1651 295 1713 Ut
314 1671 401 1711 servo
418 1675 481 1714 non
498 1644 708 1728 credamne·
723 1677 817 1738 super
840 1654 1001 1715 dominum
1024 1676 1112 1713 suum
1132 1654 1180 1712 vel
1199 1673 1294 1735 super

485 1736 581 1794 alium
601 1736 734 1799 liberum
764 1741 881 1798 crimen
904 1739 1055 1801 iniecerit.

290 1835 434 1903 CXLVI.
472 1821 805 1923 'Servopenitusnon
838 1841 986 1903 credatur
1017 1841 1043 1901 si
1070 1861 1167 1936 super
1190 1839 1333 1934 aliquem

207 1921 328 1983 crimen
344 1921 521 1996 obiecerit,
544 1933 598 1981 aut
618 1925 643 1984 si
666 1928 759 1986 etiam
777 1925 941 1986 dominum
961 1946 1055 1983 suurn
1073 1945 1106 1982 1n
1124 1943 1258 1982 crimme
1276 1944 1334 1980 nn-

205 2003 350 2088 pctierit;
375 2025 448 2060 nam
462 2003 583 2062 etiamsi
602 2006 634 2063 in
655 2009 820 2069 tormentis
830 2008 1104 2090 positusexponat
1116 2006 1204 2085 quod
1220 2003 1331 2080 obicit,

136 2091 139 2098 ‘
209 2085 298 2146 credi
316 2096 422 2145 tamen
444 2084 494 2142 illi
519 2086 611 2145 nullo
627 2091 721 2149 modo
738 2089 906 2172 oportebit,

210 2191 254 2253 Ut
275 2203 367 2252 testes
385 2211 420 2249 en
438 2203 556 2249 tantum
568 2195 790 2280 ‘testificentur
801 2217 879 2279 quae
896 2197 930 2253 in
948 2204 1114 2276 conspectu
1133 2212 1240 2252 eorum
1261 2203 1333 2251 ncta

638 2297 702 2335 esse
724 2290 901 2338 noscuntur.

288 2378 454 2443 CXLVII.
497 2380 606 2440 Testes
624 2402 688 2440 non
706 2382 868 2459 absentes,
894 2402 999 2461 neque
1018 2401 1076 2461 per
1092 2379 1258 2460 epistolam
1272 2389 1333 2440 tes·

203 2462 374 2524 timonium
395 2462 519 2529 dieant;
544 2463 599 2520 sed
617 2474 816 2544 praesentes,
840 2485 934 2543 quam
949 2471 1110 2522 noverunt
1129 2463 1333 2523 striderunt

205 2568 270 2606 non
293 2553 417 2604 taceant
432 2542 606 2608 veritatem.
648 2547 715 2607 Nec
744 2547 783 2606 de
808 2547 878 2606 aliis
907 2547 1008 2604 causis
1030 2544 1250 2604 testimonium
1279 2543 1331 2603 di-

205 2637 296 2703 cant,
321 2625 382 2684 nisi
400 2625 438 2683 de
457 2621 507 2684 his
527 2629 745 2688 tantummodo
765 2650 846 2710 quae
860 2627 917 2687 sub
937 2625 1114 2710 praesentia
1128 2647 1239 2686 eorum
1260 2633 1331 2685 acta

204 2713 476 2770 esse'noscuntur.

468 2813 582 2896 Quales
611 2815 744 2876 debeant
768 2818 940 2900 scripturae
957 2815 1075 2874 valere.

286 2915 468 2979 CXLVIII.
512 2919 693 3002 Scripturae
725 2941 807 3002 quae
839 2921 924 2981 diem
950 2929 983 2982 et
1011 2941 1132 2979 aunum
1154 2918 1329 2982 habuerint

203 3000 371 3062 evidenter
391 3021 593 3081 expressum,
621 3012 716 3083 atque
744 3004 921 3063 secundum
953 3002 1034 3083 legis
1071 3001 1217 3061 ordinem
1246 3024 1326 3062 con-

200 3081 336 3161 scriptae
368 3104 433 3142 esse
462 3093 658 3160 noscuntur,
686 3107 742 3145 seu
767 3085 942 3145 conditoris
971 3086 1023 3146 vel
1053 3084 1181 3144 testium
1203 3085 1328 3145 suerint

198 3164 299 3306 lsignis
321 3173 376 3222 aut
395 3165 682 3248 subscriptionibus
703 3167 891 3245 roboratae,
914 3167 1001 3228 omni
1023 3166 1204 3227 habeantur
1227 3165 1326 3228 stabi-

215 3267 246 3308 es
263 3246 419 3312 firmitate.

443 3353 492 3412 De
511 3355 613 3435 pactis
638 3368 667 3414 et
688 3355 818 3438 placitis
837 3355 1069 3419 conservandis,

280 3433 428 3498 CXLIX.
469 3437 565 3494 Pacta
584 3437 636 3496 vel
649 3436 765 3518 placita
780 3458 860 3518 quae
881 3459 940 3518 per
963 3438 1153 3517 scripturam
1178 3435 1323 3517 legitime

198 3535 233 3576 nc
251 3515 422 3577 iustissime
444 3518 639 3594 factasunt,
663 3520 834 3580 dummodo
860 3521 892 3577 in
920 3519 971 3579 his
992 3521 1059 3579 dies
1080 3520 1131 3578 vel
1156 3538 1259 3580 nunus
1282 3519 1324 3580 sit

197 3597 366 3658 evidenter
386 3620 571 3679 expressus,
594 3600 778 3662 nullatenus
798 3602 958 3660 immutari
975 3601 1196 3682 permittimus⁸

197 3703 313 3766 Contra
324 3707 468 3789 priorum
483 3703 695 3789 definitionem
702 3705 781 3790 filio
798 3709 854 3767 vel
871 3706 982 3767 heredi
1007 3728 1068 3768 non
1091 3709 1185 3767 licere
1203 3709 1322 3775 venire.

278 3809 343 3874 Cli.
386 3811 471 3870 Filio
485 3812 536 3870 vel
554 3810 666 3872 heredi
686 3823 798 3873 contra
822 3813 965 3894 priorum
992 3812 1107 3874 iustam
1130 3822 1185 3871 aut
1212 3813 1323 3894 legin..

194 3916 277 3956 mam
299 3893 519 3956 definitionem
543 3893 655 3953 venire
688 3917 752 3955 non
778 3896 895 3971 liceat„
924 3895 1000 3976 quia
1034 3895 1115 3956 iuste
1150 3895 1322 3975 repellitur

192 3975 407 4062 praesumptio
418 3974 506 4035 illins
514 3974 569 4055 qui
579 3976 659 4035 facta
671 3978 841 4038 Seniorum
850 3977 968 4037 iniuste
979 3987 1115 4037 conatur
1125 3977 1320 4058 inrumpere.

191 4083 240 4145 Ne
270 4081 433 4164 quisquam
462 4093 624 4142 accusetur
643 4080 697 4140 vel
708 4084 872 4165 puniatur,
895 4083 958 4140 nisi
989 4081 1163 4163 nennisestis
1190 4084 1320 4144 indiciis

507 4191 510 4196 ·
613 4162 712 4222 scelus
732 4167 880 4245 patuerit.

274 4253 357 4329 CLI.
381 4266 469 4326 .Non
491 4265 606 4350 passim
622 4267 731 4329 damus
748 4269 918 4330 accusandi
945 4268 996 4330 vel
1025 4268 1184 4354 puniendi
1204 4271 1317 4336 ¹licen·
