2910 4984
265 294 338 370 854
673 305 973 370 'carrrnssarnn

487 451 527 512 Ut
549 451 634 530 regia
651 454 770 512 sancita
793 453 944 515 inviolate
961 447 1183 510 custodiantur.

349 555 504 624 CXXXI.
544 557 591 618 Ea
607 577 683 617 vero
705 577 786 637 quae
809 558 911 618 bonae
933 554 1103 618 memoriae
1125 554 1252 636 genitor
1277 567 1367 618 noster

266 644 300 705 in
327 642 393 705 suis
423 639 549 725 placitis
579 648 611 700 et
641 639 770 722 synodis
794 640 984 717 constituit,
1005 635 1207 722 ,conservare
1229 635 1367 699 volumus.

265 725 351 788 [bid.
371 747 399 787 c.
424 745 470 790 η.

265 831 316 894 De
334 832 424 894 relus
443 827 656 891 Ecclesiarnm
669 823 709 888 de
730 828 842 911 quibus
859 847 967 889 census
982 837 1110 898 uenat,
1126 823 1264 888 decianae
1281 839 1308 888 et
1321 848 1366 890 ao·

700 931 759 970 nae
777 909 949 975 solvantur.
1309 968 1314 976 ,

350 990 520 1056 CXXXll.
561 993 610 1066 De
630 993 725 1054 rebus
747 1013 822 1053 roro
846 991 1076 1068 Ecclesiarnm,
1098 988 1187 1050 unde
1203 991 1367 1055 nunc'cen-

266 1097 300 1140 sa
327 1085 457 1153 exeunt,
480 1073 623 1136 decimae
652 1084 685 1136 et
706 1095 811 1135 nonae
833 1096 907 1135 cnm
928 1073 997 1157 ipso
1024 1093 1120 1135 censo
1140 1072 1311 1138 solvantur.
1336 1072 1367 1130 Et

267 1159 355 1220 unde
376 1167 468 1218 antea
490 1178 556 1217 non
580 1155 740 1232 exierant,
762 1155 908 1217 similiter
926 1177 1030 1219 nonae
1052 1165 1084 1216 et
1098 1154 1243 1219 decimae
1261 1153 1366 1214 dentur.

265 1243 314 1303 De
341 1240 454 1302 casatis
474 1259 551 1300 vero
576 1243 740 1320 sexaginta
760 1237 854 1298 solidi
875 1238 1031 1333 quinque,
1058 1238 1100 1300 de
1130 1235 1262 1319 triginta
1294 1233 1368 1296 solidi

266 1323 331 1384 duo
353 1332 386 1384 et
401 1321 562 1396 dimidius,
585 1321 624 1382 de
642 1320 828 1401 quindecim
843 1321 1016 1396 transmissi
1033 1330 1187 1402 quatuor.
1226 1318 1266 1378 Et
1282 1338 1368 1399 preca·

265 1403 333 1466 riae
354 1404 449 1465 modo
469 1411 677 1464 renoventur.
719 1404 760 1464 Et
773 1401 827 1462 nbi
839 1425 904 1465 non
918 1413 996 1464 sunt
1015 1403 1167 1484 scriptae,
1186 1399 1240 1460 fiat
1255 1399 1369 1480 descrip-

266 1487 313 1547 tio
335 1485 421 1548 inter
453 1495 666 1547 conventores
689 1485 729 1546 de
745 1483 843 1546 verbo
869 1497 988 1547 nostro.
1028 1487 1071 1546 Et
1089 1483 1148 1564 qui
1169 1482 1368 1567 praedictata-

265 1589 339 1631 cere
361 1569 536 1646 noluerint,
558 1577 590 1628 et
605 1577 780 1649 spontanea
796 1568 961 1628 voluntate
979 1565 1059 1628 haec
1078 1565 1140 1627 tria
1160 1566 1331 1649 persolvere
1346 1572 1369 1626 et

290 1651 425 1712 recarias
440 1650 586 1732 accipere
608 1649 757 1710 citissime
773 1648 966 1725 distulerint,
987 1649 1124 1733 perdant
1136 1646 1291 1711 beneficia
1305 1666 1369 1726 qnae

265 1672 447 1804 liabebant;
477 1752 560 1813 qnae
584 1741 689 1792 tamen
715 1731 861 1792 Ecclesia
891 1733 980 1792 unde
1006 1742 1116 1809 erant,
1153 1731 1270 1814 absque
1292 1728 1368 1788 ullius

259 1813 521 1876 'contradictione
543 1813 596 1876 vel
617 1813 857 1898 impedimento,
881 1813 914 1874 in
940 1824 1132 1898 perpetuum
1155 1813 1219 1876 sibi
1241 1809 1366 1873 vindicet.

265 1894 352 1960 Ibid.
372 1916 398 1958 c.
423 1897 468 1958 15.

438 1997 480 2060 Ut
500 1995 540 2058 de
558 1999 688 2060 cerariis
707 1997 827 2082 itafiat
844 2001 925 2065 sient
944 2003 1143 2064 constitutam
1172 2015 1227 2066 est.

349 2079 540 2146 CXXXlll.
581 2083 630 2140 De
655 2081 785 2142 cerariis
812 2092 845 2143 et
866 2083 1032 2144 tabulariis
1060 2106 1096 2145 ae
1120 2081 1314 2146 chartelariis
1334 2080 1366 2139 ita

268 2163 322 2224 fiat
343 2165 428 2227 sicut
452 2174 594 2243 tempore
618 2162 716 2244 longo
736 2163 901 2226 decretum
925 2175 981 2228 est.
998 2166 1085 2228 Iln'd.¹
1103 2187 1140 2228 c..
1158 2167 1206 2233 15.

364 2271 412 2332 Ne
428 2269 541 2350 alianis
561 2289 622 2353 pro
643 2267 786 2346 gildonia
806 2283 1030 2331 sacramentnm
1040 2272 1156 2352 facere
1173 2271 1290 2331 audeat.

348 2349 535 2414 CXXXlV.
577 2353 627 2411 De
649 2351 851 2413 sacramentis
873 2374 932 2434 pro
953 2354 1096 2435 gildonia
1121 2355 1262 2414 invicem
1279 2351 1368 2412 conin-

266 2434 421 2510 rantibns,
442 2443 477 2494 ut
498 2455 593 2493 nemo
615 2433 721 2493 faeere
741 2443 929 2515 praesumat.
970 2435 1044 2495 Alio
1067 2459 1145 2498 vcro
1168 2436 1260 2496 modo
1284 2433 1318 2498 de
1338 2432 1368 2490 il·

257 2513 372 2578 ‘lorum
388 2515 610 2597 elecmosynis,
626 2523 679 2573 aut
699 2515 738 2575 de
757 2515 927 2594 incendiis,
942 2528 997 2578 aut
1012 2519 1051 2578 de
1074 2518 1258 2600 naufragiis,
1278 2536 1369 2596 qma-

267 2600 316 2660 vis
339 2597 580 2660 conhibentiam
606 2597 752 2676 faciant,
786 2619 880 2660 nemo
908 2600 942 2660 in
971 2599 1033 2661 boc
1065 2601 1175 2664 iurare
1205 2601 1369 2684 praesumat.

258 2681 351 2770 idid.
372 2702 398 2741 c.
425 2680 470 2740 16.

422 2785 463 2846 Ut
485 2785 636 2868 palatium
654 2797 816 2866 pergentes
837 2807 926 2848 nemo
943 2783 1093 2846 adsallire
1119 2787 1246 2846 audeat.

351 2865 522 2932 CXXXV.
564 2871 612 2928 De
643 2866 831 2928 iterantibus
864 2867 920 2948 qni
951 2869 992 2928 ad
1019 2868 1178 2952 palatium
1204 2877 1257 2928 aut
1287 2863 1367 2924 aliubi

267 2959 413 3033 pergunt,
437 2957 471 3008 ut
498 2969 552 3009 eos
574 2969 634 3029 per
656 2948 823 3010 collectam
846 2971 939 3010 nemo
965 2951 1006 3012 sit
1029 2973 1123 3011 ausas
1149 2951 1303 3012 adsallire.
1336 2948 1369 3006 Et

265 3055 359 3092 nemo
382 3031 513 3090 herbam
534 3031 676 3107 alterius,
699 3031 896 3094 defensionis
918 3041 1071 3112 tempore,
1093 3043 1270 3115 praesumat
1289 3029 1368 3090 tolle·

265 3136 323 3192 rc,
357 3113 420 3174 nisi
442 3114 567 3175 bostem
593 3121 722 3196 pergat,
746 3124 801 3174 aut
827 3115 941 3176 Missus
966 3124 1075 3176 noster
1094 3116 1146 3176 sit.
1195 3113 1314 3178 Ibide.
1333 3130 1367 3190 17·

383 3222 431 3279 De
450 3222 597 3290 teloneis,
625 3222 705 3279 sicat
721 3220 741 3278 ia
757 3219 848 3298 longo
870 3219 1028 3280 decretam
1043 3230 1101 3292 est,
1123 3234 1269 3283 servetur.

349 3300 532 3368 CXXXVI.
574 3303 623 3361 De
636 3299 783 3378 teloneis,
798 3302 937 3382 qualiter
950 3311 1041 3362 antea
1055 3303 1233 3364 forbanniti
1247 3303 1368 3371 fuerunt,

265 3383 453 3444 observetur
473 3393 509 3446 ut
534 3405 628 3444 nemo
651 3383 741 3444 tollat
759 3383 822 3444 nisi
848 3383 935 3466 quod
953 3383 992 3444 ab
1017 3384 1153 3468 antiquo
1166 3395 1304 3468 tempore
1322 3388 1371 3441 sta·

264 3475 370 3526 tntum
392 3475 468 3527 erat.
509 3465 593 3528 Ibid.
615 3486 641 3526 c.
667 3467 711 3530 18.
1348 3472 1351 3482 ’

304 3573 353 3630 De
374 3573 537 3653 mancipiis
551 3593 613 3632 non
634 3569 810 3631 vendendis
832 3573 895 3632 nisi
921 3574 954 3632 in
973 3572 1152 3655 praesentia
1173 3571 1337 3634 Rectorem.

350 3651 555 3718 CXXXVII.
596 3657 644 3716 De
669 3653 855 3736 mancipiis,
882 3665 918 3714 ut
945 3674 1010 3714 non
1038 3653 1223 3721 vendantur
1249 3651 1306 3713 nisi
1325 3658 1371 3709 ant

262 3740 296 3797 in
326 3737 504 3815 praesentia
528 3735 680 3816 Episcopi
713 3737 767 3796 rel
796 3737 947 3812 Comitis,
980 3744 1035 3795 aut
1055 3737 1089 3796 iri
1118 3735 1295 3817 praesentia
1317 3733 1368 3794 Ar·

263 3818 457 3895 chidiaconi,
479 3826 535 3878 atat
553 3817 750 3894 Centenarii,
773 3827 827 3878 aut
846 3817 1068 3894 Vicedomini,
1097 3828 1151 3879 aut
1175 3815 1293 3878 indicis
1314 3818 1372 3875 Coa

262 3902 364 3977 mitis,
387 3911 440 3959 aut
466 3909 539 3960 ante
554 3898 651 3970 ¹bene
680 3909 755 3960 nota
776 3900 965 3965 testimonia,
1019 3901 1060 3960 Et
1082 3909 1117 3960 ut
1141 3901 1218 3960 foris
1243 3917 1366 3958 marcam

262 4006 356 4044 nemo
371 3982 530 4063 mancipia
544 3981 672 4046 vendat.
692 3982 735 4042 Et
747 3982 803 4064 qui
820 3982 882 4044 hoc
895 3983 1018 4059 fecerit,
1028 3992 1129 4043 tantas
1143 3981 1367 4044 vicesbannnm

262 4067 374 4141 solvat,
396 4076 515 4145 quanta
531 4063 690 4146 mancipia
703 4064 859 4126 vendidit.
881 4065 922 4126 Et
941 4065 967 4126 si
991 4063 1165 4126 nonhabet
1184 4063 1328 4146 pretinm,
1339 4060 1365 4120 in

262 4145 414 4227 guadium
428 4169 487 4230 pro
501 4167 595 4212 servo
620 4146 825 4229 semetipsam
849 4147 967 4212 comiti
988 4149 1199 4231 donatusque
1219 4145 1292 4208 dum
1311 4145 1366 4228 ipse

261 4229 402 4289 bannum
424 4227 535 4296 solvat.
576 4227 659 4292 laid.
681 4250 705 4294 c.
734 4251 777 4312 ¹9·
