2926 4986
536 335 653 407 steen
689 339 878 404 sceriuus
1183 323 1256 401 too

125 478 178 542 De
191 479 241 540 tis
265 481 320 562 qai
336 494 528 566 putaverant
546 485 666 548 idcirco
693 498 896 570 praeceptum
917 483 1028 570 faisse
1048 509 1113 550 aon
1138 491 1185 550 ite
1214 488 1265 550 od
1277 470 1281 480 ¹

254 585 392 648 pugnem
414 565 620 640 Sacerdotes,
658 583 693 630 ut
729 571 833 630 bonor
861 572 905 629 eis
926 572 1138 634 nziauereiur:

209 665 345 732 CXLII.
388 672 471 750 Quia
500 672 671 756 instigante
695 673 828 757 antiquo
845 673 936 736 boste
957 675 1136 740 audivimus
1158 681 1265 762 quos·'

124 753 198 814 dam
214 773 270 812 nos
282 763 444 835 suspectos
459 755 589 835 babere,
603 767 773 839 propterea
788 759 876 839 quod
898 759 1112 822 concessimus
1127 763 1266 844 Episeo·‘

122 835 173 918 pis
190 844 225 894 et
241 837 478 914 Sacerdotibus,
500 861 535 900 ac
547 839 681 920 reliquis
698 839 759 898 Dei
780 841 891 917 servis,
923 849 959 899 ut
986 839 1020 899 in
1045 841 1163 922 hostes,
1193 845 1256 905 nisi

124 918 189 979 duo
216 926 271 976 aut
282 929 347 980 tres
363 920 380 978 t
399 922 532 982 caeteris
551 921 658 999 electi,
676 930 710 982 et
727 923 916 984 Sacerdotes
938 923 1087 985 similiter
1099 927 1266 1010 perpauci

123 1001 164 1060 ab
184 999 230 1060 eis
245 1000 352 1073 electi,
376 1025 440 1062 non
462 1004 559 1084 irent,
583 1005 666 1066 sicut
683 1004 717 1064 in
742 1005 904 1087 prioribus
926 1007 1045 1066 nostris
1070 1010 1259 1070 continetur

124 1083 374 1164 Capitularibus,
398 1106 458 1146 nee
478 1087 517 1146 ad
535 1109 675 1170 pugnam
696 1098 917 1170 properarent,
937 1107 997 1147 nec
1019 1111 1103 1152 arma
1118 1093 1254 1170 ferrent,

125 1187 188 1226 nec
203 1165 349 1228 homines
370 1177 434 1227 tam
446 1169 644 1231 Christianos
664 1192 760 1252 quam
773 1173 917 1254 Paganos
936 1184 1099 1251 necarent,
1116 1175 1176 1234 nec
1191 1174 1254 1256 agi·

125 1257 244 1308 tatores
266 1251 457 1331 sanguinum
471 1253 597 1331 fierent,
616 1252 670 1314 vel
700 1253 870 1336 quicquam
903 1262 1014 1313 contra
1035 1257 1181 1317 Canones
1206 1258 1256 1316 fa-

125 1340 255 1408 cerent,
271 1333 359 1412 qnod
374 1333 513 1396 honores
536 1336 746 1396 sacerdotnm
764 1347 796 1396 et
810 1357 861 1396 res
883 1334 1104 1397 Ecclesiarum
1127 1341 1257 1416 auferre

86 1488 90 1494 Ι
124 1415 179 1475 vel
201 1415 347 1475 minuere
369 1417 414 1476 eis
435 1417 665 1478 voluissemus:
687 1418 773 1500 quod
794 1419 980 1479 nullatenus
998 1419 1126 1496 facere,
1143 1421 1196 1481 vel
1212 1421 1258 1480 fa-

124 1517 199 1558 cere
218 1497 402 1560 volentibus
425 1500 620 1576 consentire,
641 1522 750 1561 omnes
770 1501 851 1561 scire
871 1502 1031 1582 cupimus;
1054 1501 1111 1562 sed
1134 1513 1256 1584 quanto

125 1579 199 1662 quis
215 1599 325 1638 eorum
343 1581 479 1664 ampl-ius
495 1604 584 1642 suam
600 1604 744 1642 normam
757 1585 940 1661 servaverit,
959 1592 992 1644 et
1010 1585 1081 1643 Deo
1096 1585 1256 1660 servierit,

123 1669 216 1722 tanto
237 1684 311 1739 eum
332 1665 403 1746 plus
422 1664 581 1725 bonorare
596 1673 629 1724 et
640 1665 796 1726 cariorem
815 1665 932 1727 babere
960 1665 1116 1726 volumus.
1158 1667 1201 1726 Et
1220 1677 1259 1728 ut

124 1740 208 1805 baec
229 1744 347 1807 certius
362 1747 544 1824 credantur,
567 1755 598 1807 et
625 1769 683 1828 per
701 1749 810 1808 futura
834 1757 977 1830 temporo
999 1759 1259 1826 conserventur,

126 1827 340 1909 praecipimus
358 1838 394 1889 ut
408 1831 516 1890 nullus
533 1851 584 1890 res
602 1829 778 1907 Ecclesiae,
808 1829 870 1890 nisi
904 1830 1064 1912 precario,
1084 1831 1263 1912 possideat„

124 1911 168 1970 Et
184 1920 351 1992 postquam
366 1914 452 1992 ipsae
473 1912 635 1992 precariae
661 1912 769 1972 finitae
783 1912 917 1990 fuerint,
927 1913 1048 1972 faciunt
1063 1913 1255 1994 potestative

123 1992 342 2074 speculatores
359 1989 522 2055 Ecclesiae
540 2003 645 2052 utrum
661 1995 830 2076 elegerint,
849 2004 904 2055 aut
922 2003 958 2053 ut
972 1995 1055 2076 ipsias
1070 2005 1121 2054 res
1138 1996 1258 2076 reeipi-

123 2085 190 2149 ant,
208 2085 262 2134 aut
275 2078 412 2158 'posteris
424 2099 533 2137 eorum
544 2077 602 2136 sub
619 2077 811 2157 precario'et
821 2097 919 2138 censu
929 2077 1047 2136 babere
1056 2078 1254 2157 permittant:

123 2157 167 2217 ita
187 2166 292 2218 tamen
312 2170 348 2220 ut
369 2160 427 2240 ipsi
445 2159 591 2241 proprias
614 2165 651 2218 et*
672 2159 769 2219 utiles
793 2179 843 2218 res
875 2159 995 2219 eisdem
1018 2159 1193 2234 Ecclesiis‚¹
1214 2161 1254 2220 de

122 2262 261 2322 quarum
283 2243 353 2303 iure
369 2264 434 2303 esse
454 2243 614 2317 videntur,
640 2239 788 2324 legaliter
801 2241 938 2317 tradant,
956 2251 989 2302 et
1009 2241 1055 2300 sic
1076 2242 1093 2299 t
1114 2243 1256 2306 Rectori-

120 2324 190 2383 bus.
201 2326 377 2386 earundem
399 2323 614 2386 Ecclesiarum
634 2324 808 2403 precariae,
830 2323 856 2382 si
872 2323 1078 2384 renovandae
1099 2333 1185 2400 sunt,
1206 2345 1257 2398 cas¹

122 2405 241 2466 nonice
257 2416 465 2468 renoventur.
485 2407 637 2466 Novimus
656 2406 842 2484 ergomulta
860 2427 959 2486 regna
977 2413 1010 2464 et
1021 2406 1123 2485 Reges
1143 2425 1256 2464 eorum

120 2497 293 2570 propterca
310 2490 475 2557 cecidisse,
494 2489 569 2568 quia
586 2489 746 2555 Ecclesias
770 2488 1027 2569 expoliaverunt,
1057 2507 1173 2566 resque
1201 2509 1256 2547 ea-

121 2593 195 2631 rum
217 2582 430 2644 vastaverunt,
451 2572 663 2647 abstulerunt,
693 2566 930 2644 alienaverunt,
958 2569 1010 2628 vel
1039 2567 1255 2647 diripuerunt,
1280 2575 1282 2578 ’

120 2653 354 2735 Episcopisque
375 2664 406 2715 et
426 2653 662 2729 Sacerdotibus,
679 2651 786 2734 atque,
803 2653 890 2733 quod
903 2651 1004 2710 maius
1024 2657 1081 2723 est,
1098 2651 1255 2721 Ecqlesiis

122 2758 238 2818 eorum
258 2737 471 2812 abstulerunt,
489 2747 520 2796 et
542 2736 767 2818 pugnantibus,
782 2735 952 2796 dederunt.
975 2733 1180 2814 Quapropter
1194 2755 1257 2794 neo
1274 2757 1278 2772 ‘v

120 2821 224 2879 fortes
244 2819 277 2878 in
299 2820 387 2879 bello
402 2841 462 2880 nec
486 2819 518 2878 in
540 2820 602 2878 fide
624 2818 752 2879 stabiles
768 2819 918 2891 fuerunt,
939 2836 1011 2897 ,nec
1041 2815 1181 2875 victores
1203 2836 1261 2876 ex·-

108 2901 274 2973 ·titerunt;
296 2901 353 2962 sed
372 2912 460 2983 terga
478 2902 570 2961 multi
587 2900 748 2960 vulnerati
767 2909 798 2958 et
819 2899 929 2980 plnres
949 2897 1114 2974 interlecti
1147 2907 1256 2958 verte-

120 2994 210 3052 runt,
226 3007 390 3066 regnaque
412 2995 444 3044 et
456 2985 616 3066 regiones,
637 2993 669 3042 et
690 2982 778 3063 qnod
793 2982 885 3062 peius
905 2989 962 3056 est,
981 3001 1082 3061 regna
1104 2981 1257 3041 coelestia-

118 3067 346 3148 pcrdiderunt,
364 3078 460 3145 atque
476 3067 614 3148 propriis
636 3063 870 3124 hereditatibus
891 3071 1067 3122 caruerunt
1091 3072 1122 3122 et
1144 3063 1258 3124 hacte-

123 3169 183 3208 nus
225 3161 344 3210 carent.
396 3152 485 3226 Quae
520 3149 626 3210 omnia
661 3148 817 3224 vitantes,
853 3167 914 3206 nec
955 3145 1033 3204 talia
1066 3145 1172 3206 facere
1195 3167 1257 3208 nec

121 3231 321 3308 consentire,
353 3255 412 3292 nec
439 3232 616 3293 infantibus
654 3239 710 3288 aut
737 3227 974 3290 successoribus
1002 3227 1119 3288 nostris
1146 3250 1256 3288 exem-

120 3314 211 3393 plum
225 3313 299 3374 dare
316 3314 550 3391 volumusssed,
565 3323 720 3395 quantum
736 3312 875 3372 valemus
891 3321 922 3371 et
934 3311 1257 3393 possumus,„adiunc·

121 3405 154 3455 to
172 3397 290 3456 leonis
315 3397 418 3478 Papae
446 3407 478 3458 et
503 3398 647 3462 omnium
676 3395 920 3476 Episcoporum‚
955 3415 1093 3474 quorum
1117 3393 1265 3454 consilio¹

120 3479 170 3539 usi
188 3479 250 3539 boc
278 3477 411 3560 egimus,
432 3478 547 3562 spiritu
567 3488 677 3540 nostro
698 3477 826 3558 spiritui
850 3498 987 3553 eorum„
1007 3497 1066 3558 per
1091 3477 1196 3535 Deum
1225 3485 1257 3537 et
1338 3545 1344 3554 .

119 3563 262 3622 omniurn
279 3561 469 3622 Sanctorum
485 3561 822 3642 merita-probibemus
833 3567 1109 3639 contestamurque
1126 3581 1165 3618 ne
1182 3559 1258 3618 talia

117 3645 255 3721 saciant,
272 3644 329 3704 vel
341 3645 446 3706 facere
464 3645 647 3704 volentibus
659 3643 876 3726 eon'scntiant;
900 3642 956 3702 se‘d
973 3641 1137 3702 adiutores
1157 3652 1188 3701 et
1203 3643 1263 3700 des

117 3728 262 3788 fensores
277 3737 373 3808 atque
398 3729 620 3788 sublimatores
635 3725 864 3800 Ecclesiarum,
883 3734 914 3786 et
932 3734 1259 3796 cunctorumaservo*

119 3831 193 3868 rum
214 3809 287 3885 Dei,
305 3833 363 3890 pro
381 3810 504 3870 viribus
532 3809 686 3879 existant3
710 3829 750 3868 ne
766 3809 799 3867 in
822 3809 950 3868 foveam
976 3806 1009 3866 in
1038 3828 1133 3886 quam
1162 3828 1256 3886 prae-

121 3891 201 3950 dicti
223 3893 324 3972 Reges
342 3903 372 3952 et
387 3916 487 3976 regna
500 3891 707 3968 ceciderunt,
733 3891 868 3967 cadant,
901 3899 955 3948 aut
976 3890 1008 3946 in
1030 3889 1257 3968 profundum,

121 3973 208 4054 quod
230 3973 317 4044 obsit,
341 3977 461 4034 inferni
480 3977 716 4056 demergantur.
736 3975 778 4036 Et
800 3984 837 4033 ut
851 3974 930 4034 liaeo
952 3971 1100 4032 devotius
1121 3993 1182 4051 per
1208 3975 1245 4032 fu

116 4065 189 4116 tura
209 4065 353 4136 tempora
369 4069 612 4134 conserventur,
628 4057 866 4138 praecipientes
890 4055 1035 4114 iubemus
1063 4061 1099 4110 ut
1129 4055 1258 4129 nullus,

121 4149 186 4200 tam
208 4135 323 4200 nostris
343 4163 439 4222 quam
457 4141 576 4200 futuris
595 4134 811 4220 temporibuS,
835 4139 852 4198 al
870 4137 961 4198 nohis
986 4135 1036 4194 vel
1067 4141 1269 4199 successori-*-

116 4223 177 4283 bus
201 4221 315 4282 nostris
338 4226 406 4284 ullo
433 4246 576 4306 unquam
598 4233 752 4304 tempore,
770 4223 888 4302 absque
905 4239 1064 4280 consensu
1092 4228 1124 4277 et
1146 4224 1259 4282 volone

118 4315 182 4367 tate
199 4303 432 4389 Episcoporum
450 4310 482 4368 in
504 4329 642 4390 quorum
664 4305 825 4388 parochiis
849 4314 918 4369 esse.
939 4307 1273 4382 noscuntur,‚reslie,·„
