2926 4984
520 305 636 360 ursas
671 303 848 370 Qururus.
1167 284 1239 359 sot

111 447 248 512 cuilibet
263 445 356 508 alteri
377 445 556 524 tradiderit,
579 444 605 506 is
623 445 680 528 qui
695 466 765 506 eam
778 443 968 525 susceperit,
980 443 1136 513 tributum
1151 443 1243 527 'quod

111 533 191 592 inde
214 530 399 592 solvebatur
411 528 499 588 omni
517 529 612 589 modo
632 527 672 588 ad
690 537 812 609 partem
829 535 969 587 nostram
992 528 1169 609 persolvat3
1191 528 1244 587 ni-

112 616 141 676 si
161 615 244 673 forte
263 613 359 672 talem
378 611 561 671 firmitatem
583 610 622 671 de
643 619 732 693 parte
755 609 917 670 dominica
939 610 1057 671 haheat
1069 629 1129 690 per
1148 629 1246 691 quam

113 697 221 780 ipsum
240 695 398 766 tributum
414 693 475 756 sibi
494 693 708 776 perdonatum
733 691 833 775 possit
854 693 1034 759 ostendere.
1055 690 1140 756 Ibid.
1154 711 1179 753 c.
1195 694 1246 775 37.

533 798 582 859 De
602 810 688 858 terro
708 796 835 859 censali.

200 903 417 971 CCXCVlll.
458 903 493 966 Si
514 902 585 986 quis
599 913 715 964 terram
729 903 884 964 censilem
897 903 1056 984 habuerit,
1079 927 1176 989 quam
1194 925 1237 968 au·

116 1001 295 1052 tecessores
309 988 358 1048 sui
378 987 484 1049 velud
504 986 644 1067 aliquam
662 987 841 1046 Ecclesiam
861 986 912 1046 vel
927 987 967 1047 ad
984 987 1093 1048 villam
1107 999 1249 1051 nostram

118 1073 290 1147 dederunt,
314 1072 500 1131 nullatenus
519 1090 587 1130 eam
603 1068 781 1128 secundum
803 1070 907 1150 legem
923 1079 1035 1130 tenere
1055 1081 1178 1151 potest,
1200 1071 1250 1131 ni·

117 1154 147 1216 si
165 1153 222 1213 ille
246 1153 386 1213 voluerit
408 1151 447 1211 ad
468 1151 559 1212 cuius
579 1159 770 1232 potestatem
791 1151 844 1213 vel
868 1151 924 1211 illa
947 1152 1092 1213 Ecclesia
1111 1153 1166 1215 vel
1191 1153 1250 1213 illa

118 1236 200 1299 silla
220 1235 376 1318 pertinen
404 1233 466 1295 nisi
484 1234 567 1293 forte
588 1231 672 1293 filius
688 1243 742 1293 sut
758 1254 857 1316 nepos
880 1233 949 1294 eius
963 1234 1004 1293 sit
1017 1237 1074 1316 qui
1098 1256 1167 1296 eam
1181 1243 1250 1296 tra-

119 1316 224 1395 didit,
247 1325 301 1376 aut
319 1315 349 1376 ei
373 1317 484 1376 eadem
501 1324 586 1376 terra
605 1314 646 1374 ad
670 1316 847 1376 tenendum
869 1315 1017 1396 placitata
1035 1317 1085 1378 sit.
1128 1318 1192 1378 Sed
1213 1317 1248 1376 in

117 1401 182 1460 hac
198 1421 234 1460 re
254 1397 525 1459 considerandum
543 1408 591 1458 est
605 1405 712 1456 utrum
732 1397 788 1458 ille
805 1397 862 1478 qui
877 1397 959 1458 bano
979 1409 1079 1475 tenet,
1102 1399 1194 1468 dives
1209 1419 1249 1460 an

117 1503 246 1566 pauper
257 1480 313 1556 sit,
336 1489 369 1540 et
387 1491 495 1541 utrum
518 1479 606 1540 aliud
626 1478 820 1541 heneficium
836 1479 962 1557 habeat,
984 1480 1035 1541 vel
1057 1480 1152 1540 etiam
1172 1501 1252 1564 pro·
1304 1557 1306 1560 Ι

118 1564 240 1648 prium.
280 1563 323 1624 Et
336 1561 393 1644 qui
406 1563 522 1624 horum
542 1571 693 1622 neutrum
708 1561 815 1640 habet,
838 1583 912 1643 erga
930 1563 1018 1623 hunc
1036 1561 1252 1624 misericordi-

121 1657 174 1706 ter
194 1644 425 1728 agendumst,
449 1667 489 1706 ne
514 1667 554 1706 ex
575 1655 641 1706 toto
664 1645 843 1725 expoliatus
867 1643 900 1702 in
918 1651 1089 1726 egestatem
1110 1645 1250 1720 incidat,

122 1737 161 1790 ut
184 1737 240 1787 ant
262 1729 361 1800 talem
381 1748 511 1789 censum
530 1727 605 1788 inde
626 1728 728 1788 solvat
752 1727 855 1808 qualis
875 1725 905 1788 ei
926 1726 1026 1786 fuerit
1045 1726 1251 1802 constitutus,

121 1811 178 1874 vel
198 1810 381 1892 portionem
403 1809 543 1892 aliquam
564 1809 640 1870 inde
668 1809 702 1869 in
729 1808 924 1871 beneficium
946 1807 1083 1892 accipiat
1108 1808 1199 1876 uude
1217 1828 1253 1871 se

121 1902 304 1956 sustentare
327 1891 441 1956 valeat.
483 1890 664 1974 Ittd.c.59.

270 1997 318 2056 De
348 1997 566 2058 obseruatione
585 2008 823 2081 praeceptorum
847 1993 1087 2066 dominicorum.

214 2099 394 2167 CCXCIX.
435 2103 485 2164 De
502 2100 727 2163 ,observatione
752 2110 997 2181 praeceptorum
1020 2113 1258 2171 nostrorumst

123 2184 376 2260 immunitatum,
399 2193 435 2243 ut
452 2183 497 2243 ita
512 2184 724 2245 observentur
744 2182 957 2265 praecipimus
972 2185 1056 2250 sieut
1075 2187 1200 2250 duobis
1222 2198 1255 2250 et

124 2269 166 2328 ab
188 2265 440 2327 antecessoribus
459 2266 574 2326 nostris
594 2265 802 2326 constitutum
821 2275 876 2330 est.
918 2267 1003 2332 Jbtd,
1024 2287 1050 2328 c.
1066 2267 1116 2340 51,
1204 2306 1208 2314 ·

123 2375 176 2434 De
195 2373 300 2455 ecqui
316 2372 480 2454 proprium
497 2369 688 2453 derelinquit
701 2389 850 2444 uxorem,
876 2371 930 2432 uel
948 2374 1014 2440 sine
1034 2374 1128 2462 culpa
1153 2378 1254 2440 incer.

495 2450 586 2537 ficit,
608 2464 639 2510 et
661 2451 756 2510 aliam
778 2449 876 2514 ducit.
1029 2463 1035 2472 “
1188 2485 1190 2490 .

211 2556 307 2622 CCC.
338 2559 534 2640 Quicunque
554 2556 682 2639 propria
702 2577 802 2616 uxore
814 2553 981 2635 derelicta,
1004 2562 1057 2626 vel
1072 2562 1141 2630 sine
1159 2564 1257 2647 eulpa

126 2643 311 2720 interfecta,
335 2643 429 2701 aliam
446 2639 584 2714 duxerit,
607 2661 700 2701 armis
725 2638 878 2719 depositis
900 2643 1062 2723 publicam
1076 2654 1161 2726 ¹agat
1180 2666 1259 2728 poe·

128 2723 310 2784 nitentium.
351 2725 394 2784 Et
413 2723 438 2784 si
459 2732 632 2783 contumax
658 2721 768 2797 fuerit,
791 2723 1115 2803 comprehendaturb
1132 2728 1257 2796 Comite

128 2816 162 2866 et
183 2807 269 2866 ferro
290 2805 461 2881 vinciatur,
480 2813 511 2864 et
525 2805 557 2863 in
576 2804 751 2866 custodiam
764 2801 918 2882 mittatur,
942 2805 1045 2872 donee
1056 2830 1109 2878 res
1126 2809 1166 2870 ad
1182 2830 1257 2872 nos·

129 2899 211 2948 tram
230 2888 376 2948 notitiam
394 2888 581 2952 deducatur.
624 2886 805 2968 Capitate.
827 2887 898 2967 829.
922 2888 984 2950 Tit.
1004 2890 1033 2961 ὅ,
1053 2913 1080 2958 ε,
1092 2893 1121 2958 5,

130 2995 180 3055 De
196 2991 305 3053 liberis
321 2993 496 3053 leominibus
509 2993 563 3076 qui
580 2991 816 3074 propriumnon
830 2991 953 3070 babent,
968 2993 1027 3056 sed
1046 2997 1079 3058 iu
1100 3010 1186 3068 terra
1200 2999 1258 3061 do.

254 3077 370 3135 minica
395 3073 544 3146 resident,
566 3073 610 3134 ud
630 3073 837 3133 testimonium
857 3095 919 3134 nou
939 3078 1139 3162 recipiendis.

142 3225 143 3232 1
218 3179 333 3242 CCCI.
375 3183 423 3240 De
444 3179 554 3240 liberis
572 3178 756 3239 bominibus
770 3177 826 3259 qui
847 3181 1014 3263 proprium
1037 3205 1101 3258 non
1125 3185 1262 3270 habent,¹

131 3263 189 3326 sed
208 3263 242 3322 in
263 3271 347 3322 terra
368 3260 528 3324 dominica
543 3260 696 3336 resident,
718 3269 755 3320 ut
774 3270 907 3342 propter
923 3285 973 3327 res
990 3266 1120 3330 alterius
1138 3271 1178 3332 ad
1198 3281 1261 3340 tes.

130 3345 304 3406 timonium
322 3366 387 3405 non
407 3344 616 3425 recipiantur.
658 3342 885 3403 coniuratores
906 3353 1010 3408 tamen
1038 3349 1176 3412 aliorum
1195 3353 1258 3416 ho-

131 3429 259 3488 minum
280 3427 353 3486 ideo
376 3447 443 3487 esse
458 3434 603 3508 possunt,
625 3425 701 3506 quia
721 3424 815 3484 liberi
837 3435 922 3492 sunt,
964 3429 1019 3489 llli
1039 3453 1117 3492 vero
1143 3436 1200 3516 qui
1227 3447 1260 3498 et

130 3510 299 3594 proprium
312 3509 444 3585 habent,
466 3518 497 3568 et
518 3517 623 3568 tamen
647 3508 680 3565 in
701 3516 786 3567 terra
803 3507 962 3569 dominica
983 3511 1136 3593 resident,
1160 3540 1260 3602 prop.

133 3597 221 3652 terea
233 3613 299 3650 non
313 3591 492 3653 abiciantur
506 3589 581 3670 quia
598 3589 632 3648 in
646 3598 731 3650 terra
748 3589 909 3650 dominice
923 3594 1081 3665 resielent3
1097 3597 1154 3660 sed
1166 3621 1261 3682 prop.
1280 3647 1284 3654 ,

132 3673 266 3818 tirdh⁰⁰
289 3675 330 3816 gd
356 3672 571 3735 testimonium
591 3671 809 3758 recipiantur,
840 3673 916 3755 quia
935 3677 1104 3766 proprium
1129 3673 1259 3743 habent,

132 3759 155 3822 I
173 3759 185 3815 i
210 3800 218 3815 .
243 3777 269 3816 c.
313 3801 320 3816 ‚
632 3798 634 3803 ,
712 3765 716 3772 ’

173 3863 223 3922 De
239 3848 452 3939 Presbyterts,
471 3861 675 3933 Diaconibus,
698 3873 728 3920 et
741 3860 922 3947 reliquis‘ex
939 3861 1039 3922 Clero.
1071 3863 1219 3928 Canones

247 3945 348 4005 sancti
373 3945 526 4028 Sylvestri
549 3943 737 4004 stallorum
762 3953 884 4007 arxmv.
905 3943 1148 4026 Episcoporum.

218 4047 351 4113 00011.
393 4049 486 4112 Fecit
497 4038 556 4118 bos
570 4049 684 4131 gradus
698 4048 732 4108 in
747 4048 868 4129 gremio
887 4048 1020 4130 Synodi,
1035 4061 1069 4110 ut
1089 4073 1155 4111 uon
1169 4055 1262 4120 Pres.

132 4133 227 4215 byter
247 4133 397 4199 adversus
416 4133 624 4215 Episcopum,
647 4153 714 4192 non
735 4130 899 4191 Diaconus
919 4131 1073 4194 adversus
1089 4134 1261 4220 Presbyte-

132 4237 217 4294 rum,
240 4237 305 4277 non
322 4215 544 4278 subdiaconus
561 4214 711 4279 adversus
726 4213 918 4290 Diaconum,
934 4234 999 4274 uon
1018 4215 1195 4299 Acolytbus
1209 4222 1262 4284 ad-

881 4312 942 4434 ες
