2926 4986
216 293 292 410 698
656 337 940 398 csrsrunsnuu

491 471 543 535 De
559 473 736 538 criminosis
753 495 816 538 non
828 471 1059 560 promovendis.

296 572 454 642 LXVIII·
492 577 545 640 Ad
562 578 686 642 clerum
702 580 864 642 criminosi
889 587 1052 660 nequeant
1072 575 1272 662 promoveri;
1305 589 1342 643 ct

212 656 361 752 inploro
375 658 496 756 positi,
514 660 542 722 si
563 659 598 724 in
615 661 775 746 aliquibus
796 661 981 735 criminibus
1003 661 1129 724 inventi
1150 659 1295 738 fuerint,
1319 661 1342 721 i

213 760 282 804 aurs
299 739 414 804 officns
433 752 613 806 arceantur.
1162 756 1170 776 ·

407 847 457 909 De
469 847 509 910 iis
522 848 578 930 qui
588 849 683 910 uaris
694 849 891 936 passionibus
915 837 1035 910 inretiti
1052 859 1133 908 sunt.

296 949 421 1016 LXIX.
461 952 646 1017 Daemoniis
664 952 802 1039 aliisque
823 953 1021 1040 passionibus
1037 948 1341 1018 inretitis-ministe-

211 1032 261 1098 rio
274 1055 363 1098 sacra
377 1043 514 1098 tractare
531 1056 597 1096 unu
620 1036 708 1100 licet.

384 1163 388 1173 ·
437 1139 486 1200 De
511 1141 641 1202 mortuis
671 1153 784 1204 temere
812 1162 874 1202 non
895 1135 1084 1208 iudicandis.

294 1239 400 1306 Lxx.
438 1245 512 1306 Non
534 1255 582 1308 ost
598 1255 717 1309 temere
741 1245 949 1312 iudicandum
966 1244 1006 1309 do
1027 1243 1078 1310 his
1092 1243 1149 1332 qui
1165 1241 1206 1305 ad
1229 1243 1338 1306 Deum

218 1324 449 1412 migraverant.
1018 1362 1020 1370 ‚

283 1513 285 1520 Ι
555 1434 605 1495 De
630 1435 826 1496 contentione
849 1431 992 1496 vitanda.

297 1533 415 1605 LXXI.
455 1535 663 1624 summopere
687 1537 852 1602 eontentio
868 1545 916 1619 est
929 1537 1068 1600 vitanda.

387 1639 484 1726 Quod
502 1641 595 1721 mali,
616 1641 699 1712 bono
720 1639 941 1716 ministrando,
957 1642 1018 1704 siti
1030 1652 1172 1706 noceant.

292 1746 426 1814 txxtl.
466 1747 567 1827 Mali,
590 1745 676 1810 hona
692 1747 918 1826 ministrando,
950 1745 1012 1811 sihi
1033 1747 1254 1812 tantummodo
1278 1765 1341 1807 uo-

216 1837 313 1908 cent,
338 1851 400 1891 nec
413 1827 579 1892 Ecclesiae
598 1841 794 1894 mammeam
818 1831 1059 1893 commaculant.
1169 1869 1171 1876 ‹

260 1933 304 2002 Ut
318 1935 446 2000 vivente
460 1934 547 2008 oiro,
567 1932 623 2002 usi
641 1956 742 1998 uxore
753 1979 765 2009 ,
788 1956 877 1998 nemo
899 1955 1006 1999 eorum
1039 1933 1133 1998 cheri
1151 1935 1298 2016 coniugio

693 2019 866 2103 copuletur.

292 2117 442 2184 Lxxttt.
482 2119 548 2200 Qui
564 2115 799 2184 interveniente
816 2117 974 2206 repudio,
997 2118 1061 2184 alio
1076 2141 1110 2184 se
1132 2118 1340 2184 matrimonio

214 2204 430 2287 copularunt,
453 2200 512 2265 hos
527 2202 561 2262 in
578 2211 713 2286 unaque
726 2211 815 2286 parte
842 2203 1005 2266 adulteros
1027 2225 1093 2265 esse
1116 2203 1340 2265 manisfestum

207 2284 271 2347 cst.
313 2284 378 2363 Qui
399 2305 477 2349 vero
498 2285 550 2347 vel
573 2305 673 2346 uxore
695 2285 836 2363 vivente,
858 2285 1002 2368 quamvis
1020 2285 1222 2347 dissociatum
1240 2285 1338 2346 vide-

211 2375 287 2428 atur
307 2387 375 2428 esse
390 2367 595 2450 coniugium,
627 2365 777 2427 adoliam
796 2369 945 2450 copulam
962 2367 1165 2444 festinarunt,
1187 2386 1248 2426 nec
1263 2388 1338 2449 pos·

212 2457 289 2514 sunt
304 2448 443 2512 adulteri
459 2471 525 2514 uon
544 2447 667 2526 rideri,
691 2447 862 2513 intantum
894 2458 930 2509 ut
959 2449 1052 2511 etiam
1072 2449 1132 2510 hae
1157 2467 1338 2532 personae,

212 2529 330 2616 quibus
344 2529 509 2596 coniuncti
530 2539 623 2609 sunt,
650 2529 787 2594 adulteri
805 2551 872 2596 esse
893 2541 1122 2598 monstrentur.

426 2636 477 2698 De
490 2646 644 2720 potestate
666 2631 817 2722 Episcopi
839 2636 873 2697 in
889 2637 1121 2723 parocliosua.

271 2795 274 2802 Α
295 2740 439 2808 txxtv.
479 2741 522 2806 Ut
531 2738 752 2822 unusquisqne
760 2739 937 2824 Episcopus
949 2741 1062 2803 habeat
1073 2759 1148 2806 suae
1164 2737 1337 2824 parochiae

214 2833 422 2909 potestatem,
444 2831 475 2884 et
494 2831 585 2904 regat
603 2821 692 2890 iuxta.
704 2823 914 2889 reverentiam
932 2824 1067 2909 singulis
1080 2825 1337 2910 competentem,

214 2903 510 3052 ettiidlidemim
535 2913 623 2989 gerat
644 2903 747 2968 omnis
767 2906 973 2988 possessionis
1000 2928 1082 2991 quac
1109 2908 1169 2972 sub
1190 2906 1260 2970 eius
1287 2917 1338 2975 est

214 3009 258 3074 po
373 3030 381 3049 .

242 3091 286 3156 Ut
296 3081 386 3158 nemo
405 3091 599 3160 Clericorurn
615 3091 729 3174 obsum
741 3091 1049 3233 cpuseusuldpiscopi
1066 3091 1116 3154 sui
1135 3093 1317 3180 Principem
1331 3099 1337 3110 '

296 3245 425 3322 LXXV.
465 3255 586 3341 Siquis
609 3255 697 3317 adire
716 3186 900 3340 tiriiacipsm
919 3255 1096 3320 necessaria
1115 3277 1208 3319 cansa
1225 3256 1341 3338 depos*

216 3335 284 3414 cit,
304 3335 367 3398 hoc
383 3348 495 3421 agatur
509 3361 582 3404 cum
600 3339 736 3402 consilio
754 3347 787 3400 ct
801 3347 936 3400 tractatu
953 3339 1193 3424 Metropolitani
1213 3348 1246 3401 et
1261 3345 1337 3402 eae-'-

214 3427 359 3482 tororum
372 3419 605 3504 Episcoporum
622 3421 722 3502 ipsius
740 3419 934 3503 provinciae.

390 3524 440 3586 De
449 3539 602 3612 potestate
614 3527 770 3612 Episcopi
785 3528 819 3586 in
840 3527 930 3588 rebus
948 3525 1173 3589 ecclesiasticis.

298 3627 450 3693 LXXVI.
490 3632 665 3713 Episcopus
681 3629 966 3693 ecclesiasticarum
985 3653 1092 3695 rerum
1106 3631 1221 3694 habeat
1233 3641 1339 3716 potes-

217 3721 331 3790 tatem,
357 3714 397 3774 ad
415 3713 662 3795 dispensandum
683 3733 756 3799 erga
772 3735 882 3774 omnes
899 3715 953 3796 qni
972 3713 1136 3796 indigent,
1161 3737 1234 3778 cum
1253 3738 1339 3778 sum-

217 3817 268 3856 ma
283 3796 465 3856 reverentia
481 3805 512 3856 et
528 3796 640 3856 timore
659 3795 730 3856 Dei.
770 3795 944 3880 Participet
964 3807 1115 3859 autemst
1134 3798 1201 3882 ipse
1219 3799 1341 3886 quibua

218 3877 360 3959 indiget,
380 3878 407 3939 si
424 3887 528 3938 tamen
543 3877 676 3960 indiget.

265 3988 307 4054 Ut
329 3991 467 4055 Clericus
490 4004 584 4053 extro
607 4013 693 4051 suam
703 3992 904 4076 parochiam,
927 3993 1040 4075 absque
1060 3991 1227 4076 Pontificio
1246 3999 1297 4056 sui

547 4075 695 4146 ermissu,
718 4093 779 4134 non
798 4071 1029 4157 proficiscatur.

299 4155 460 4222 LXXVII.
530 4178 570 4216 on
606 4163 731 4302 oportet
767 4157 970 4238 Sacerdotem
994 4159 1045 4223 vel
1080 4154 1244 4220 Clericum
1267 4156 1338 4222 sina

220 4238 361 4300 iussione
379 4237 428 4302 sui
442 4237 600 4323 proficisci
651 4238 798 4300 ontificis.
