2926 4986
203 305 275 379 tot
619 327 906 390 cartrutatuun

283 467 334 528 De
353 463 474 530 abiecto
495 466 619 533 Clerico
637 470 678 534 ab
697 468 802 534 aliena
821 469 966 533 Ecclesia
981 489 1044 532 non
1059 465 1249 554 recipiendo.

218 651 240 716 d
277 572 498 716 ι(ιῖιΕὲῚΕΧῚΙΙΙ.
538 577 581 638 Ut
600 574 759 640 abiectum
775 575 941 640 Clericum
966 575 1072 637 aliena
1097 571 1244 636 Ecclesia
1265 595 1336 636 nou

201 675 218 714 a
243 675 285 714 mi
316 679 356 722 n.
819 697 823 708 .

414 760 456 822 Ut
475 783 599 848 semper
618 761 664 826 ad
681 763 813 826 Patrem
832 764 936 827 oratio
958 761 1126 844 dirigatur.

282 865 513 932 ccccxvnt.
554 869 597 930 Ut
622 870 732 932 nullus
754 871 788 930 in
803 871 953 955 precibus
970 870 1031 931 uisi
1054 868 1095 929 ad
1113 869 1242 930 Patrem
1255 865 1339 927 diri·

201 949 446 1032 gatorationem.
466 951 510 1014 Et
519 959 555 1012 ut
565 951 655 1037 prius
666 973 718 1016 eas
726 975 801 1014 cum
813 953 1074 1016 instructioribus
1084 958 1209 1012 tractet.
1223 948 1257 1009 V
1253 949 1338 1010 toti.

202 1057 250 1118 De
267 1055 359 1116 rebus
374 1055 537 1140 Ecclesiae
552 1056 573 1120 lt
589 1057 676 1122 nullo
699 1059 822 1121 iniuste
840 1059 1034 1122 retentandis
1056 1057 1111 1119 uel
1131 1054 1337 1150 diripiendis.

282 1162 480 1224 CCCCXIX.
520 1163 569 1226 Ne
585 1163 640 1224 oui
654 1163 752 1226 liceat
770 1187 823 1228 res
847 1165 901 1228 vel
918 1164 1087 1227 facultates
1107 1162 1262 1224 Ecclesiis
1279 1169 1339 1222 aut

201 1243 423 1321 Monasteriis,
451 1243 504 1306 vel
539 1246 771 1326 xenodochiis,
808 1270 867 1331 pro
903 1267 1098 1330 quacunque
1127 1246 1335 1326 eleemosyna

200 1349 274 1389 cum
289 1327 411 1392 iustitia
432 1327 593 1410 delegatas
601 1373 611 1406 ,
632 1338 812 1408 retentare,
838 1331 992 1408 alienare,
1020 1341 1116 1409 atque
1134 1325 1336 1391 subtrahere.

200 1411 299 1488 Quod
317 1411 341 1470 si
360 1409 432 1492 quis
449 1409 577 1489 fecerit,
597 1421 750 1496 tanquam
766 1423 899 1474 necator
912 1433 1103 1494 pauperum,
1125 1409 1335 1490 antiquorum

201 1513 362 1552 canonum
383 1493 551 1556 sententiis
565 1495 777 1571 constrictus,
798 1496 838 1555 ab
853 1497 1017 1556 Ecclesiae
1038 1493 1204 1554 liminibus
1222 1490 1335 1550 exelu-

201 1575 296 1635 datur
305 1575 408 1636 donec
422 1596 551 1658 eaquae
561 1575 685 1640 sublata
700 1588 775 1641 sunt
787 1586 843 1638 aut
851 1587 974 1640 retenta
982 1577 1171 1638 reddantur.
1195 1572 1252 1634 VI.
1265 1572 1333 1638 136.

226 1677 268 1742 Ut
287 1679 326 1742 ab
347 1679 508 1744 Ecclesiae
530 1683 679 1746 societate
701 1683 842 1745 extorris
859 1683 1019 1744 tateacur
1046 1685 1220 1767 quicunque
1245 1682 1314 1743 eius

552 1767 646 1828 rebus
669 1763 817 1828 danrnuns
837 1766 990 1826 intulerit.
1092 1788 1097 1800 ¹

284 1868 465 1935 CCCCXX.
506 1873 550 1932 Ut
566 1873 676 1933 nullus
693 1871 928 1953 Episcoporum
940 1879 996 1931 aut
1009 1869 1184 1934 cuiuslibet
1207 1867 1334 1934 ordinis

202 1949 371 2028 Clericus,
393 1953 445 2012 vel
466 1951 530 2016 alia
554 1975 769 2038 quaecunque
786 1974 933 2036 persona,
955 1953 1155 2036 quibuslibet
1172 1952 1334 2014 conditio-

204 2032 315 2108 nibus,
337 2054 396 2093 seu
410 2033 443 2093 in
460 2055 527 2096 uno
546 2058 648 2119 regno
665 2059 724 2100 seu
752 2035 786 2098 in
813 2034 878 2098 alio
914 2037 1033 2120 positas
1064 2035 1197 2098 alterius
1221 2034 1333 2096 cuius-

202 2136 334 2195 cunque
348 2114 515 2178 Ecclesiae
531 2140 581 2180 res
607 2128 662 2180 aut
675 2127 764 2201 petat
788 2127 843 2178 aut
859 2127 1040 2202 praesumat
1056 2118 1212 2201 accipere.
1235 2116 1335 2193 Quod

202 2196 228 2259 si
253 2197 386 2274 lecerit,
408 2198 531 2260 tamdiu
542 2200 698 2263 habeatur
718 2201 976 2263 bcommunioue
988 2202 1115 2279 altaris,
1137 2199 1190 2261 rel
1211 2198 1250 2259 ab
1267 2219 1339 2259 om-

203 2279 295 2342 nium
307 2281 443 2342 fratrum
465 2303 502 2344 ac
519 2283 661 2345 liliorum
679 2285 811 2346 caritate
829 2305 1020 2366 suspensus,
1050 2283 1156 2344 donec
1177 2281 1244 2363 ipse
1264 2281 1334 2365 ch

203 2359 318 2426 elesiac
331 2362 423 2426 cuius
437 2363 561 2428 directo
578 2367 692 2430 ordine
706 2367 787 2429 iuris
803 2376 868 2445 est,
889 2367 992 2428 ablata
1006 2366 1163 2428 restituat
1193 2363 1229 2426 V
1224 2363 1252 2425 l.
1264 2362 1321 2426 135
1326 2407 1334 2422 .

346 2469 396 2530 De
413 2470 591 2551 privilegiis
621 2471 834 2533 Ecclesiarum
859 2469 989 2533 inlibate
1010 2469 1187 2549 scrutandis.

285 2575 481 2642 ccccxxi.
520 2575 695 2660 Privilegia
714 2587 809 2660 atque
832 2587 1002 2662 praecepta
1024 2577 1243 2638 Ecclesiarum
1262 2595 1335 2633 rna·

204 2677 283 2720 nere
305 2679 430 2741 semper
453 2657 642 2742 incorrupta
667 2659 890 2744 praecipimus.
929 2663 973 2724 Et
999 2659 1156 2742 quicquid
1182 2659 1221 2718 ab
1245 2667 1336 2717 ante·

204 2740 381 2802 cessoribus
395 2725 448 2802 vel
467 2745 653 2827 parentibus
674 2743 790 2804 nostris
817 2744 903 2805 circa
929 2752 1200 2805 sacrosanctarum
1221 2738 1337 2800 Eccle-

203 2822 322 2884 siarnm
337 2823 490 2886 utilitates
513 2826 722 2888 constitutum
740 2835 797 2904 est,
810 2826 861 2887 vel
884 2847 966 2907 quae
986 2823 1106 2907 singuli
1124 2823 1246 2906 quique
1263 2820 1336 2880 An-

203 2906 319 2968 tistites
334 2927 392 2988 pro
411 2903 514 2969 causis
534 2908 757 2969 ecclesiasticis
773 2909 1002 2990 impetrarunt,
1025 2908 1083 2968 sub
1103 2927 1209 2990 poene
1237 2903 1336 2966 sacri-

203 2986 282 3073 legii
297 2989 364 3072 iugi
383 2990 519 3050 solidata
536 2989 724 3052 aeternitate
739 3000 919 3057 serventur.
964 2991 1000 3051 V
996 2996 1023 3050 I.
1044 2991 1115 3072 390.

368 3096 417 3156 Dc
439 3095 571 3158 Clericis
589 3097 764 3184 lapropriis
778 3095 943 3182 Episcopis
965 3094 1170 3176 corrigendis.

286 3198 504 3264 ccccxxss.
545 3202 674 3264 Placuit
688 3212 723 3264 ut
740 3202 859 3264 Clerici
877 3225 942 3264 non
963 3202 1198 3285 distringantur
1213 3200 1267 3263 rel
1281 3199 1336 3261 di-

205 3284 393 3347 iudiceutur
405 3285 466 3345 nisi
479 3285 496 3346 t
511 3286 650 3368 propriis
667 3285 845 3369 Episcopis.
887 3287 947 3348 Fas
970 3288 1058 3348 enim
1072 3306 1137 3345 non
1159 3293 1208 3345 est
1224 3292 1261 3343 ut
1280 3283 1336 3342 di-

205 3369 274 3429 vini
295 3367 439 3428 muneris
457 3367 596 3429 Ministri
616 3368 841 3449 temporalium
862 3370 1059 3431 Potestatum
1082 3367 1263 3428 subdantur
1281 3386 1335 3424 ar-

203 3449 310 3511 bitrio.
351 3449 433 3509 Nam
454 3451 479 3512 si
504 3451 707 3532 propriorum
737 3451 971 3532 Episcoporum
997 3450 1192 3511 iussionibus
1218 3447 1335 3509 inobe-

204 3532 330 3616 dientes
353 3533 531 3612 extiterint,
552 3543 642 3613 tunc,
665 3535 752 3594 iuxta
778 3533 949 3595 canonicas
966 3533 1171 3609 sanctiones,
1193 3551 1252 3614 per
1274 3531 1336 3590 Pt-

204 3622 334 3678 testates
349 3624 473 3678 exteras
487 3617 705 3695 adducantur,
728 3615 840 3694 idest,
862 3639 921 3701 per
940 3617 1072 3712 ludices¹
1080 3617 1251 3678 seculares.

100 3767 111 3778 “
210 3753 252 3818 Ut
277 3752 381 3815 nullus
418 3746 665 3830 Clsorepiscopus
690 3766 752 3830 per
781 3748 1011 3842 inpositionem
1038 3767 1147 3806 manus
1178 3743 1335 3827 Spiritum

266 3848 406 3897 sanctum
431 3828 548 3908 tradat,
569 3841 623 3889 aut
644 3841 906 3888 consecrationem
925 3825 1140 3913 pontificalem
1155 3828 1271 3910 faciat.

287 3933 529 4003 ccccxxltt.
568 3933 705 4010 Placuit,
713 3931 796 3994 sicut
807 3934 1033 4016 LeonisPapae
1051 3943 1082 3995 et
1094 3934 1239 3995 omnium
1247 3934 1338 4018 Epis-

206 4029 549 4104 coporumnostrorum
559 4025 654 4097 atque
663 4016 863 4096 reliquorum
877 4017 1021 4078 fidelium
1033 4017 1180 4100 generali
1195 4028 1226 4078 et
1238 4039 1336 4101 syno-

206 4109 270 4172 dali
284 4107 434 4168 consultu
444 4100 654 4175 decrevimus,
664 4109 698 4160 ut
710 4099 1083 4182 nullusChorepiscopns
1093 4121 1269 4181 permauus
1281 4100 1337 4158 irn-

207 4191 398 4273 positionem
409 4184 564 4268 Spiritum
576 4191 722 4244 sanctum
732 4184 934 4259 tradere,aut
946 4183 1135 4244 Sacerdotes
1145 4185 1195 4243 rel
1209 4181 1336 4244 levitas

208 4265 1336 4349 tintsubdiaconossaorarc,velvirginesvelare,autsauctumcbrisma
