2910 4986
212 314 286 392 lto
503 375 506 380 -
565 275 568 281 .
667 341 984 406 seorstanum.

208 474 305 542 ctiam
340 475 429 540 iuxta
460 475 592 540 modum
625 491 769 546 nostrum
799 503 911 548 eorum
942 466 1115 570 sequentei
1140 489 1368 574 exemplum,

207 581 302 644 saepe
318 571 455 622 vestram
473 562 676 623 devotionem
692 566 731 628 de
745 568 795 630 his
811 571 983 630 admonere
999 571 1192 650 curavimus,
1213 583 1246 634 et
1265 576 1340 636 Deo

205 642 377 706 miserante
394 645 493 703 multa
508 645 570 704 iam
588 648 754 708 emendata
773 661 806 711 et
821 661 964 712 correcta
986 653 1141 714 videmus.
1183 656 1278 718 Unde
1301 666 1340 732 et

204 725 275 788 Deo
290 725 387 787 iustas
409 726 519 787 landes
535 729 733 807 persolvere,
752 741 785 792 et
804 743 926 794 vestrae
943 733 1045 794 honae
1061 735 1235 797 intentioni
1255 738 1340 799 mul·

205 806 340 868 timodas
360 808 511 869 dehemus
527 809 643 891 gratias
664 812 797 874 reicrre.
840 816 1047 898 CapitatLa.
1060 817 1131 879 823.
1143 839 1170 886 c.
1189 840 1213 881 1.
1306 862 1309 869 -

205 915 256 976 De
276 915 383 976 divina
400 916 606 998 providentia
625 912 661 975 in
679 922 901 981 constitutione
923 923 1040 982 Domni
1061 926 1280 1010 Imperatoris,
1304 937 1338 986 et

445 997 484 1059 cie
501 1000 732 1060 conservatione
756 1004 853 1061 trium
872 1003 1096 1086 Cdpr'tulorum.

284 1102 329 1166 II.
371 1103 435 1165 Sed
461 1103 616 1186 quoniam
638 1105 834 1185 complacuit
857 1107 983 1169 divinae
1004 1111 1229 1192 providentiae
1256 1133 1337 1176 nos-

183 1193 282 1249 ¹tram
296 1186 548 1248 mediocritatem
564 1186 605 1247 ad
630 1185 691 1247 hoc
708 1189 904 1250 constituere
925 1199 962 1249 ut
977 1202 1104 1253 sanctae
1123 1215 1198 1254 suae
1218 1193 1335 1256 Eccle-

200 1270 266 1332 siae
281 1279 314 1330 et
333 1269 426 1352 regni
445 1269 542 1329 liuius
565 1289 674 1329 curam
693 1283 891 1352 gereremus,
914 1272 955 1332 ed
979 1272 1041 1335 hoc
1065 1285 1188 1335 certare
1211 1285 1244 1336 et
1273 1298 1333 1338 nos

200 1362 234 1416 et
258 1351 357 1429 filios,
380 1373 416 1412 ac
433 1353 534 1413 socios
555 1360 704 1429 nostros,
727 1352 838 1414 diebus
857 1355 956 1416 vitae'·
969 1366 1094 1416 nostrae
1117 1367 1272 1438 optamus,
1296 1368 1333 1419 ut

199 1435 261 1495 tria
275 1434 458 1516 specialiter
474 1433 622 1515 Capitula
644 1435 709 1493 etia
731 1434 822 1496 nobis
838 1446 869 1496 et
892 1438 910 1497 d
937 1437 1044 1514 vohis,
1066 1436 1137 1498 Deo
1165 1461 1260 1520 opem
1280 1439 1333 1501 se-

198 1524 308 1591 rente,
332 1518 365 1576 in
380 1515 476 1576 huius
492 1516 584 1598 regni
601 1515 873 1579 administratione
890 1519 1073 1600 specialiter
1083 1531 1333 1603 ‘conserventum

198 1599 321 1676 idest,
343 1608 379 1659 ut
396 1599 541 1660 defensio
562 1607 594 1657 et
618 1599 771 1658 exaltatio
791 1599 842 1661 vel
865 1599 970 1661 honor
984 1611 1110 1662 sanctae
1131 1603 1192 1662 Dei
1217 1605 1333 1665 Eccle-

197 1682 263 1744 siae
283 1690 316 1741 et
330 1702 495 1742 servorum
512 1681 601 1740 illins
623 1700 783 1762 congruus
804 1691 947 1759 maneat,
971 1693 1002 1742 et
1023 1705 1085 1765 pax
1101 1696 1133 1747 et
1151 1685 1272 1746 iustitia
1292 1678 1329 1745 in

197 1763 285 1827 omni
300 1762 508 1846 generalitate
521 1762 634 1845 populi
651 1763 750 1824 nostri
764 1763 961 1826 ohservetur.
1005 1765 1042 1824 ln
1063 1765 1114 1828 his
1129 1766 1249 1848 quippe
1266 1791 1332 1829 ma-

193 1847 282 1909 'xime
305 1846 451 1921 studere,
474 1854 506 1905 et
533 1845 573 1906 de
598 1845 647 1904 his
670 1845 703 1904 in
729 1845 875 1908 omnihus
901 1846 1027 1928 placitis
1050 1864 1132 1929 quae
1161 1849 1331 1912 vobiscum

195 1931 268 1991 Deo
290 1928 465 1988 auxiliante
488 1927 628 1988 habituri
643 1947 771 2007 sumus,
793 1949 848 1990 vos
868 1929 1039 1992 admonere
1060 1940 1224 2015 optamus,
1245 1931 1332 1995 sicut

198 2010 360 2076 debitores
381 2029 499 2070 sumus.
538 2009 623 2071 Ibid.
632 2031 658 2070 c.
669 2031 697 2071 2.

198 2115 247 2179 De
268 2119 327 2180 hoc
348 2116 436 2201 quod
453 2114 635 2176 admonitor
644 2113 799 2197 fidelium
819 2115 960 2179 Domnus
992 2119 1171 2203 Imperator
1200 2121 1264 2193 sit,
1294 2133 1327 2184 ct

485 2218 590 2259 omnes
601 2197 723 2280 fideles
749 2197 909 2258 adiutores
930 2201 1038 2284 ipsius.

277 2303 341 2368 Ill.
382 2302 447 2366 Sed
466 2322 659 2384 quamquam
689 2324 811 2372 summa
831 2302 928 2366 huius
952 2305 1120 2368 ministerii
1151 2313 1185 2368 in
1217 2319 1324 2372 nostra

237 2410 331 2450 rsona
359 2385 532 2448 consistere
556 2383 715 2462 videatur,
741 2392 846 2446 tamen
876 2394 908 2446 et
937 2386 1045 2447 divina
1075 2390 1263 2452 auctoritate
1292 2401 1325 2454 et

193 2410 334 2534 limana
353 2467 555 2531 ordinatione
577 2465 619 2525 ita
639 2488 698 2547 per
717 2479 821 2549 partes
841 2466 980 2530 divisum
1009 2491 1075 2532 esse
1104 2475 1323 2553 cognoscitur,

192 2563 232 2616 ut
257 2552 480 2633 unusquisqne
499 2557 639 2610 vestrum
662 2548 695 2608 in
713 2571 771 2610 suo
793 2550 865 2610 loco
885 2559 917 2610 et
936 2551 1049 2613 ordine
1073 2565 1194 2635 partem
1220 2557 1324 2616 nostri

193 2636 365 2699 ministerii
381 2634 499 2694 habere
518 2640 734 2712 cognoscatur.
776 2632 867 2692 Unde
890 2643 1020 2715 apparet
1040 2637 1127 2716 quod
1144 2658 1203 2718 ego
1219 2639 1324 2698 omni·

190 2741 247 2780 ‘um
261 2727 404 2781 vestrum
422 2714 603 2775 admonitor
621 2734 686 2774 esse
704 2713 816 2790 debeo,
834 2723 865 2773 et
879 2734 987 2777 omnes
1004 2737 1060 2777 vos
1075 2719 1174 2778 nostri
1192 2720 1322 2781 adiuto-

191 2825 242 2864 res
262 2823 327 2862 esse
351 2798 483 2861 debetis.
504 2797 569 2856 Nec
590 2796 677 2856 enim
693 2796 873 2876 ignoramus
888 2798 968 2876 quid
984 2798 1160 2881 unicuique
1176 2812 1323 2869 vestrum

190 2887 225 2945 in
241 2884 300 2946 sihi
319 2880 485 2943 commissa
500 2879 647 2958 portione
670 2877 852 2938 conveniat.
892 2880 934 2940 Et
962 2880 1034 2941 ideo
1061 2884 1320 2963 praetermittere

159 2985 162 2990 Δ
190 2988 256 3028 non
275 2986 442 3048 possumus
454 2961 534 3044 quin
554 2980 817 3042 unumquemque
834 2959 923 3022 iuxta
941 2983 1036 3024 suum
1053 2964 1200 3027 ordinem
1211 2967 1321 3029 admo·

189 3069 332 3110 neamus.
375 3044 460 3109 ibid.
475 3065 501 3104 c.
513 3045 541 3104 3.

188 3179 238 3239 De
259 3197 348 3239 sacro
372 3175 546 3236 ministerio
568 3170 816 3256 Episcoporum,
847 3186 877 3234 ct
898 3171 938 3234 de
954 3174 1177 3238 ‘admonitione
1197 3177 1318 3241 Domni

516 3256 720 3338 Imperatoris
742 3252 786 3314 ad
803 3251 986 3340 Episcopos.

229 3435 231 3442 Α
267 3373 326 3436 IV.
367 3373 432 3434 Sed
457 3369 610 3453 quoniam
632 3369 747 3432 scimus
771 3372 859 3451 quod
881 3371 1064 3452 specialiter
1091 3375 1252 3456 pertineat
1275 3377 1315 3438 ad

133 3465 135 3472 ⁴
181 3461 358 3544 Episcopos
379 3462 416 3514 ut
441 3454 578 3536 primum
607 3454 646 3511 ad
676 3473 801 3512 sacrum
829 3454 1043 3515 ministerium
1072 3457 1315 3538 suscipiendum

181 3543 263 3606 iuste
281 3539 444 3613 accedent,
464 3545 496 3597 et
517 3536 549 3593 iu
568 3533 681 3594 eodem
698 3535 876 3596 ministerio
891 3536 1039 3617 religiose
1056 3539 1176 3615 vivant,
1197 3547 1229 3601 et
1248 3550 1313 3602 tam

178 3627 263 3688 ben'e
286 3620 424 3683 vivendo
441 3639 537 3700 quam
556 3624 643 3676 recte
664 3617 878 3697 praedicando
898 3619 1025 3699 populis
1043 3619 1103 3680 sibi
1136 3624 1312 3686 commissis

178 3709 242 3770 iter
272 3705 355 3765 vitae
383 3701 567 3784 praebeant,
597 3707 629 3756 et
654 3707 690 3758 ut
714 3700 747 3756 in
771 3702 971 3760 monasteriis
999 3702 1031 3761 in
1051 3702 1118 3763 suis
1150 3705 1311 3784 parochiis

175 3785 357 3860 constitutis
388 3791 495 3862 sancta
522 3780 637 3860 religio
667 3781 834 3841 observata
866 3782 935 3858 fiat,
959 3792 990 3843 et
1020 3793 1056 3842 ut
1084 3789 1310 3869 unusquisque

174 3874 264 3935 iuxta
280 3890 369 3931 suam
397 3864 628 3950 professionem
656 3863 817 3938 veraciter
839 3865 943 3941 vivat,
967 3886 1075 3925 curam
1102 3864 1310 3948 impendant,

173 3977 285 4017 omnes
302 3973 356 4011 vos
377 3949 411 4008 in
435 3948 497 4007 lroc
513 3965 602 4006 sacro
625 3944 738 4004 ordine
763 3946 951 4007 constitutos
966 3957 998 4008 et
1024 3948 1128 4009 officio
1157 3954 1309 4029 pastorali

113 4057 125 4076 ⁴
169 4041 300 4100 functos
318 4053 484 4092 monemus
503 4038 598 4107 atque
615 4048 773 4108 rogamus,
795 4037 831 4086 ut
849 4027 881 4086 in
900 4029 962 4089 hoc
985 4031 1121 4091 maxime
1143 4032 1308 4095 elaborare

165 4117 334 4191 studeatis,
353 4124 385 4175 et
404 4134 463 4195 per
485 4109 689 4190 vosmetipsos
713 4118 744 4168 et
760 4131 817 4190 per
837 4111 928 4172 vobis
957 4113 1128 4189 subiectos,
1150 4125 1308 4193 quantum

167 4204 210 4266 ed
223 4209 366 4262 vestrum
381 4193 596 4256 ministerium
612 4190 765 4272 pertinet,
782 4192 873 4266 nobis
888 4193 957 4254 veri
976 4195 1136 4256 adiutores
1156 4197 1188 4254 in
1209 4197 1308 4256 admi.

169 4281 370 4365 nistratieae⁴
387 4269 557 4338 ministerii
583 4273 674 4337 nobis
695 4273 858 4338 commissi
882 4275 1033 4356 existatis,
1060 4287 1100 4338 nt
1126 4277 1160 4337 in
1183 4278 1306 4341 iudicio
