2926 4984
496 360 612 418 nasa
646 361 814 426 casurus
917 366 941 437 Ν·
1137 343 1211 417 539

103 499 205 562 dicium
227 496 450 576 declinaverit,
473 501 682 584 quoadusque
704 504 744 565 ad
766 501 996 566 discussionem
1013 501 1133 580 veniat,
1156 511 1212 563 aut

102 604 159 644 rem
172 582 315 644 restituat
331 581 588 664 ecclesiasticam,
610 595 666 645 aut
677 585 901 649 communione
917 585 1072 668 privetur.
1116 585 1212 670 Capi-

101 665 146 730 tnl.
165 665 209 730 II.
230 689 258 726 a.
282 664 352 741 814.
374 686 400 725 c.
423 685 450 729 α.

276 770 324 830 De
344 791 436 832 servo
456 771 616 834 Ecclesiae
631 775 665 833 in
677 771 771 854 furto
785 773 1016 858 comprehenso.

169 872 285 940 CXCI.
327 875 362 936 Si
376 897 487 940 servus
505 876 669 940 Ecclesiae
687 879 720 939 in
739 881 825 940 furto
841 879 1091 961 comprehensus
1102 875 1214 958 fuerit,

96 957 231 1018 dludice
246 957 378 1040 publico
396 958 483 1020 sicut·
492 969 525 1020 et
535 960 655 1042 reliqui
678 960 909 1044 distringatur..
935 962 1017 1022 Etsi
1037 961 1141 1023 ludex
1157 983 1215 1044 pu·

94 1040 188 1101 blicus
202 1061 333 1118 serrum
347 1042 511 1103 Ecclesiae
528 1043 598 1104 sine
617 1046 704 1102 furto
721 1065 784 1103 non
799 1055 1056 1126 praesumentem
1074 1045 1144 1106 sine
1160 1067 1215 1104 au·

96 1121 208 1182 dientiu
224 1121 432 1185 Vicedomini
452 1133 507 1184 aut
520 1124 748 1186 Archidiaconi
767 1135 821 1185 ant
838 1127 982 1200 detinere
1004 1136 1059 1188 aut
1077 1125 1232 1197 iniuria-5

94 1226 125 1264 re
140 1205 398 1286 praesumpserit,
409 1227 493 1267 anno
510 1207 635 1290 integro
649 1207 688 1267 ab
700 1207 864 1271 Ecclesiae
879 1209 1045 1270 liminibus
1059 1218 1213 1273 arceatur.

94 1311 137 1370 De
149 1311 195 1370 bis
204 1312 260 1394 qui
274 1309 428 1373 Clericnm
438 1313 668 1380 iniuriaverint.
690 1315 740 1374 Eu
762 1313 912 1377 Concilio
930 1307 1212 1380 Autissiodorensi.

168 1414 308 1481 CXCII.
349 1417 544 1498 Quicunque
570 1419 671 1480 Iudex
696 1428 751 1479 aut
773 1419 933 1481 Secularis
951 1420 1143 1504 Presbytero
1161 1427 1217 1481 aut

93 1497 238 1574 Diacono,
262 1507 318 1558 aut
338 1500 473 1561 cuilibet
496 1500 641 1579 Clerico,
662 1509 718 1562 aut
740 1502 779 1562 de
806 1501 987 1564 iunioribus
1012 1503 1131 1585 absque
1155 1524 1215 1563 an·-

94 1579 207 1640 dientia
220 1581 376 1664 Episcopi
387 1582 441 1643 vel
458 1582 685 1644 Archidiaconi
700 1585 752 1646 vel
768 1584 1046 1666 Archipresbyteri
1063 1585 1216 1645 iniuriam

94 1661 207 1722 inferre
235 1665 507 1746 praesumpserit,
530 1666 696 1728 anathema
717 1666 757 1725 ab
785 1667 929 1726 omnium
958 1666 1217 1730 Christianorum

95 1744 248 1806 consortio
267 1746 433 1807 habeatur.

116 1847 154 1910 Ut
172 1850 341 1912 homicidis
362 1852 417 1911 uel
443 1853 574 1911 caeteris
597 1854 659 1912 reis
684 1853 740 1936 qni
762 1849 879 1932 legibus
901 1855 985 1914 mori
1003 1851 1138 1932 debent,
1169 1852 1199 1914 si

197 1931 242 1992 ad
255 1933 431 1994 Ecclesiam
452 1931 661 2014 confugerint,
683 1935 787 1995 nullus
815 1937 860 1995 eis
880 1937 982 1996 uictus
1003 1934 1105 1997 detur.

168 2038 324 2104 CXCIII.
366 2041 408 2098 Ut
423 2038 594 2106 homicidis
613 2040 663 2102 vel
686 2039 820 2108 caeteris
837 2040 900 2102 reis
923 2041 980 2124 qui
995 2041 1121 2124 legibus
1134 2041 1218 2103 mori

96 2119 217 2202 debent,
240 2122 265 2184 si
289 2121 330 2182 ad
343 2121 522 2183 Ecclesiam
541 2122 756 2204 confugerint,
779 2122 889 2186 nullus
904 2125 949 2188 eis
967 2123 1071 2189 victus
1091 2125 1196 2192 detur.

96 2203 222 2289 Capitul.
244 2229 273 2270 a.
297 2225 366 2286 779.
388 2225 414 2270 c.
430 2204 458 2269 8.
511 2235 517 2258 u

138 2386 145 2394 ἱ
208 2313 259 2373 De
274 2311 405 2372 decimis
420 2331 480 2394 per
500 2311 666 2372 iussionem
681 2309 834 2398 Episcopi
852 2308 1082 2395 dispensandis.

168 2415 321 2480 CXCIV.
362 2419 405 2478 Ut
419 2416 639 2499 unusquisque
652 2437 741 2477 suam
754 2417 910 2479 decimam
925 2417 1034 2496 donet,
1047 2423 1144 2499 atque
1159 2435 1219 2501 per

95 2499 261 2562 iussionem
280 2499 433 2582 Episcopi
456 2499 625 2581 dispenset.
665 2499 751 2565 Ibid.
771 2521 798 2560 c.
821 2523 849 2582 7.
918 2573 919 2578 η

318 2604 463 2688 Qualiter
482 2602 522 2663 dc
544 2603 716 2664 latronibus
729 2602 917 2685 faciendum
935 2607 986 2667 sit.

169 2711 295 2776 CXCV.
337 2709 381 2768 Ut
396 2708 536 2768 latrones
552 2708 591 2768 de
614 2706 698 2766 infru
718 2707 927 2770 emunitatem
951 2711 969 2770 d
988 2707 1095 2772 indice
1117 2707 1217 2793 ipsius

95 2795 270 2855 emunitatis
293 2791 326 2849 in
352 2788 484 2850 Comitis
502 2791 620 2871 placito
641 2799 896 2870 praesententur.
938 2793 980 2853 Et
993 2793 1050 2872 qui
1069 2793 1131 2854 hoe
1149 2813 1217 2853 non

93 2878 210 2955 fecerit,
231 2872 427 2937 beneficium
442 2880 473 2934 et
492 2872 649 2933 honorem
667 2872 789 2954 perdat.
833 2873 991 2934 Similiter
1010 2875 1101 2937 Vassi
1115 2874 1218 2935 nostri

96 2961 118 3018 si
139 2959 199 3019 hoc
223 2979 290 3018 non
319 2954 585 3036 adimpleverint,
607 2954 802 3014 beneficium
830 2965 862 3015 et
886 2954 1044 3017 honorem
1068 2957 1217 3038 perdant.

95 3040 133 3105 Et
150 3041 206 3124 qui
226 3037 423 3102 beneficium
447 3057 512 3098 non
535 3036 666 3114 babent,
685 3036 830 3098 bannum
849 3037 987 3100 solvunt.
1038 3038 1169 3103 Ibida.
1188 3059 1219 3122 9.

538 3141 587 3201 De
607 3141 769 3235 periuriis.

169 3225 314 3290 CXCVI.
354 3226 403 3286 De
418 3245 456 3286 eo
477 3222 534 3306 qui
545 3221 723 3305 periurium
735 3223 862 3302 fecerit,
883 3232 921 3286 ut
934 3223 1057 3286 nullam
1072 3227 1221 3312 redemp.

96 3310 212 3370 tionem
235 3309 349 3384 solvat,
370 3306 427 3369 sed
441 3327 570 3366 manum
585 3303 705 3387 perdat.
747 3306 842 3383 Quod
863 3307 890 3368 si
905 3317 1070 3370 accusator
1084 3320 1218 3372 conten·

97 3393 169 3453 dere
187 3390 333 3454 voluerit
350 3389 389 3449 de
410 3389 478 3470 ipso
492 3387 647 3470 periurio,
669 3395 755 3447 stent
771 3388 811 3449 ad
831 3411 969 3451 crucem.
990 3391 1032 3452 Et
1052 3391 1079 3452 si
1096 3393 1219 3455 iurator

98 3474 216 3552 vicerit,
238 3474 344 3554 legem
364 3493 451 3532 suum
475 3479 638 3530 accusator
659 3469 817 3535 emendet.
867 3468 936 3533 Hoc
950 3493 1027 3533 vero
1048 3474 1087 3534 dc
1111 3476 1218 3536 mino-

97 3555 179 3616 ribus
196 3557 299 3616 causis
320 3553 560 3616 observandum.
607 3552 656 3611 De
676 3551 850 3613 maioribus
872 3575 950 3616 vero
970 3555 1077 3632 rebus,
1099 3558 1154 3618 aiut
1177 3557 1218 3619 de

98 3645 174 3698 statu
193 3635 413 3719 ingenuitatis,
435 3634 612 3696 secundum
634 3632 739 3714 legem
761 3635 952 3701 custodiant.
1013 3637 1098 3698 Ibid.
1119 3659 1146 3698 c.
1172 3659 1218 3699 so.

96 3743 141 3804 De
165 3745 339 3806 latronibus
360 3746 438 3802 iuste
452 3741 641 3825 peremptis,
665 3751 695 3800 et
713 3741 753 3802 de
765 3743 942 3805 hominibus
963 3745 1077 3804 iniuste
1087 3745 1219 3828 punitis.

174 3849 333 3914 CXCVII.
372 3849 420 3909 De
438 3845 582 3908 vindicta
603 3855 635 3907 et
660 3846 781 3908 iudicio
804 3846 887 3908 iusto
909 3847 942 3906 in
965 3847 1104 3908 latrones
1131 3850 1218 3912 sacto

95 3933 273 3994 testimonia
286 3931 518 4014 Episcoporum
531 3929 650 4010 absque
671 3939 803 4012 peceato
817 3930 950 4016 Comitis
968 3951 1034 3990 esse
1052 3930 1218 4010 dicuntur,

97 4014 138 4074 ita
157 4025 261 4075 tamen
280 4022 315 4072 ut
334 4012 452 4093 absque
472 4011 594 4074 invidia
614 4011 853 4072 antecessione
875 4011 955 4072 mula
977 4011 1040 4072 hoc
1067 4011 1140 4088 fiat,
1164 4012 1217 4072 ni-

20 4097 21 4106 ’
97 4096 205 4178 hiique
229 4095 377 4155 aliudibi
403 4095 628 4176 interponatur
651 4094 713 4154 nisi
732 4115 808 4156 vera
837 4092 956 4154 iustitia
982 4095 1022 4155 ad
1043 4093 1217 4177 perficien-

102 4179 180 4239 dum.
221 4177 282 4238 Ille
303 4198 378 4238 vero
397 4176 454 4258 qui
476 4175 659 4260 perediam
678 4177 730 4238 vel
755 4175 875 4234 malum
894 4171 1079 4260 ingenium,
1102 4184 1134 4236 et
1153 4175 1217 4238 nisi

101 4271 225 4345 propter
239 4259 390 4322 iustitiam
403 4258 593 4340 ludendum,
604 4257 770 4322 homiuem
783 4255 940 4344 punierit,
954 4259 1109 4322 honorem
1122 4280 1217 4322 suum
