2926 4986
205 317 280 394 704
635 347 922 406 ciiriiucaniuii

203 478 254 539 De
273 477 476 560 'Presbyteris
495 481 748 572 Episcopomm,
775 509 836 572 qao
852 490 915 570 i‘psi‘
936 487 984 550 ire
1011 507 1075 550 nois
1092 481 1266 569 potuerint,
1295 479 1342 540 ad

206 591 213 600 ·
566 569 786 649 corrigendum
814 569 985 637 mittendis.

208 687 212 694 ·
288 661 523 740 ccccxxvi.
564 673 608 734 Ut
646 674 796 759 Episcopi
830 685 909 738 tunc
937 673 1097 736 immunes
1118 667 1341 730 habeantur&

208 745 331 842 alumnis
342 793 361 846 ¹.
377 771 451 810 cuin
465 772 578 814 eorum
593 757 799 839 Presbytcros
815 759 855 821 ad
871 781 908 822 ea
924 779 1006 840 quac
1026 755 1086 840 ipsi
1105 773 1171 813 nou
1193 769 1343 810 correxe-

205 839 294 908 rint,
318 833 467 894 miserint
491 835 692 920 corrigenda.

386 939 448 1024 ,De
467 961 503 1003 eo
529 943 585 1026 qui
598 943 711 1026 fallax
729 949 763 1008 in
780 945 857 1030 fide
879 959 1020 1031 repertus
1033 939 1148 1025 suerit.

205 1013 211 1024 '
261 1038 544 1136 ‘CCCCXXVIL
566 1049 600 1112 Si
623 1072 730 1114 coram
749 1052 932 1114 bominibus
953 1059 1116 1134 repertum
1137 1041 1345 1107 mendacium

208 1129 242 1182 et
260 1125 414 1188 infamem
433 1129 512 1192 facit
525 1141 557 1192 et
576 1133 698 1196 damnis
731 1135 856 1218 affligit,
891 1143 1012 1216 quanto
1040 1129 1141 1212 magis
1165 1127 1198 1187 in
1229 1127 1344 1188 divina

207 1205 308 1266 fallax
324 1207 385 1270 lide
405 1221 600 1293 praeventus
625 1237 690 1276 non
717 1220 778 1278 erit
799 1217 929 1298 penitus
956 1215 996 1276 ad
1028 1212 1265 1275 accusationem
1288 1208 1344 1270 iet

1452 839 1455 882 l

1450 897 1455 944 i

1453 951 1455 1006 ¹

208 1288 249 1346 cd
268 1292 487 1354 testimonium
507 1295 733 1360 admittendus.
776 1300 891 1361 Merito
912 1319 989 1380 ergo
1019 1315 1168 1356 accusare
1198 1301 1231 1353 ct
1253 1289 1347 1352 testi·
1454 1359 1455 1380 p

210 1369 305 1432 ficare
319 1374 536 1456 probibentur
554 1379 611 1462 qui
631 1380 664 1440 in
685 1392 772 1442 recta
792 1382 853 1442 fide
873 1379 1014 1464 suspecti
1039 1387 1125 1440 sunt.

213 1475 310 1558 Quod
329 1501 392 1542 aon
415 1482 656 1568 solumflagitia
678 1487 837 1572 deficiida,
857 1487 1021 1548 sedetiam
1043 1484 1161 1545 cimai-is
1179 1479 1346 1564 poenitea-
1454 1459 1455 1494 ³

521 1568 583 1628 tiae
599 1567 736 1654 sterilius
756 1573 820 1630 si'ul
840 1565 1045 1634 eradi'caiida.

207 1688 212 1700 ¹
294 1659 560 1734 ccccxxvni.
606 1673 699 1736 Sicut
721 1672 908 1738 deflendum
941 1669 1132 1736 Christianis
1162 1679 1210 1732 est
1231 1687 1348 1731 eorum

211 1743 317 1838 scelus
329 1749 387 1830 qui
404 1750 438 1809 in
462 1752 591 1815 Christo
604 1757 875 1838 praevaricatores
892 1755 1055 1830 existunt,
1077 1754 1121 1814 ita
1144 1750 1247 1814 modis
1274 1773 1348 1810 om-

212 1826 307 1921 nibus
333 1831 576 1896 decernendum
602 1848 638 1899 ut
661 1841 780 1922 absque
801 1838 1016 1901 satisfactione
1037 1835 1201 1898 Ecclesiae
1233 1834 1351 1894 nullus

211 1927 344 1970 omnino
359 1914 488 1974 veniam
504 1930 665 1981 mereatur
678 1923 735 2003 qui
757 1921 923 1982 cimeliore
947 1918 1113 2002 proposito
1137 1917 1177 1978 ail
1200 1914 1346 1978 deterius

208 1987 389 2088 'declinasse
410 1997 631 2080 convincitur,
653 2005 730 2086 quia
749 2003 890 2066 crudelis
911 1999 1113 2086 etstupeuda
1126 1998 1350 2084 praesumptio

212 2071 388 2136 crudeliori
406 2077 503 2139 debet
518 2083 671 2166 extirpari
690 2085 859 2170 supplicio.

255 2178 305 2238 De
325 2180 383 2242 illo
399 2183 456 2262 qui
474 2203 539 2254 non
554 2188 655 2249 solum
668 2188 795 2270 sartum
814 2188 951 2270 feccrit,
973 2207 1079 2250 verutis
1101 2198 1132 2246 er
1160 2183 1306 2272 quisuri

677 2273 879 2334 consenserit.

212 2429 214 2434 .
248 2450 256 2465 ⁶
295 2365 530 2466 CCCClleX.
568 2371 640 2436 Non
667 2375 774 2438 solum
801 2375 860 2439 ille
885 2375 942 2460 qui
966 2374 1089 2436 furtum
1123 2372 1254 2450 fecerit,
1276 2371 1348 2467 ‘sed

212 2459 310 2513 etiam
334 2462 576 2538 etquicunque
599 2459 746 2521 conscius
778 2459 894 2536 fuerit,
918 2459 969 2520 rel
998 2461 1083 2519 furto
1107 2457 1211 2519 ablata
1240 2477 1348 2516 sciens

159 2601 162 2608 ,
211 2534 407 2616 susceperit,
429 2535 463 2596 in
479 2557 613 2601 numero
626 2542 803 2604 furantium
819 2541 991 2618 habeatur,
1013 2549 1045 2601 et
1062 2539 1161 2604 simili
1178 2537 1345 2601 vindictae

212 2615 383 2678 subiaceat.
429 2617 576 2688 VI.,160.

208 2749 211 2756 ·
258 2721 301 2784 Ut
315 2723 350 2783 iii
367 2737 477 2800 sancto
493 2727 634 2790 Paschae
652 2726 812 2801 Sabbata,
837 2727 891 2790 die
913 2740 944 2790 et
963 2727 1140 2790 Parascece
1148 2768 1161 2798 ,
1181 2726 1301 2788 llli'ssae
1392 2711 1396 2720 ¹

679 2831 743 2871 nori
759 2824 901 2892 agantur.

272 2927 277 2934 '
295 2909 513 2980 CCCCXXX.
554 2916 598 2976 Ui
612 2914 750 2976 Sabbata
766 2926 898 2996 sancto,
919 2913 983 2977 boc
1003 2922 1067 2992 cst,
1090 2912 1124 2973 in
1147 2911 1257 2998 vigilia
1279 2913 1349 2975 Pa-

211 2993 323 3073 sebae,
346 2995 506 3058 ieiunium
523 3007 598 3058 ante
620 2997 725 3059 noctis
743 2997 888 3077 initium,
912 2999 973 3060 uisi
994 3021 1011 3058 a
1033 2996 1176 3078 parvulis
1205 3005 1260 3056 aut
1287 2996 1343 3054 in-

213 3076 328 3154 firmis,
351 3079 587 3145 consolvetur.
627 3080 694 3141 Nec
721 3080 816 3142 Missa
842 3081 1083 3160 inerescere,
1103 3087 1158 3138 ant
1172 3076 1205 3138 in
1225 3079 1343 3138 eodem

212 3159 349 3220 Sabbata
367 3171 496 3238 sancto,
517 3162 572 3224 rel
594 3161 705 3224 divina
724 3163 872 3246 mysteria
892 3162 942 3224 bis
958 3163 1083 3224 duobus
1112 3159 1225 3221 illelius
1251 3160 1343 3220 cele-

210 3239 356 3303 brentur.
398 3243 585 3306 Canonibus
607 3245 729 3328 quippe
745 3245 930 3306 iubentibus
943 3245 1044 3307 biduo
1066 3242 1125 3304 ista
1144 3250 1347 3304 sacramenta

210 3323 341 3407 penitus
359 3345 424 3386 non
439 3326 559 3390 debent
580 3325 748 3394 celebrari.
792 3327 850 3394 VI.
874 3329 944 3392 280.

212 3427 262 3487 De
278 3429 326 3488 liis
340 3427 442 3510 quiin
463 3428 541 3492 locis
559 3430 691 3493 inlicitis
710 3441 741 3492 et
755 3432 882 3492 minime
904 3430 1094 3493 consecratis
1114 3441 1226 3492 conire
1252 3447 1347 3490 cario·

212 3511 314 3571 nicam
332 3513 566 3592 auctoritatem,
594 3515 710 3574 Missas
739 3514 898 3576 celebrare
918 3513 973 3574 vel
993 3512 1105 3572 audire
1129 3524 1345 3594 praesumant,

296 3613 529 3686 CCCCXXXI.
573 3620 734 3681 statutum
764 3617 945 3702 saepissime
974 3626 1006 3678 et
1034 3617 1208 3699 inhibitum
1236 3626 1346 3678 estut

212 3698 382 3760 Missurum
394 3700 627 3762 celebrationes
644 3702 678 3760 in
702 3701 781 3762 locis
802 3699 1090 3786 incongruentibus
1116 3700 1186 3760 fieri
1209 3699 1344 3760 omnino

213 3801 279 3841 non
303 3781 448 3842 debeant.
485 3785 594 3845 =Simul
611 3793 642 3845 et
664 3784 724 3845 hoc
742 3785 907 3846 decretum
924 3793 992 3861 est,
1014 3791 1050 3842 ut
1070 3781 1098 3844 si
1117 3782 1191 3868 ‘quis
1208 3782 1346 3863 Presby-

211 3871 372 3950 terorum,
394 3875 528 3948 excepto
547 3867 677 3949 quando
699 3866 734 3926 iu
753 3865 868 3927 itinere
885 3866 1050 3948 pergitur,
1073 3874 1106 3925 et
1120 3865 1211 3924 locus
1231 3863 1346 3924 basili-

213 3965 268 4006 cae
297 3947 410 4030 procul
431 3958 494 4028 est,
527 3958 560 4009 et
589 3948 623 4010 id
648 3948 682 4008 in
703 3940 860 4015 ¹altaribus
881 3948 920 4008 ab
953 3948 1113 4028 Episcopo
1150 3947 1346 4007 consecratis
1451 4003 1452 4020 ,

211 4027 282 4088 fieri
300 4029 470 4094 necessitas
492 4031 675 4114 compellit,
698 4052 739 4092 ue
767 4031 906 4114 populus
927 4031 988 4090 Dei
1008 4029 1176 4091 Missurum
1197 4029 1347 4089 celebra·-

211 4113 301 4172 tione
318 4112 515 4194 etcorporis
540 4122 573 4175 et
599 4112 764 4211 sanguinis
787 4112 939 4174 dominici
962 4112 1170 4194 perceptione
1198 4121 1346 4186 maneat,

210 4193 380 4265 Missurum
402 4194 636 4260 celebrationes
658 4219 691 4258 ιιι
714 4195 934 4268 huiuscemodi
959 4194 1095 4257 inlicitis·
1115 4194 1195 4256 locis
1210 4203 1280 4278 post
1297 4202 1349 4254 tot

211 4284 379 4360 tantasque
396 4275 634 4361 prohibitiones
650 4279 757 4342 iacere
778 4277 974 4356 tentaverit,
997 4275 1112 4362 gradus
1143 4276 1193 4340 sui
1219 4276 1351 4364 pei-icu-
