2910 4986
188 294 264 372 428
612 318 904 381 cnrrruunnun

353 457 526 543 Desarene,
548 458 639 523 clude
648 507 662 536 ,
684 475 715 524 et
726 462 928 548 pestilentia,
950 467 980 528 si
996 468 1147 534 evenerit.

271 564 371 628 exn.
416 568 466 628 De
485 567 548 630 hoc
562 570 589 630 si
609 570 757 632 evenerit
768 573 885 651 fames,
910 571 1034 649 clades,
1057 574 1263 656 pestilentia,
1282 587 1324 639 et

187 649 402 731 inaequalitas
424 652 524 729 aeris,
556 653 608 714 vel
634 652 697 712 alia
718 656 954 737 qualiscunque
980 655 1169 735 tribulatio,
1193 668 1231 720 nt
1257 681 1322 720 non

188 741 379 816 expectetur
391 734 534 798 edictum
549 743 716 814 nostrum,
730 738 794 799 sed
815 738 920 800 statim
942 737 1136 820 deprecetur
1149 743 1212 802 Dei
1231 742 1325 802 mise·
1436 799 1437 810 ,

187 814 337 878 ricordia.
377 816 421 877 Et
438 816 473 877 in
493 818 655 900 praesenti
669 841 755 880 anno
774 821 814 881 de
830 821 922 882 famis
937 820 1063 904 inopia,
1086 832 1122 882 ut
1144 845 1219 885 suos
1232 825 1324 906 quis-

186 919 251 980 que
273 897 421 977 adiuvet,
438 909 470 960 et
485 922 574 961 suam
588 921 750 962 annonam
770 924 835 963 non
854 903 949 966 nimis
966 924 1038 963 care
1055 905 1183 968 vendat.
1225 908 1268 968 Et
1281 928 1323 966 ne

185 980 265 1043 foris
280 981 451 1063 imperium
465 990 610 1066 nostrum
622 984 782 1047 vendatur
794 985 918 1069 aliquid
930 987 1111 1049 alimoniae.
1134 983 1322 1073 capitatis.
1371 1034 1375 1042 ·

186 1087 216 1126 o.
232 1064 304 1131 805.
322 1065 395 1143 cai.

281 1175 286 1184 '
473 1176 531 1238 De
541 1171 690 1256 fugitivis
711 1174 842 1244 Clericis
857 1177 920 1237 sive
934 1177 1033 1278 tipicis.
1212 1241 1215 1246 ,

221 1359 230 1376 ι
259 1279 385 1377 ssXIIl.
426 1282 476 1379 De
506 1281 652 1378 fugitivis
680 1282 817 1344 Clerieis
839 1282 906 1347 sire
935 1283 1025 1347 laicis
1046 1283 1100 1343 vel
1127 1280 1223 1342 etiam
1248 1281 1320 1342 foe·

186 1379 302 1442 mmss,
338 1372 421 1426 sicut
449 1386 485 1424 m
516 1366 586 1428 alto·
612 1365 791 1450 Capituluri
820 1368 1061 1454 praecepimus,
1097 1366 1141 1426 ita
1159 1373 1319 1428 servetur.

186 1444 273 1507 Ibid.
292 1467 319 1507 c.
340 1447 386 1522 ¹4·

277 1553 326 1613 De
340 1553 448 1615 liberis
463 1553 640 1618 dominibus
658 1555 705 1617 ad
719 1556 880 1616 servitium
897 1556 960 1616 Dei
980 1577 1012 1616 se
1031 1535 1239 1616 tradentibus.

269 1659 386 1722 CXIV.
426 1661 476 1722 De
500 1660 612 1722 liberis
639 1660 824 1722 hominihus
853 1661 909 1744 qui
944 1661 983 1722 ad
1006 1661 1173 1724 servitium
1198 1658 1261 1719 Dei
1287 1679 1321 1720 se

185 1740 312 1804 tradere
334 1741 466 1820 volunt,
490 1753 526 1804 ut
544 1744 632 1827 prius
649 1744 711 1806 hoc
734 1766 799 1805 non
824 1745 944 1804 faciant
958 1745 1087 1827 quami
1107 1745 1198 1805 nobis
1214 1742 1321 1802 licen-

181 1822 263 1915 'tiam
277 1826 454 1908 postulent.
495 1827 564 1888 Hoc
579 1827 671 1904 idei),
690 1827 766 1909 quia
782 1827 963 1888 audivimus
976 1827 1101 1908 aliquos
1117 1850 1156 1888 ex
1174 1824 1239 1886 illis
1255 1846 1321 1884 non

186 1913 252 1966 tam
269 1909 366 1986 *causis
382 1908 566 1972 devotionis
580 1909 643 1970 hoc
660 1910 793 1987 fecisse,
821 1933 916 1992 quam
938 1931 996 1993 pro
1022 1912 1169 1970 exercitu
1185 1928 1242 1968 seu
1259 1908 1322 1965 alia

185 1989 359 2052 sanctione
379 1991 481 2074 regali
500 1991 669 2074 fugienda,
695 1993 849 2074 quosdam
868 2013 945 2054 vero
966 1993 1150 2074 cupiditatis
1173 1991 1266 2054 causi
1282 1989 1322 2047 ab

185 2071 238 2135 his
255 2074 312 2155 qui
332 2093 383 2135 res
402 2074 534 2136 illorum
548 2075 783 2155 concupiscunt
800 2076 1037 2138 circumventos
1050 2076 1239 2140 audivimus.
1279 2072 1323 2132 Et

185 2154 251 2218 hoc
266 2157 341 2220 idat
357 2155 575 2240 prohibemus.
615 2157 702 2223 Ibid.
717 2180 747 2224 c,
768 2157 813 2222 15.

517 2274 566 2334 De
586 2275 788 2359 oppressione
804 2295 989 2358 pauperum.

270 2377 371 2444 CXV.
411 2379 461 2442 De
478 2380 684 2465 oppressione
698 2383 893 2462 (pauperum
898 2378 1125 2460 slliherorum
1139 2377 1320 2458 hominum,

188 2471 226 2524 ut
252 2483 318 2524 non
345 2462 423 2524 fiant
455 2463 473 2525 d
501 2463 737 2546 potentioribus
757 2485 817 2547 per
843 2462 976 2544 aliquod
1006 2461 1125 2521 malum
1153 2464 1322 2544 ingenium

189 2555 303 2608 contra
319 2545 473 2607 iustitiam
496 2547 657 2630 oppressi,
682 2547 726 2606 ita
740 2555 776 2605 ut
796 2546 899 2607 coacti
916 2566 966 2606 res
985 2565 1097 2604 eorum
1110 2546 1252 2604 vendant
1268 2551 1323 2605 aut

188 2629 323 2691 tradant.
365 2629 442 2712 ideo
460 2629 540 2690 haec
557 2637 591 2689 et
605 2651 701 2712 supra
721 2637 753 2689 et
769 2627 823 2689 hic
840 2629 879 2688 de
896 2626 1007 2688 liberis
1030 2626 1216 2687 hominibus
1237 2627 1322 2687 dixi-

89 2717 91 2724 '
187 2733 277 2791 mus,
296 2713 435 2774 nefartis
448 2721 596 2795 parentes
609 2733 720 2773 eorum
735 2719 846 2772 contra
863 2709 1017 2771 iustitiam
1031 2708 1108 2768 fiant
1123 2709 1322 2787 exheredati,

188 2804 221 2858 et
240 2796 349 2880 regale
377 2794 569 2876 obsequium
593 2795 774 2871 minuatur,
797 2802 828 2854 et
855 2793 915 2874 ipsi
931 2791 1068 2852 heredes
1085 2802 1218 2872 propter
1235 2791 1324 2851 indi-

188 2876 330 2961 gentiam
346 2878 489 2940 mendici
508 2878 563 2938 vel
583 2876 725 2938 latrones
748 2898 805 2938 seu
823 2875 1046 2936 malefactores
1066 2873 1253 2933 efficiantur.
1282 2874 1326 2932 Et

189 2970 226 3021 ut
249 2961 375 3043 saepius
397 2981 462 3021 non
487 2960 563 3020 fiant
583 2960 719 3021 manniti
740 2961 779 3020 ad
798 2958 932 3040 placita,
951 2955 1012 3016 nisi
1030 2954 1114 3016 sicut
1127 2956 1160 3014 in
1180 2957 1244 3016 alio
1261 2957 1324 3016 Ca·

188 3043 321 3126 pitulari
340 3043 580 3127 praecepimus,
601 3042 646 3102 ita
664 3052 820 3106 servetur.
861 3039 946 3102 Ibid.
962 3060 988 3098 c.
1009 3037 1053 3097 16.

279 3151 327 3210 De
348 3150 458 3210 Missis
478 3150 534 3232 qui
551 3168 612 3231 per
631 3149 775 3209 ciuitates
796 3160 827 3208 et
847 3145 1041 3207 monasteria
1061 3144 1235 3209 mittuntur.

273 3256 388 3318 CXVI.
432 3258 474 3316 Ut
491 3254 580 3317 Missi
597 3276 656 3337 per
674 3254 816 3336 singulas
839 3252 985 3314 civitates
1006 3257 1038 3309 et
1060 3249 1253 3310 monasteria
1274 3246 1326 3310 vi-

189 3359 301 3400 rorum
324 3345 357 3399 et
372 3339 556 3421 puellarum
572 3337 782 3419 praevideant
804 3335 965 3417 quomodo
987 3339 1040 3390 aut
1060 3333 1200 3412 qualiter
1218 3332 1251 3389 in
1265 3331 1326 3390 do-

189 3421 295 3483 mibus
321 3420 543 3482 Ecclesiarum
570 3429 603 3480 et
633 3421 831 3480 ornamentis
862 3417 1025 3480 Ecclesiae
1054 3415 1239 3474 emendatae
1271 3413 1326 3473 vel

189 3513 384 3567 restauratae
409 3523 476 3564 esse
494 3503 666 3574 videntur3
690 3511 723 3564 et
747 3501 921 3584 diligenter
941 3495 1109 3581 inquirant
1129 3496 1169 3557 de
1189 3515 1327 3555 conver-

190 3587 316 3650 satione
339 3585 562 3670 singulorum‚
588 3586 643 3646 vel
666 3587 828 3668 quomodo
849 3584 1054 3645 emendatum
1083 3578 1223 3639 habeant
1239 3575 1329 3660 quod

191 3669 340 3732 iussimus
362 3669 401 3730 de
425 3688 538 3731 eornm
556 3667 697 3729 lectione
725 3677 757 3728 et
777 3677 894 3744 cantu,
919 3661 1117 3742 caeterisque
1145 3660 1326 3741 disciplinis

192 3753 233 3814 ad
256 3753 405 3813 ordinem
426 3749 662 3813 ecclesiasticae
684 3751 815 3833 regulae
840 3743 1089 3834 pertinentibus.
1133 3741 1326 3826 capitatis.

192 3858 222 3897 a.
240 3835 311 3899 806.
327 3853 353 3895 e.
369 3835 400 3912 4.

533 3916 579 3976 De
599 3917 755 3977 thesauris
769 3914 1001 3980 'ecclesiasticis

199 4098 204 4106 Ι
275 4024 406 4088 cxvtl.
447 4025 490 4084 Ut
516 4011 638 4105 singuli
658 4020 831 4104 Episcopi,
860 4020 1018 4098 Abbates‚
1047 4041 1104 4082 seu
1124 4012 1326 4088 Abbatissae‚

192 4107 368 4192 diligenter
383 4105 590 4169 considerent
602 4104 769 4169 thesauros
784 4103 1034 4182 ecclesiasticos,
1050 4123 1091 4165 ue
1109 4107 1242 4186 propter
1254 4113 1327 4181 per·

198 4227 436 4242 Ἥ

221 4278 264 4351 s)
279 4281 364 4335 Deest
380 4280 409 4334 in
426 4278 461 4334 al.
472 4295 532 4334 mss.
