2948 4990
216 323 289 398 ott
634 333 923 394 carnotenum
943 371 946 378 ·

215 479 372 545 Ministris
391 477 522 538 iniurias
551 477 651 538 veluti
670 475 839 558 publicum
854 479 976 540 crimen
992 474 1153 560 persequi,
1180 495 1217 536 ee
1236 472 1277 535 de
1296 483 1347 534 ta·

215 565 302 626 libus
320 563 385 624 reis
402 560 562 620 ultionem
580 560 707 622 mereri.
747 561 880 645 Capitol.
901 561 946 622 ΙΙ.
968 585 996 621 a.
1018 560 1090 635 814.
1111 580 1139 623 c.
1160 555 1190 620 8.

257 671 306 732 Dc
329 669 452 749 hirqui
472 667 684 726 ecclesiastica
700 666 864 749 privilegia
892 667 1009 729 violant
1030 665 1078 725 vel
1094 662 1305 726 dissimulant.

297 773 416 839 CXVI.
460 772 493 833 si
510 772 674 834 Ecclesiae
692 773 884 836 venerabilis
897 772 1070 854 pririlcgia
1090 769 1283 850 cuiusquam
1295 769 1347 826 fn-

215 862 301 926 erint
310 855 488 920 temeritate
505 855 623 915 violata
638 856 692 916 vel
709 855 961 916 dissimulatione
972 855 1128 936 neglecta,
1140 850 1347 912 commissum

214 945 277 1006 hoc
298 944 330 1001 in
351 939 468 1021 triplo,
501 938 589 998 iuxta
611 939 720 1020 legum
737 939 946 1015 sanctionem,
973 937 1137 998 Ecclesiae
1155 935 1208 996 cui
1222 935 1347 993 factum

216 1036 264 1090 est
279 1031 503 1104 componatur;
531 1020 686 1104 nobisque
708 1021 834 1082 bannus
857 1031 967 1083 noster
985 1020 1019 1079 in
1042 1019 1165 1103 triplo,¹
1184 1017 1246 1078 hoc
1275 1024 1343 1093 est,
1395 1093 1400 1102 ¹

215 1119 266 1172 ter
288 1107 385 1170 solidi
400 1101 562 1184 sexaginta
576 1104 814 1185 persolvantur.

217 1213 314 1299 Quod
332 1214 366 1273 hi
380 1211 435 1294 qni
452 1209 588 1293 praedia
604 1209 814 1271 ecelesiastica
834 1183 991 1296 diripiant
1013 1211 1061 1270 vel
1078 1220 1217 1285 vastant,
1241 1200 1344 1266 sacri·

514 1292 576 1370 legi
596 1292 660 1350 sint
678 1291 837 1374 exilioque
858 1292 1040 1359 damnandi,

296 1398 431 1464 CXVII.
472 1397 521 1458 Ab
539 1396 686 1457 omnibus
713 1396 804 1458 illius
825 1398 1040 1478 usurpationis
1063 1394 1261 1459 contumelia
1284 1393 1343 1454 de-

212 1483 364 1570 pellenda
394 1489 460 1552 est,
493 1499 533 1540 ne
557 1478 688 1560 praedia
707 1479 769 1540 sibi
796 1480 985 1540 coelestium
1011 1490 1208 1542 secretorum
1237 1476 1344 1536 dicata

211 1565 404 1650 quibusdam
419 1561 623 1622 inruentibus
641 1572 807 1622 vexentur.
830 1562 926 1640 Quod
943 1563 968 1624 si
985 1563 1057 1646 quis
1071 1559 1342 1645 praesumpserit,

211 1659 284 1733 post
312 1647 438 1708 debitae
476 1644 609 1706 ultionis
644 1645 873 1722 acrimoniam,
919 1665 1001 1725 quae
1046 1667 1120 1726 erga
1169 1642 1343 1723 sacrilegos

211 1735 291 1875 iqrpl
307 1728 485 1812 promenda
502 1736 565 1805 est,
593 1724 693 1790 exilio
716 1711 891 1812 perpetuae
917 1727 1150 1812 deportationis
1170 1725 1344 1786 damnetur

212 1814 266 1876 Ii
291 1858 299 1873 .
320 1833 347 1871 c.
369 1833 399 1893 9.

279 1915 493 1999 UaEptscopt
510 1931 541 1979 et
568 1915 682 2000 reliqui
701 1914 888 2060 §arelrziotes
917 1917 956 1978 ah
980 1917 1121 1977 omnibns
1143 1915 1280 1978 nexibus
1300 1969 1304 1976 .

688 2011 752 2058 sant
786 2002 798 2056 i
819 2000 874 2062 eri.

294 2102 444 2167 CXVIII.
488 2100 697 2163 Consecratio
720 2103 896 2185 Episcopos
913 2112 944 2163 et
960 2101 1103 2186 reliquos
1127 2103 1259 2164 Domini
1284 2105 1342 2165 Sa·

212 2187 377 2264 cerdotes,
396 2197 460 2246 tam
484 2207 500 2244 a
523 2185 694 2245 servilibus
717 2207 812 2265 quam
830 2197 863 2246 et
880 2207 896 2244 a
915 2186 1049 2248 caeteris
1071 2184 1240 2266 adscriptis
1257 2208 1338 2248 con-

211 2269 405 2345 ditionibus,
426 2287 553 2349 semper
574 2267 691 2327 liberos
709 2268 795 2327 facit.
844 2267 968 2329 Idcirco
983 2269 1198 2352 praecipimus
1212 2279 1250 2330 ut
1266 2270 1340 2331 nul-

212 2356 263 2415 lus
280 2351 318 2414 ab
335 2353 380 2413 eis
399 2350 471 2425 alia,
494 2349 556 2411 nisi
586 2349 711 2426 divina,
737 2350 882 2432 requirat
909 2353 1049 2412 servitia.

345 2457 393 2517 Ne
411 2454 539 2518 Iudaeis
561 2452 752 2513 adhaereant
770 2455 818 2514 vel
833 2453 1011 2516 deserviant
1027 2455 1208 2520 Christiani.

294 2565 407 2627 CXIX.
452 2560 580 2622 Placuit
602 2581 641 2620 ne
658 2559 785 2621 Iudaeis
804 2560 964 2644 mancipia
993 2562 1176 2624 deserviant
1204 2567 1258 2628 vel
1283 2569 1339 2630 ad·

211 2650 366 2710 haereant
382 2643 576 2706 Christiana.

212 2756 261 2815 De
278 2750 445 2835 sacrificiis
460 2769 520 2833 per
539 2750 676 2834 singralas
703 2749 819 2809 Missas
843 2751 863 2808 h
896 2751 1146 2836 sacrificantibus
1170 2757 1339 2823 sumendis.

294 2859 392 2924 CXX.
441 2854 570 2918 Placuit
593 2865 630 2915 ut
655 2854 935 2938 quotienscunque
957 2860 1138 2922 sacrificans
1165 2885 1281 2945 corpus
1309 2874 1340 2926 et

212 2941 403 3024 sanguinem
431 2939 550 3001 Christi
582 2939 658 3000 Iesu
684 2938 815 2998 Domini
851 2941 951 3000 nostri
975 2941 1008 3000 in
1034 2944 1147 3004 altario
1173 2945 1338 3023 immolat,

211 3025 328 3086 totiens
347 3021 563 3105 perceptionis
582 3019 723 3102 corporis
744 3029 775 3080 et
787 3021 1080 3104 sangninis'Christi
1099 3048 1131 3086 se
1148 3028 1337 3112 participem

213 3107 372 3189 praebeat.

452 3211 501 3269 De
518 3209 769 3293 Chorepiscopis,
793 3231 830 3269 ne
846 3209 993 3294 deinceps
1001 3280 1006 3294 Ι
1008 3215 1101 3293 fiant.

296 3315 418 3382 CXXI.
459 3315 586 3376 Placuit
612 3337 652 3376 ne
678 3314 908 3398 Chorepiscopi
931 3320 1155 3400 aquibusdam
1184 3326 1337 3408 deinceps

212 3403 309 3469 fiant;
333 3399 486 3480 quoniam
501 3399 657 3459 imotenus
692 3420 710 3456 a
742 3399 961 3461 nescientibus
996 3415 1176 3466 sanctorum
1207 3409 1339 3468 patrum

212 3495 244 3546 et
255 3481 391 3541 maxime
412 3478 671 3560 Apostolicorum
694 3479 843 3558 decretu,
872 3482 1000 3564 suisque
1027 3487 1189 3566 quietibus
1217 3513 1253 3550 ac
1284 3493 1339 3552 de-

210 3563 435 3629 lectationibus
452 3562 716 3636 inhaerentibus,
747 3564 821 3622 faeti
846 3574 929 3629 sunt.
974 3567 1098 3628 ideirco
1117 3582 1149 3631 et
1168 3573 1246 3632 olim
1265 3595 1339 3654 per-

210 3668 323 3726 saepe,
346 3656 379 3706 et
399 3653 507 3703 nostro
528 3667 545 3702 a
566 3654 673 3704 sancta
694 3646 866 3724 apostolica
887 3646 969 3707 Sede
992 3657 1153 3730 tempore,
1177 3665 1250 3714 stant
1267 3677 1338 3736 pro-

209 3729 319 3799 hibita
345 3738 376 3788 ct
396 3747 436 3786 ne
457 3725 607 3806 deinceps
632 3748 843 3806 equaquam,
864 3739 929 3788 tam
945 3731 1115 3793 ordinante
1134 3758 1230 3816 quam
1254 3736 1337 3797 ordi·

210 3813 280 3873 nari
298 3811 470 3892 cupiente,
489 3807 562 3869 talis
591 3809 803 3890 praesumptio
833 3822 1024 3885 assumatur,
1049 3837 1066 3873 a
1087 3817 1211 3878 cunctis
1237 3817 1336 3880 nostri

208 3894 301 3977 regni
317 3890 485 3976 Episcopis
505 3901 551 3952 est
572 3891 603 3949 in
624 3891 752 3973 Synodo
770 3893 924 3953 canonice
948 3896 1160 3978 prohibitum.
1201 3899 1335 3985 Capitol.

210 4001 238 4040 a.
262 3999 332 4060 799.
354 3997 379 4039 c.
407 3989 430 4033 1.

209 4087 294 4146 :Ne
309 4082 423 4144 Iudaei
436 4091 530 4164 snper
548 4078 743 4140 Christianos
761 4083 903 4160 magistri
924 4085 972 4142 vel
990 4086 1127 4146 ministri
1134 4167 1135 4170 Ἴ
1139 4100 1309 4170 ponantur.

285 4187 414 4249 CXXII.
434 4183 600 4246 Neledaei
611 4183 880 4246 administratorio
893 4189 1032 4264 usu,sub
1043 4191 1336 4266 ordinevilicornm

205 4279 465 4354 atqucactorum‚
487 4265 700 4330 Christianam
712 4267 863 4328 furnillam
884 4290 995 4356 regere
1017 4273 1179 4360 audeant,
1201 4296 1262 4337 nee
1290 4277 1334 4338 eis
