2948 4990
213 305 288 380 628
650 314 950 404 'salmantinum

211 464 415 550 agnationem
430 462 561 546 poterit,
575 481 673 546 qnam
688 481 790 544 usque
808 461 848 522 ad
867 463 994 524 tertiam
1015 464 1256 548 generationem
1270 481 1344 546 per·

209 548 328 613 veniat
369 545 472 610 Homo
492 545 706 607 chartularius
726 544 875 606 similiter
892 546 998 608 faciat
1039 546 1125 612 laid.
1143 567 1169 607 o.
1188 545 1237 627 75.

401 649 442 714 Ut
458 671 548 714 omne
565 665 790 714 sacramentum
811 653 845 711 in
864 651 1008 713 Ecclesia
1026 654 1156 714 iuretur.

291 759 432 824 CCXIV.
474 759 579 820 Omne
600 767 834 822 sacramentum
854 757 887 819 in
905 758 1050 822 Ecclesia
1074 769 1105 820 et
1125 779 1221 841 snper
1249 757 1342 819 Reli-

209 845 301 927 qnias
321 844 455 907 iuretur.
497 841 539 902 Et
555 841 643 923 quod
660 842 692 900 in
708 841 855 916 Ecclesia
883 841 1056 902 iurandum
1086 851 1148 920 est,
1177 839 1232 903 rel
1266 863 1343 902 cum

208 931 264 990 sex
283 926 415 1001 electis,
437 922 491 985 rel
506 923 534 984 si
559 923 729 985 duodecim
749 946 817 986 esse
838 922 973 1000 debent,
998 923 1110 1006 quales
1132 922 1274 1006 potuerit
1292 923 1341 982 in-

208 1009 331 1073 venire.
374 1008 412 1068 Si
430 1006 519 1066 illum
539 1007 624 1064 Deus
650 1007 797 1078 adiuvet,
820 1019 851 1066 et
876 1006 926 1066 illi
959 1006 1069 1067 Sancti
1097 1027 1229 1088 quorum
1258 1007 1340 1064 istae

207 1092 369 1174 Reliquiae
383 1099 473 1160 sunt,
497 1099 532 1146 ut
549 1090 708 1148 veritatem
725 1088 821 1148 dicat.
876 1088 910 1148 si
930 1109 981 1150 res
994 1089 1158 1150 intertiata
1173 1090 1261 1147 furto
1282 1089 1340 1146 ab·

207 1174 272 1234 lata
284 1173 401 1250 fuerit,
424 1170 521 1232 liceat
540 1169 570 1229 ei
592 1191 803 1254 superquam
820 1191 872 1232 res
894 1169 1056 1232 intertiata
1082 1171 1204 1248 fuerit,
1233 1191 1340 1230 sacra-

208 1265 317 1316 mento
348 1276 381 1315 se
409 1272 561 1316 excusare
579 1252 618 1313 de
645 1255 749 1328 furto,
780 1253 869 1334 quod
899 1274 959 1315 nec
981 1275 1057 1315 suae
1084 1253 1259 1319 voluntatIs
1285 1259 1342 1310 aut

209 1335 425 1401 conscientiae
442 1335 554 1396 fuisset
571 1335 661 1416 quod
685 1335 824 1395 ablatum
849 1343 914 1413 est,
945 1343 978 1398 et
1010 1333 1100 1398 aliud
1125 1344 1249 1396 tantum
1269 1334 1341 1398 sine

214 1418 331 1481 damno
348 1419 544 1480 restituatur.
586 1417 671 1480 thid.
684 1438 710 1478 e.
732 1419 781 1498 57.
802 1439 851 1499 72.

214 1524 256 1586 Ut
277 1525 357 1585 vitia
376 1543 454 1605 quae
471 1534 685 1584 remanserunt
708 1524 834 1586 ex.ritu
857 1521 1030 1585 Gentilium
1051 1521 1179 1584 lr'idele's
1196 1536 1341 1583 caueant.

292 1627 426 1695 CCXV.
465 1627 595 1691 Placuit
623 1635 659 1688 ut
686 1627 798 1689 fideles
826 1637 962 1692 careant
992 1629 1071 1692 vitia
1092 1647 1175 1710 quae
1203 1648 1244 1688 ex
1272 1627 1341 1688 rita

209 1712 392 1778 Gentilium
408 1721 646 1780 remanserunt;
664 1708 765 1786 idest,
780 1710 874 1792 magi,
885 1711 989 1789 arioli,
1009 1710 1165 1794 sortilegi,
1188 1709 1340 1790 venefici,

211 1794 326 1872 divini,
337 1793 562 1870 incantatores,
585 1791 816 1854 somniatorum
833 1794 1045 1870 coniectores,
1060 1815 1140 1875 quos
1157 1791 1269 1852 divina
1283 1794 1340 1854 lex

209 1875 496 1940 inretractabiliter
512 1875 623 1957 puniri
643 1875 744 1937 iubet.
785 1874 828 1937 Et
846 1895 888 1937 ne
903 1897 958 1938 eos
978 1875 1066 1939 inter
1085 1895 1119 1938 so
1140 1873 1247 1937 sinant
1270 1895 1340 1937 esse

207 1958 446 2045 providendum
463 1955 528 2019 illis
549 1965 606 2024 est.

543 2062 593 2124 De
607 2059 758 2138 Ecclesiis
774 2060 1001 2130 restaurandis.

227 2187 229 2194 ’
293 2167 443 2236 CCXVI.
483 2167 703 2231 DeEoclesiis
723 2169 949 2249 emendandis,
977 2177 1010 2230 et
1033 2166 1088 2230 ubi
1115 2170 1148 2230 in
1173 2189 1239 2230 uno
1264 2168 1339 2229 loco

209 2261 319 2344 plures
342 2263 418 2316 sunt
434 2275 531 2334 quam
551 2273 630 2334 opus
651 2250 709 2328 sit,
737 2262 773 2311 ut
795 2251 1002 2313 destruantur
1023 2273 1106 2334 quae
1138 2252 1338 2313 necessariae

211 2363 277 2402 non
300 2347 387 2409 sunt,
410 2346 443 2396 et
460 2335 541 2395 aliae
557 2342 795 2395 construantur.
838 2334 972 2418 Capitul.
995 2339 1060 2396 III.
1081 2358 1110 2394 a.
1125 2336 1196 2400 803.
1218 2354 1244 2399 e.
1268 2345 1295 2399 r.

225 2449 228 2458 '
307 2445 355 2506 Ne
375 2439 569 2520 Presbyteri,
590 2441 775 2524 priusquam
799 2441 1029 2531 examinentur,
1043 2438 1240 2502 ordinentur.

292 2547 459 2613 CCXVII.
500 2547 543 2606 Ut
557 2544 742 2628 Presbyteri
759 2566 824 2606 non
845 2544 1039 2607 ordinentur
1059 2545 1345 2628 priusquamsexa·

210 2635 388 2698 minentur.
429 2630 473 2692 Et
497 2637 533 2690 nt
560 2626 849 2690 excommunicatio
872 2627 979 2691 subito
1007 2637 1040 2690 et
1062 2628 1132 2691 sine
1159 2650 1254 2692 causa
1277 2650 1344 2690 non

213 2719 276 2794 fiat.
320 2715 428 2799 Supra
450 2711 519 2776 Lib.
542 2715 569 2772 Ι.
590 2731 617 2771 e.
643 2709 710 2775 136.

217 2824 259 2888 Ut
279 2820 432 2884 dominici
453 2817 548 2880 Missi
561 2816 733 2894 Scabinos,
754 2812 957 2889 Advocatos,
980 2827 1011 2877 et
1041 2817 1192 2880 Notarius
1218 2818 1346 2896 eligant.
1457 2863 1458 2868 1

227 2951 231 2958 ·
295 2923 480 2990 CCXVIII.
523 2924 566 2983 Ut
583 2919 672 2982 Missi
692 2920 794 2982 nostri
814 2920 987 3000 Scahinos,
1009 2920 1211 3002 Advocatos,
1230 2931 1262 2982 et
1278 2921 1347 2980 No·

211 3012 309 3078 tarios
323 3030 383 3092 per
396 3005 523 3090 singula
544 3005 616 3064 loca
630 3003 770 3085 elegant,
793 3013 952 3064 eteorum
968 3005 1117 3082 nomina,
1140 3005 1271 3086 quando
1290 3023 1347 3062 re-

211 3093 298 3162 versi
317 3089 458 3167 fuerint,
481 3107 591 3149 seeum
607 3085 725 3168 scripta
748 3085 903 3147 deferant.
954 3086 1060 3170 Supra
1079 3087 1149 3153 Lib.
1169 3086 1346 3150 Ich.33.

440 3195 490 3255 De
505 3193 553 3254 his
575 3193 631 3275 qui
647 3187 745 3272 legem
766 3211 888 3252 servare
913 3204 1122 3254 contemnunt.

226 3275 228 3280 ¹
299 3303 443 3370 CCXIX.
484 3303 533 3362 De
559 3299 611 3360 his
625 3297 683 3381 qui
704 3298 809 3380 legem
833 3319 960 3359 servare
982 3306 1206 3377 contemnunt,
1229 3308 1267 3358 ut
1286 3321 1349 3381 per

217 3389 420 3452 fideiussores
436 3383 470 3448 iu
487 3381 701 3465 praesentiam
714 3379 808 3461 Regis
826 3379 1037 3446 deducantur.
1078 3383 1210 3444 Ibide.
1233 3383 1284 3458 34.
1351 3447 1355 3462 ,

221 3496 265 3561 Ut
279 3491 402 3580 fideles
424 3509 456 3549 se
477 3487 605 3548 avitiis
625 3484 799 3628 ahsti'rlregnt
822 3504 902 3566 quae
918 3486 1009 3567 quasi
1023 3489 1211 3549 naturaliter
1231 3489 1266 3548 in
1289 3510 1349 3550 usu

721 3591 740 3625 a
761 3578 861 3626 entur.

300 3675 431 3747 CCXX.
472 3663 781 3737 Placuitut'fideles
802 3672 821 3732 i
843 3671 929 3733 vitiis
947 3673 1158 3754 detestandis,
1180 3697 1262 3758 quae
1286 3677 1347 3736 ha-

217 3772 339 3834 bentur
353 3760 444 3844 qnasi
468 3756 660 3818 naturaliter
679 3755 713 3813 in
733 3775 804 3829 usu,
826 3775 859 3815 se
883 3755 1080 3838 abstineant,
1102 3779 1184 3839 qnae
1207 3759 1347 3840 Aposto-

218 3853 270 3914 lus
286 3857 395 3932 aperte
415 3848 592 3917 enumerat,
614 3837 720 3912 idest,
738 3836 918 3911 ebrietates,
936 3840 1191 3917 comessationes,
1214 3853 1348 3901 conten-

218 3935 336 4009 tiones,
358 3924 436 4003 irae,
457 3923 557 4000 rixae,
580 3919 1042 3997 dissensiones,detractiones,
1057 3923 1211 3998 invidiae,
1235 3923 1347 3982 inimi-

220 4016 335 4084 citiae;
358 4007 532 4090 dequibus
550 4003 722 4085 Apostolus
743 4001 807 4061 ait:
838 4003 903 4084 Qui
919 4003 996 4063 talia
1014 4018 1123 4083 agunt,
1146 4024 1274 4082 regnum
1286 4006 1349 4062 Dei

220 4120 286 4162 non
302 4103 537 4172 consequentur.
578 4087 620 4147 Et
634 4085 727 4145 alibi:
756 4085 829 4150 Non
851 4085 953 4144 solam
970 4088 1026 4181 qui
1040 4086 1188 4164 facian,
1210 4087 1270 4146 sed
1292 4086 1348 4168 qui
1456 4093 1457 4106 ¹

221 4177 417 4242 canentum
442 4169 647 4252 furantibus.
696 4166 800 4228 arae
828 4165 895 4228 urs
913 4165 984 4232 aaa
1012 4177 1139 4250 paea,
1158 4169 1349 4230 anunm

110 4297 118 4316 .
223 4280 293 4325 eam
310 4254 390 4322 male
406 4251 565 4339 fecerint,
597 4263 629 4314 et
648 4249 795 4316 exultant
814 4249 848 4310 in
865 4247 957 4312 rebus
966 4251 1122 4334 pessimis.
