2926 4986
476 315 633 372 sunnio
667 313 855 374 secunus
1063 276 1066 282 ’
1170 297 1244 374 785

113 471 194 538 tant,
216 459 250 520 in
271 457 521 540 qustiescunque
548 453 629 516 locis
648 453 712 517 hoe
728 453 803 515 vlieri
827 453 1017 538 didicimus,
1040 481 1081 520 ne
1107 461 1244 524 ulterius

113 549 216 620 fieret,
239 563 313 602 cum
335 539 461 621 ingenti
480 537 708 620 protestatione
729 538 831 600 modis
855 541 1003 602 omnibus
1032 541 1245 624 inhibuimus,

112 627 314 690 attendentes
324 622 408 683 illud
420 622 508 703 quod
520 621 552 681 in
566 620 649 680 libro
660 619 764 682 Exodi
773 621 931 683 Dominus
943 646 1003 706 per
1013 625 1245 706 Legisletorem

113 711 207 773 dicit:
235 707 273 766 Si
290 707 456 789 pecuniam
475 717 558 764 tuam
576 701 704 764 dederis
724 704 929 787 populo'‘meo
944 711 1095 790 pauperi,
1116 712 1171 792 qni
1187 712 1242 770 lra-

113 797 193 858 bitat
209 802 322 860 tecum,
344 808 407 848 non
416 807 527 866 urgeas
540 807 609 845 eum
616 789 713 926 guasi
723 799 867 860 exactor,
886 811 941 848 nee
956 792 1058 866 usuris
1071 795 1243 876 opprimas.

106 879 150 938 ·In
171 874 255 934 libro
274 891 404 953 quoque
429 867 588 931 Leviticis
641 869 849 929 iattennatus
863 869 968 950 fuerit
983 871 1097 952 frater
1114 888 1184 934 tuus
1209 888 1241 936 ct

113 956 260 1042 infirmus
281 974 385 1028 manu,
406 963 437 1011 et
456 951 628 1034 susceperis
652 973 720 1010 eum
749 953 841 1034 quasi
861 952 1014 1014 aduenam
1038 968 1069 1014 et
1094 961 1243 1039 peregri·v

113 1063 200 1111 nram,
231 1049 261 1098 et
282 1036 404 1098 uixerit
425 1046 545 1114 tecum,
568 1053 630 1093 non
652 1035 795 1130 accipias
814 1034 852 1094 ab
874 1055 1073 1109 euasurum,
1097 1060 1151 1099 nec
1172 1041 1242 1101 ain-
1313 1045 1331 1052 “

110 1125 196 1207 plius
214 1137 306 1201 quam
331 1113 459 1176 dedisti.
508 1111 604 1190 ,Time
624 1117 794 1176 Dominum
824 1117 926 1175 Deum
951 1130 1050 1192 tuurn,
1073 1133 1107 1180 ut
1135 1123 1240 1182 viuere

109 1204 212 1290 possit
229 1200 340 1281 frater
362 1210 469 1258 tunsa
492 1195 538 1276 ud
558 1211 597 1258 te.
647 1199 689 1258 Et
718 1199 752 1258 in
784 1197 869 1257 libro
892 1195 1163 1266 Deuteronomii:
1205 1203 1245 1263 Si

106 1306 210 1354 unus,
234 1279 362 1364 inquit,
381 1279 421 1338 de
440 1219 601 1360 duribus
627 1282 689 1340 tuis
708 1282 764 1362 qui
786 1293 949 1341 morantur
968 1285 1053 1343 intra
1067 1299 1178 1368 portas
1200 1289 1243 1346 ci·

113 1368 217 1432 vitatis
241 1378 311 1426 tuae
321 1407 333 1436 ,
364 1364 398 1422 in
419 1374 505 1422 terra
531 1382 624 1445 quam
649 1363 803 1422 Dominus
824 1363 910 1422 Deus
935 1363 1066 1432 daturus
1090 1381 1137 1426 est
1163 1370 1221 1430 tibi
1225 1413 1244 1440 ,

112 1449 158 1513 ad
174 1458 389 1530 paupertatem
410 1445 538 1520 venerit,
558 1465 622 1504 non
645 1445 814 1506 obdurabis
839 1459 1014 1521 cortuum,
1038 1471 1093 1511 nee
1117 1464 1242 1511 contra-

112 1537 167 1596 hes
193 1549 337 1599 manum,
363 1525 423 1586 sed
444 1528 568 1610 aperies
593 1547 661 1587 eam
684 1530 830 1624 pauperi,
853 1541 882 1587 et
906 1527 997 1590 dabis
1019 1544 1159 1593 mutuum
1177 1553 1238 1616 quo

111 1613 253 1692 indigere
282 1631 351 1670 eum
374 1609 590 1691 perspexeris.
632 1611 712 1672 Item
743 1633 776 1670 ιιι
806 1611 941 1671 eodem:
979 1613 1062 1674 Cave
1089 1637 1127 1674 ne
1145 1614 1240 1695 *forte

111 1697 259 1778 subrepat
279 1692 339 1753 tibi
355 1691 453 1774 impia
474 1693 634 1770 cogitatio,
657 1705 688 1752 et
706 1691 794 1754 dieas·
812 1695 846 1754 in
865 1693 1040 1772 cordetuo,
1061 1696 1262 1780 Appropin--r

111 1790 188 1864 quat
208 1777 355 1859 septimus
374 1795 473 1840 annus
491 1775 695 1852 remissionis,
716 1787 747 1835 et
764 1787 892 1835 avertas
907 1777 1014 1837 oculas
1041 1790 1110 1838 tuos
1125 1781 1144 1838 la
1159 1800 1239 1860 pau·

109 1881 186 1948 pere
200 1855 308 1938 fratre
334 1869 401 1928 tuo,
425 1856 534 1916 nolens
557 1856 588 1915 ei
608 1870 747 1918 mutuum
762 1856 850 1940 quod
866 1858 1007 1940 postulat
1026 1861 1240 1938 commodare,

112 1965 151 2006 ne
173 1943 284 2002 clamet
310 1951 475 1999 eontra.te
499 1935 544 1997 ad
565 1939 747 2012 Dominum,
769 1952 800 1999 et
815 1938 884 2020 fiat
908 1943 967 2002 tibi
989 1943 1024 2001 in
1049 1957 1239 2025 peccatum,-

112 2023 172 2087 sed
192 2023 282 2084 dabis
304 2023 346 2094 ei,
368 2042 425 2082 nee
450 2041 521 2100 ages
541 2022 702 2104 quippiam
715 2021 840 2085 ¹callide
867 2025 900 2082 in
918 2025 983 2082 eius
1000 2026 1239 2086 necessitatibus

112 2105 321 2182 sublevandis,
342 2117 383 2173 ut,
397 2102 560 2176 benedicat
575 2104 632 2164 tibi
644 2104 798 2165 Dominus
814 2105 900 2164 Deus
914 2119 989 2168 tuus
1006 2109 1039 2168 in
1056 2110 1144 2167 omni
1159 2121 1243 2168 tern-

110 2210 189 2276 pore
210 2191 244 2248 in
268 2189 386 2248 eunetis
408 2186 545 2266 adquae
569 2205 693 2246 manum
711 2189 844 2248 miseris.
885 2187 981 2248 Amos
997 2189 1159 2270 Propheta
1175 2191 1244 2253 uite:
1283 2189 1289 2217 '¹

111 2270 229 2338 Audite
243 2273 319 2342 boc,
350 2271 405 2350 qui
427 2268 588 2331 conteritis
604 2289 793 2351 pauperem,
817 2282 849 2329 et
872 2269 1010 2353 deficere
1031 2265 1146 2352 facitis
1165 2293 1238 2352 ege-

112 2376 171 2418 nos
193 2367 309 2424 terrae,
330 2349 494 2413 dicentes:
524 2349 657 2434 Quando
680 2352 827 2412 transibit
847 2353 968 2424 messis,
992 2365 1023 2413 et
1044 2354 1241 2416 venundabi-

112 2458 182 2500 mus
204 2456 334 2506 merces,
358 2447 388 2494 et
406 2434 583 2508 sabbatum,
613 2445 644 2492 et
665 2431 1057 2517 aperiemus'frumentum,
1081 2449 1114 2496 ut
1138 2438 1241 2496 inimi·

111 2539 244 2582 nuamus
262 2537 455 2590 mensuram,
479 2527 510 2575 et
531 2535 696 2594 augeamus
714 2517 834 2594 siclum,
858 2527 889 2575 et
905 2538 1115 2600 supponamus
1140 2531 1237 2578 state·

110 2624 166 2664 ras
187 2598 329 2672 dolosas,
349 2612 384 2662 ut
396 2598 612 2683 possideamus
628 2600 661 2658 in
677 2612 806 2678 argento
831 2619 941 2678 egenos
960 2613 991 2659 et
1007 2621 1163 2684 pauperes
1176 2621 1239 2682 pro

109 2679 334 2761 calciamentis,
356 2694 388 2742 et
404 2680 589 2764 quisquilias
602 2679 764 2758 frumenti
783 2682 985 2741 vendamus?
1020 2682 1238 2766 Hieronymus

109 2769 146 2829 in
173 2765 373 2848 expositione
396 2760 578 2824 Ezechielis
596 2763 795 2844 Prophetae:
818 2767 937 2824 Putant
959 2764 1087 2846 quidam
1110 2786 1250 2824 usuram.

110 2862 232 2914 tantum
247 2868 312 2926 esse
332 2850 366 2906 in
383 2845 527 2929 pecunia.
570 2844 665 2926 Quod
675 2845 860 2910 praevidens
878 2846 1046 2928 scriptura,
1070 2848 1171 2906 omnis
1190 2848 1239 2906 rei

109 2931 216 3010 aufert
234 2927 572 3014 superabundantiam,
597 2929 721 3010 utplus
744 2949 807 2988 non
832 2929 967 3012 recr'pias
993 2949 1087 3011 quarn
1108 2928 1240 2990 dedisti.

110 3014 223 3074 Solent
242 3014 275 3072 in
300 3013 385 3090 agris
401 3009 559 3090 frumenti
581 3022 611 3069 et
627 3010 720 3081 milii,
745 3011 809 3069 uini
830 3023 861 3070 et
887 3011 961 3082 olei,
982 3024 1236 3096 caeterarumque

110 3096 285 3176 specierum
307 3113 419 3154 usurae
443 3093 541 3169 exigi,
564 3093 644 3162 siue,
666 3104 700 3151 ut
722 3093 861 3174 appellat
884 3113 986 3153 sermo
1015 3092 1156 3165 diurnus,
1181 3117 1236 3152 su-

108 3175 398 3261 perabundantiae:
426 3172 510 3234 uerbi
528 3175 650 3252 gratia,
681 3185 715 3232 ut
737 3175 854 3251 hyemis
877 3188 1013 3256 tempore
1039 3175 1148 3236 demus
1176 3175 1235 3236 de-

111 3280 179 3319 cern
202 3257 338 3328 modios,
361 3257 444 3317 etin
467 3275 564 3316 messe
584 3256 770 3339 recipiamus
792 3257 988 3337 quindecim,-
1008 3259 1066 3332 lroe
1084 3273 1142 3331 est,
1167 3252 1235 3322 ani·

108 3341 194 3426 plius
210 3351 301 3420 parte
323 3338 444 3410 media:
466 3340 521 3422 qui
541 3339 743 3398 iustissimum
762 3359 793 3397 se
815 3340 984 3422 putauerit,
1006 3351 1148 3422 quartam
1161 3343 1236 3425 plus
1286 3383 1289 3388 Δ

111 3423 244 3503 accipiet
264 3423 449 3501 portionem.
491 3421 534 3480 Et
562 3421 664 3480 solent
687 3423 902 3498 augumentari
930 3442 966 3481 ac
995 3423 1120 3483 dicere:
1150 3425 1238 3486 Dedi

111 3526 207 3566 unum
225 3503 387 3582 modiana,÷
400 3504 455 3584 qui
479 3516 563 3578 satus
580 3501 663 3578 fecit
685 3500 793 3583 decem
819 3503 951 3564 modios.
992 3505 1102 3580 Nonne
1119 3509 1236 3569 iustum

111 3601 158 3664 est
181 3599 215 3647 ut
236 3584 375 3645 medium
398 3585 538 3646 modium
560 3585 601 3646 de
630 3607 697 3645 meo
720 3586 794 3668 plus
818 3587 979 3669 accipiam,
1002 3609 1072 3646 cum
1093 3590 1146 3650 ille
1167 3612 1236 3650 nara

110 3669 301 3732 liberalitate
322 3690 434 3729 novem
464 3682 495 3728 et
516 3670 608 3728 semis
635 3665 674 3727 de
696 3689 764 3727 meo
790 3669 927 3730 habeat?
974 3670 1081 3730 Nolite
1107 3694 1235 3749 errare,
1301 3733 1306 3740 ,

110 3752 215 3832 inquit
238 3749 420 3831 Apostolus,
441 3753 529 3810 Deus
552 3772 616 3810 non
646 3749 808 3810 irridetur.
849 3750 1048 3834 Respondeat
1072 3755 1154 3812 enim
1182 3777 1237 3816 no·

22 3897 27 3908 ‚
112 3835 160 3894 bis
178 3834 317 3892 breuiter
324 3831 514 3912 foenerator
533 3834 728 3908 misericors,
752 3834 854 3892 utru'rn
880 3834 1006 3893 laedenti
1033 3833 1169 3911 dederit,
1193 3860 1235 3896 an

109 3936 176 3976 non
201 3915 335 3979 habenti.
375 3914 516 3976 Habenti
535 3917 640 3997 utique
671 3913 748 3974 dare
772 3913 836 3974 non
860 3915 1037 3988 debuerats
1059 3917 1116 3976 sed
1147 3917 1238 3978 dedit

110 3997 203 4078 quasi
222 4017 285 4058 non
306 3999 450 4068 babenti„
481 3997 567 4076 Ergo
590 4017 685 4078 quare
705 3997 776 4080 plus
787 3997 892 4076 ,exigit
912 3998 1002 4080 quasi
1024 3999 1062 4057 ab
1084 3999 1238 4061 habente?

54 4088 56 4094 “
109 4077 180 4138 Alii
197 4081 333 4162 pecunia
348 4079 518 4160 foenerata
539 4079 641 4142 solent
661 4079 843 4140 munuscula
864 4079 1005 4160 accipere
1032 4079 1156 4140 diversi
1179 4103 1236 4164 ge-

109 4163 199 4222 neris
224 4165 255 4220 e't
279 4182 342 4232 non
370 4163 553 4242 intellegunt
580 4182 708 4224 usuram
734 4161 890 4244 appellari
915 4173 945 4220 et
975 4163 1235 4245 superabundan-
1282 4199 1285 4207 ·

111 4243 190 4310 tiam
208 4242 361 4328 quicquid
381 4243 466 4319 illud
486 4255 544 4321 est,
563 4245 597 4321 ⁴si
622 4245 660 4326 ab
681 4264 718 4306 eo
738 4242 826 4324 quod
843 4241 988 4304 dederint
1005 4245 1078 4330 plns
1108 4267 1237 4331 arrepe-

898 4357 947 4426 50
