2926 4986
496 296 654 358 sumno
690 293 881 354 secunus.
1181 263 1249 340 781

182 437 281 528 Quod
301 437 340 501 ob
361 437 530 528 Episcopis
551 423 665 502 ieiunis
693 434 924 518 impositionem
953 449 1100 494 manuum
1110 429 1196 514 fleri

612 531 766 602 oporteat.
1231 577 1233 587 Ι

203 601 264 670 VI.
306 603 349 662 Ut
372 601 547 684 Episcopi,
568 599 701 672 nonnisi
716 596 838 676 ieiuni,
859 617 919 678 per
934 593 1258 674 impositioucmma-

36 701 38 712 '
118 708 219 750 nuum
244 683 402 767 Spiritum
423 694 569 744 sanctum
591 683 734 758 tradunt,
766 679 909 762 exceptis
934 677 1069 738 infirmis
1099 685 1131 736 et
1155 684 1258 736 morte

118 766 386 854 periclitantibus.
430 767 648 835 Sicutautem
667 763 792 824 duobus
823 761 1037 842 temporibus,
1058 758 1180 821 Pascha
1212 757 1261 818 vi-

120 841 239 914 delicet
254 858 286 910 et
303 851 530 925 Pentecosten,
542 846 747 927 baptismum,
764 846 807 904 ita
826 845 921 910 etium
942 843 1149 902 trad-itionem
1162 861 1258 902 sanc·-

20 1003 21 1010 χ
120 935 145 996 ti
157 933 300 1018 ,Spiritus
319 931 336 989 b
353 930 472 992 ieiunis
487 928 698 992 Pontificibus
713 928 868 989 convenit
890 925 1058 987 celebrari.

203 1041 252 1100 De
273 1037 476 1113 Presbyteris
499 1035 669 1096 indiscrete
690 1053 749 1118 per
769 1033 900 1093 clinerso
920 1053 983 1092 non
1005 1029 1177 1094 mittendis.
1226 1052 1228 1058 ’

179 1119 282 1182 4ῊΙ.
325 1121 367 1178 Ut
391 1119 598 1202 Presbyteri,
633 1117 717 1182 sicut
738 1115 894 1175 hactenus
918 1117 1038 1175 factum
1069 1122 1133 1191 est,
1156 1110 1261 1172 indis-

121 1214 210 1265 crete
227 1223 287 1284 per
304 1200 431 1261 diversa
449 1221 514 1260 uon
540 1201 814 1275 mittantur,‘nec
843 1197 881 1256 ab
908 1197 1097 1279 Episcopis,
1133 1216 1194 1254 nec
1221 1193 1266 1254 ab·

124 1286 194 1347 aliis
214 1282 387 1360 Praelatis,
411 1303 470 1342 nec
491 1283 586 1342 etiam
606 1283 622 1342 is
645 1281 766 1352 l.aicis;
790 1301 830 1340 ne
853 1281 955 1356 forte,
987 1289 1120 1362 propter
1148 1299 1261 1338 eorum

121 1365 318 1440 absentiam,
342 1373 375 1423 et
390 1365 568 1424 animarum
584 1364 729 1447 pericula
761 1372 793 1423 et
828 1361 1047 1423 Ecclesiarum
1076 1361 1110 1421 in
1143 1360 1261 1444 quibus

121 1446 292 1510 constituti
315 1455 393 1506 sunt
411 1447 627 1529 neglegantur
640 1446 755 1508 officia.
801 1444 836 1506 V
831 1445 878 1507 II.
900 1443 966 1510 162.

126 1553 170 1618 Ut
189 1552 375 1630 Presbyteri
394 1551 449 1636 qui
471 1551 611 1634 ,gradum
642 1553 823 1625 omiserint,
854 1551 1022 1613 canonicae
1046 1550 1259 1634 poenitentioe

149 1691 153 1700 ,
609 1635 795 1702 subduntur.

208 1715 305 1781 VIll.
347 1714 397 1776 De
424 1716 623 1800 Presbyteris
650 1717 783 1797 gradum
813 1712 1052 1792 amittentibus,
1087 1713 1192 1775 visum
1216 1723 1264 1774 est

126 1797 219 1867 nobis
238 1807 275 1858 ut
296 1798 518 1878 unusquisque
537 1799 771 1880 Episcoporum
794 1797 893 1870 vitem
913 1807 944 1858 et
966 1797 1262 1872 conversationem,

127 1878 319 1960 morumque
338 1882 596 1940 emendationem
619 1899 731 1940 eorum
765 1881 822 1961 qui
847 1881 981 1960 gradum
1003 1879 1172 1955 amittunt,
1196 1883 1266 1937 'tam

126 1964 194 2045 ipse
212 1983 308 2044 quam
335 1982 395 2043 per
421 1963 584 2025 Ministros
615 1984 688 2026 suos
721 1961 866 2039 noverit,
896 1981 1014 2042 eosque
1044 1961 1265 2042 poenitentiae

126 2047 303 2107 canonicae
324 2044 461 2104 subdere
484 2045 735 2126 nonnegleget,
759 2046 846 2104 iuxta
863 2045 951 2124 quod
970 2045 1004 2102 in
1023 2043 1171 2104 Concilio
1187 2041 1266 2119 Cae·

126 2126 278 2202 sariensi,
300 2125 397 2186 titulo
414 2126 538 2208 primo,
561 2127 728 2187 scribitur:
750 2127 940 2204 Presbyter,
970 2127 999 2184 si
1023 2146 1155 2186 uxorem
1181 2147 1267 2184 occe·

49 2208 53 2213 “
124 2211 221 2295 perit,
244 2210 281 2269 ab
304 2207 416 2268 ordine
437 2208 619 2292 deponatur.
643 2209 680 2268 Si
694 2231 771 2269 nero
780 2206 961 2287 fornicatus
972 2205 1078 2286 suerit
1096 2220 1149 2266 out
1167 2207 1264 2267 odul-

129 2291 242 2352 terium
257 2293 501 2372 perpetraverit,
522 2291 655 2375 amplius
669 2292 749 2374 pelli
767 2291 858 2350 dedet
877 2304 907 2350 et
927 2291 982 2350 sub
996 2291 1198 2372 'poenitentia
1219 2311 1267 2349 re-

127 2373 205 2450 digi.
246 2372 405 2431 Nonnulli
426 2372 530 2451 enim,
554 2373 667 2433 amisso
682 2373 800 2456 gradu,
815 2373 904 2432 adeo
924 2371 983 2431 filii
997 2371 1100 2430 Belial
1121 2371 1268 2430 efficiun-

127 2464 193 2531 tur,
213 2461 250 2512 ut
269 2473 330 2512 nec
347 2454 497 2534 puhlicis,
512 2455 588 2536 quia
603 2457 651 2516 fes
672 2476 737 2515 non
757 2465 821 2532 est,
845 2475 906 2514 nec
932 2452 1114 2529 canonicis,
1136 2463 1269 2534 propter

113 2534 336 2618 ,quorundam
365 2536 600 2621 Episcoporum
627 2536 804 2615 incuriam,
839 2536 966 2619 legibus
995 2534 1268 2618 constringantur.

133 2618 212 2682 VII.
239 2617 306 2697 194.

133 2722 176 2784 Ut
195 2721 299 2783 nullus
332 2722 593 2800 Presbyterorum
622 2725 753 2784 Missum
781 2725 866 2786 solus
892 2724 1049 2794 celebrare
1075 2737 1266 2809 praesumot.

214 2803 273 2869 lX.
316 2805 429 2867 Visum
461 2808 555 2866 etiam
572 2808 663 2868 nobis
681 2807 744 2886 fuit
761 2807 844 2867 illud
870 2807 1102 2884 inhibendum,
1132 2816 1166 2866 ut
1191 2808 1268 2868 uul-

131 2889 183 2948 lus
203 2887 470 2968 Presbyterorum
488 2890 574 2962 solus
590 2891 727 2950 Missam
740 2891 904 2950 celebrare
918 2898 1113 2970 praesumat3
1125 2895 1127 2898 ’
1137 2889 1212 2970 quia
1227 2893 1270 2951 ita

133 2991 194 3030 nec
228 2969 324 3028 verba
360 2969 490 3029 Domini
520 2972 701 3038 salvatoris.
734 2973 852 3053 quibus
886 2972 1037 3054 mysteria
1070 2973 1213 3056 corporis
1238 2982 1271 3032 et

135 3049 301 3132 sanguinis
315 3051 363 3110 sui
380 3053 556 3133 Discipulis
571 3054 636 3114 suis
653 3053 844 3114 celebranda
860 3053 1073 3132 contradidit,
1096 3075 1157 3114 nec
1171 3055 1271 3134 Apios-

134 3131 194 3192 toli
206 3132 299 3191 Peuli
316 3133 507 3194 documenta
529 3137 712 3210 declarant,
735 3158 795 3196 nec
815 3136 910 3196 etiam
925 3136 957 3194 in
978 3137 1054 3217 ipsis
1072 3137 1159 3196 Actis
1172 3137 1271 3216 Apos-

134 3214 296 3292 tolorum,
319 3213 343 3274 si
366 3219 560 3276 enucleatim
581 3219 746 3300 legantur,
769 3219 811 3278 ita
831 3217 902 3277 fieri
932 3217 1050 3278 debere
1078 3219 1146 3277 ullo
1174 3221 1269 3279 modo

135 3294 311 3356 iuvenitur.
354 3297 447 3359 Unde
475 3299 738 3376 conveniendus,
773 3301 870 3360 immo
903 3298 1149 3381 interrogandus
1178 3301 1270 3372 nobis

136 3377 266 3440 videtur
281 3376 465 3440 huiusmodi
488 3383 630 3464 corporis
648 3393 680 3443 et
698 3383 1004 3461 sanguinisDomini
1021 3383 1183 3444 solitarius
1195 3406 1271 3444 con-

135 3469 286 3537 secrator,
310 3461 426 3541 quibus
443 3463 531 3540 dicit,
554 3467 708 3525 Dominus
728 3467 893 3539 vobiscum,
911 3474 941 3524 et
959 3465 976 3524 a
994 3487 1058 3546 quo
1075 3465 1124 3525 illi
1138 3487 1271 3546 respon-

137 3543 247 3618 detur,
271 3555 301 3602 et
322 3565 390 3602 cum
408 3547 521 3626 spiritu
538 3560 608 3623 tue,
631 3547 683 3606 vel
701 3569 758 3627 pro
780 3547 898 3628 quibus
921 3549 1134 3630 supplicando
1155 3548 1269 3606 Domi-

137 3645 180 3684 no
196 3625 283 3683 inter
297 3623 621 3705 caetera,Memento,
644 3629 791 3701 Domine,
807 3629 1003 3708 somniorum
1011 3630 1269 3711 sarmentorumque

134 3719 278 3782 tuorum,
301 3720 331 3765 et
356 3710 494 3766 onsru'um
525 3712 813 3788 circumstantium,
837 3733 910 3778 cum
938 3712 1047 3772 nullus
1070 3712 1271 3789 circumstet,

138 3786 227 3846 dicit.
277 3789 368 3864 Quae
394 3792 615 3868 consuetudo,
647 3791 721 3872 quia
754 3794 947 3873 apostolicae
975 3805 1008 3854 et
1036 3793 1273 3854 ecclesiasticae

139 3867 321 3928 auctoritati
338 3871 528 3952 refragatur,
545 3883 577 3932 ct
596 3883 684 3933 tanto
701 3875 857 3956 mysterio·
872 3876 1033 3957 quandam
1048 3875 1274 3936 dehonoratio·

138 3969 214 4009 nem
230 3951 377 4031 inrogare
396 3954 541 4028 videtur,
566 3957 713 4017 omnibus
735 3957 827 4018 nobis
844 3959 877 4016 in
904 3979 1073 4018 commune
1096 3957 1202 4030 visum
1227 3968 1274 4024 est

136 4037 175 4090 ut
190 4031 343 4114 deinceps
356 4033 579 4096 huiuscemodi
592 4060 668 4100 usus
685 4038 878 4106 inhibeatur.
1094 4037 1096 4046 '

145 4205 147 4213 .
202 4135 301 4208 Utin
324 4159 504 4220 unaquoque
526 4141 669 4202 Ecclesia
687 4144 837 4225 proprius
860 4145 1028 4222 Presbyter
1049 4145 1233 4209 habeatur„

220 4216 263 4284 X.
305 4219 408 4304 Saepe
426 4243 563 4310 namque
582 4225 711 4320 inaliis
727 4225 907 4306 Consiliis,
932 4237 1074 4291 etnunc
1099 4228 1133 4289 in
1159 4231 1276 4309 nostris
