2926 4986
494 332 608 393 alneu
642 331 842 407 sarrrnus.
1192 308 1265 384 763

135 475 316 554 conficere,
338 473 390 536 rel
404 473 564 538 Ecclesiae
580 481 634 534 aut
647 471 758 535 altaria
772 491 915 548 sacrare,
938 478 994 531 aut
1006 465 1268 532 benedictionem

135 562 171 622 in
193 558 325 644 publica
340 557 434 618 Missa
449 556 577 642 populis
592 555 734 621 tribuere
750 561 947 638 praesumat:
969 574 1051 634 quae
1066 550 1173 611 omnia
1185 571 1268 610 sum·
1301 626 1306 632 μ

134 643 195 705 mis
216 638 447 718 Pontificibus,
470 640 504 700 id
527 649 592 714 est,
615 637 851 698 cathedralibus
874 636 1058 718 Episcopis,
1086 631 1266 710 debentur,

135 735 169 785 et
187 745 252 785 non
275 722 521 806 Chorepiscopis
540 721 591 782 vel
609 720 830 802 Presbyteris,
852 739 992 799 quorum
1010 719 1154 792 formam,
1177 713 1268 774 iuxta

124 816 322 868 sanctorum
340 806 485 881 decreta,
507 801 738 885 Chorepiscopi
759 811 884 884 gerunt.
907 801 942 862 si
963 810 1071 861 autem
1087 795 1124 856 hi
1143 795 1267 881 aliquid

134 911 176 952 ex
192 889 241 949 his
260 907 353 969 agere
372 885 592 962 tentaverint,
623 885 714 945 irrita
744 892 840 946 erunt
859 905 941 965 quae
968 877 1011 942 ab'
1030 881 1075 943 eis
1095 890 1266 963 gerentur,

135 981 168 1034 et
189 969 248 1054 ipsi
266 969 352 1029 omni
371 967 587 1032 ecclesiastico
606 967 731 1032 bonore
744 966 892 1029 funditus
908 965 1088 1051 priventur.
1131 961 1266 1048 Capitul.

134 1059 164 1122 Ι.
183 1077 210 1121 a.
230 1053 338 1120 tote.
356 1051 394 1115 5»

134 1183 185 1244 De
201 1185 250 1244 itis
270 1183 325 1270 qni
341 1181 361 1245 ἱι
377 1179 865 1324 Οὴονερίεεορίειειὲηιύἕζιῖὶηαζί
883 1177 1084 1258 Presbyteri,
1109 1176 1265 1246 Diaconi,

576 1285 615 1324 ve
678 1285 696 1322 ιι
743 1285 855 1329 iacens.

178 1389 412 1454 ccccxxlv.
433 1393 475 1451 Ut
484 1389 517 1450 hi
527 1386 1266 1476 quialChorepiscopisPresbyterirelDiaconi,

134 1473 641 1552 autSubdiaconisuntordinati,
654 1475 839 1536 nullatenus
851 1474 884 1534 in
894 1475 1131 1557 presbyteratus
1151 1470 1203 1532 vel
1222 1470 1270 1550 di·

134 1567 285 1620 aconatus
299 1567 354 1616 ant
367 1555 614 1619 subdiaconatus
630 1557 733 1621 officio
745 1555 925 1618 ministrare
939 1563 1156 1640 praesumant·
1169 1551 1268 1614 Simi-

133 1640 211 1703 liter
225 1639 372 1701 bomines
387 1639 445 1720 qui
461 1639 499 1698 ab
519 1637 675 1720 imperitis
692 1641 731 1700 ab
744 1639 790 1700 'eis
807 1635 961 1702 videntur
980 1659 1049 1700 esse
1067 1633 1267 1712 confirmati,

134 1723 189 1784 vel
208 1721 352 1806 virgines
368 1743 426 1782 seu
445 1722 610 1785 Ecclesiae
638 1729 794 1802 sacratae,
817 1732 872 1782 aut
898 1716 1035 1793 chrisma
1059 1721 1265 1796 confectum,

133 1805 203 1866 sive
220 1803 329 1864 altaria
344 1804 507 1881 dedicata,
529 1827 588 1887 pro
603 1803 797 1865 confirmatis
812 1804 864 1866 vel
887 1804 1015 1866 sacratis
1040 1810 1095 1860 aut
1110 1799 1267 1867 dedicatis

117 1885 266 1947 minime
282 1885 479 1952 habeantur:
501 1888 578 1968 qnia
601 1909 682 1970 quae
706 1887 756 1947 illi
782 1907 848 1946 non
868 1887 1071 1962 habuerunt,
1093 1883 1169 1944 dare
1199 1902 1265 1952 uon

135 1977 329 2052 potuerunt,
352 1969 505 2048 quoniam
527 1991 567 2030 ex
588 1969 638 2032 his
668 1969 714 2030 eis
742 1967 916 2052 quicquam
946 1990 1040 2051 agere
1074 1987 1140 2027 non
1169 1964 1264 2028 licet:
1300 1963 1306 1984 ³
1348 1963 1349 1972 ’

54 2063 57 2070 ’
134 2071 217 2134 quae
240 2049 347 2112 omnia
369 2051 497 2114 summis
511 2052 723 2115 Pontificibus
745 2050 921 2128 debentur,
943 2060 978 2113 et
999 2071 1065 2113 non
1088 2047 1305 2130 Cborepis⁴‘···

135 2133 244 2214 copis,
267 2132 324 2214 qui
358 2154 420 2193 neo
442 2135 557 2194 summi
577 2135 751 2196 Pontifices
778 2134 829 2194 vel
856 2133 1009 2220 Episcopi
1028 2133 1179 2210 fuerunt,
1202 2150 1264 2190 nec

135 2215 289 2298 deinceps
306 2237 450 2296 unquam
469 2217 539 2276 fieri
555 2225 697 2297 possunt.
738 2215 871 2276 Nullum
886 2218 973 2278 enim
996 2237 1036 2277 ex
1061 2210 1266 2295 septuaginta

135 2319 176 2358 ex
195 2296 245 2358 bis
264 2296 387 2380 aliquid
400 2320 542 2379 unquam
558 2301 670 2361 fecisse
687 2299 822 2383 legimus
842 2301 895 2362 vel
912 2300 1028 2361 scimus
1038 2321 1046 2368 ;
1068 2297 1108 2358 ad
1125 2291 1264 2377 quorur'u

134 2379 318 2459 exemplum
336 2390 366 2440 et
381 2381 514 2442 sormam
522 2383 729 2466 Presbyteros
748 2381 1076 2466 relChorcpiscopos,
1091 2387 1264 2457 antequam
1328 2455 1331 2458 ι

135 2460 197 2544 ipsi
225 2461 455 2544 Chorepiscopi
479 2464 633 2544 prohibiti
656 2475 782 2542 essent,
811 2465 908 2525 fuisse
934 2461 1129 2546 agnovimus.
1166 2460 1263 2518 ¹Haec

134 2565 214 2603 vero
232 2545 339 2606 omnia
351 2545 369 2604 d
381 2546 616 2609 cathedralibus
629 2547 813 2629 Episcopis,
836 2546 893 2626 qui
908 2547 925 2606 d
937 2540 1262 2626 comprovincialibus
1291 2571 1293 2575 ·

132 2625 301 2708 Episcopis
320 2633 375 2686 aut
388 2629 567 2708 praesentia
585 2637 642 2690 aut
669 2631 789 2690 iudicio
817 2624 1058 2710 Metropolitani
1085 2622 1263 2685 consecrati

134 2729 202 2767 esse
223 2719 417 2788 noscuntur,
440 2712 562 2791 agenda
582 2719 672 2788 sunt,
696 2723 728 2772 et
746 2733 811 2771 non
833 2711 851 2771 al
871 2708 1068 2793 Presbyteris
1091 2707 1151 2774 vel·
1164 2705 1264 2777 Chor-

134 2787 311 2872 episcopis,
335 2791 391 2873 qui
406 2794 496 2852 ambo
512 2795 607 2853 unius
622 2795 742 2856 formae
765 2815 832 2856 esse
861 2793 1024 2856 videntur.
1066 2791 1157 2866 Quae
1178 2788 1204 2849 si
1222 2787 1263 2861 ab

135 2873 181 2931 eis
200 2883 254 2932 aut
276 2883 408 2958 propter
428 2877 718 2958 praesumptionem
741 2885 833 2951 acta,
854 2885 891 2935 ut
908 2873 1112 2958 praedictum
1135 2879 1201 2948 est,
1224 2871 1262 2930 ab

134 2953 292 3033 imperitis
309 2977 376 3019 esse
397 2967 574 3038 putantur,
598 2961 615 3020 b
638 2958 872 3018 cathedralibus
895 2967 1000 3018 tamen
1023 2953 1191 3038 Episcopis
1209 2975 1262 3025 re-¹

133 3037 300 3096 formanda
319 3039 372 3098 vel
392 3041 573 3120 peragenda
587 3050 678 3109 sunt;
701 3041 776 3120 qnia
795 3061 877 3122 quae
900 3040 949 3100 illi
974 3041 1006 3098 in
1023 3035 1074 3098 bis
1092 3057 1186 3118 agere
1205 3057 1261 3096 co·

136 3118 296 3199 gitarunt,
329 3121 511 3200 imperfecta
540 3131 781 3200 remanserunt,
821 3131 872 3200 ct,
900 3133 936 3183 ut
969 3123 1032 3182 iam
1051 3119 1278 3203 praelibatumv

135 3209 201 3278 est,
223 3203 310 3284 quod
333 3203 382 3262 illi
404 3225 467 3263 non
488 3204 686 3281 babuerunt,
710 3205 785 3265 dare
804 3227 868 3264 non
883 3211 1070 3286 potuerunt.
1105 3199 1262 3282 ‘Episcopi

135 3304 273 3364 namque
289 3307 354 3344 non
372 3287 524 3363 fuerunt,
547 3290 624 3368 quia
644 3308 705 3348 nec
727 3287 865 3350 utribus
888 3287 1055 3370 Episcopis
1069 3305 1128 3344 nec
1149 3283 1190 3344 ad
1207 3285 1263 3344 ali·

128 3386 230 3444 quam
255 3367 468 3451 episcopalem
491 3369 674 3432 cathedram
700 3369 840 3432 ordinati
871 3372 1013 3432 fuerunt.
1054 3369 1097 3430 Et
1121 3365 1195 3426 ideo
1223 3387 1263 3426 cx

132 3445 185 3508 his
210 3448 293 3508 nihil
319 3472 412 3532 agere
439 3461 622 3533 potuerunt.
663 3454 706 3512 Et
739 3473 779 3512 ne
804 3451 901 3513 alicui
929 3453 1002 3515 talis
1031 3448 1190 3512 ordinatio
1211 3449 1263 3507 rel

134 3532 358 3610 confirmatio,
372 3542 426 3594 aut
441 3536 639 3596 consecratio
655 3534 819 3594 reiteratio
840 3555 906 3596 esse
923 3537 1087 3609 videatur,
1110 3531 1262 3592 adtendat

133 3612 216 3673 illud
233 3615 321 3694 quod
337 3617 491 3692 scriptum
511 3627 572 3681 est:
597 3621 694 3700 Quod
721 3613 783 3678 non
813 3617 991 3686 ostenditur
1009 3629 1149 3698 gestum,
1179 3616 1261 3683 ratio

133 3697 498 3841 ”ii-⁵imlsi‘hvidegw
517 3701 671 3760 iteratum.
712 3701 755 3760 Et
769 3699 897 3780 reliqua
911 3701 1003 3778 talia,
1027 3717 1203 3778 eorumque
1216 3695 1262 3756 si-

134 3797 174 3834 nu
194 3799 231 3836 ra.
316 3801 398 3846 1.c.
440 3830 447 3845 .
529 3828 531 3830 -

173 3905 221 3966 Ne
238 3905 363 3968 Iudices
382 3908 421 3968 de
435 3909 615 3970 encessibus
638 3910 800 3970 malorum¹
818 3909 958 3970 iudicent
980 3908 1107 3992 aliquid
1125 3921 1220 3970 extra

459 3993 687 4052 conhibentiam
714 3992 931 4056 Sacerdotem.

214 4115 431 4180 CCCCXXV.
471 4121 517 4179 Ne
537 4120 664 4181 ludices
678 4120 850 4201 quicquam
866 4121 905 4183 de
927 4121 1122 4204 perfidorum
1150 4142 1261 4182 exces-
1287 4088 1290 4096 Ι

130 4199 240 4274 sibus,
264 4211 353 4262 extra
371 4202 579 4264 Sacerdotum
598 4203 855 4284 conhibentiam,
880 4206 1021 4269 iudicare
1047 4215 1258 4290 praesumant.

58 4349 62 4356 ,
132 4281 191 4349 VJ.
213 4285 277 4361 145.
360 4374 363 4383 Ι
