2910 4984
442 283 445 285 ⁵
491 293 832 402 anomoeorum
1052 401 1053 404 Ν
1148 289 1218 364 ets

284 457 472 522 ¹Doloricis
489 476 585 522 eontra
604 453 731 548 regnam
750 478 812 519 non
827 452 1042 544 „caminata
1083 480 1093 538 j
1122 490 1130 506 a
1167 472 1169 477 ’
1273 462 1275 466 ’

182 545 404 628 cxx-xvnl.
443 568 493 628 De
512 566 655 640 bruniis,
674 573 713 626 at
740 562 852 626 nullus
878 561 962 624 foras
985 568 1092 623 vestro
1119 580 1220 644 regno

95 642 242 706 vendere
264 656 453 728 praesumat.
488 648 579 730 thid.
597 669 623 710 c.
646 669 694 714 20.
754 692 757 698 ,
810 691 829 698 ,.
988 667 990 672 ’

225 786 249 825 4
327 768 330 778 ’
362 753 412 813 De
434 751 553 813 Concita
572 753 707 812 iustitias
729 771 792 811 noa
804 745 955 828 faciente.
990 765 993 771 '

109 841 110 847 ’
182 827 370 894 CXX-xlx.
397 835 582 896 ‘SlComes
600 834 633 893 in
652 855 710 894 suo
731 829 911 892 ministerio
930 827 1065 892 iustitias
1086 850 1150 891 non
1170 830 1221 891 fe·

96 912 191 990 ecrit,
213 913 314 976 Missis
333 916 448 991 nostris
465 917 504 977 de
522 917 586 978 suis
608 914 747 978 exseniis
772 913 890 975 serviat
910 933 1012 994 usque
1036 912 1112 974 dum
1135 912 1221 972 lusti-

95 996 160 1058 tiae
184 995 227 1056 ihi
243 997 345 1075 factae
361 1000 499 1066 :fuerint
540 1001 583 1060 Et
592 999 622 1060 ,si
637 1000 754 1060 Vassus
775 994 1032 1059 nosteriustitias
1048 1015 1113 1057 non
1131 995 1225 1058 fece·.

96 1079 152 1155 rit,
175 1087 253 1138 tunc
276 1088 309 1140 et
328 1082 441 1157 Comes
459 1090 491 1141 et
505 1081 618 1142 Missus
646 1089 754 1141 noster
774 1079 814 1142 ad
838 1077 941 1160 ipsius¹
957 1097 1060 1146 casam
1077 1077 1219 1152 sedeant,

97 1170 131 1222 et
151 1160 192 1225 de
209 1183 267 1224 suo
287 1160 397 1226 vivant
412 1184 514 1245 nsque
528 1162 668 1224 iustitias
686 1160 791 1222 iaciat.
832 1160 910 1222 Ibid
927 1182 952 1226 c.
974 1180 1024 1222 21.

235 1267 285 1327 De
304 1270 416 1352 eoqai
432 1290 494 1355 pro
507 1267 605 1350 faida
624 1269 760 1352 pretium
777 1266 916 1350 recipere
933 1265 1078 1335 noluerit.

182 1370 283 1436 ch.
325 1375 358 1436 Si
375 1375 447 1457 quis
470 1397 529 1457 pro
550 1375 635 1436 faida
652 1374 792 1460 pretium
806 1372 950 1455 recipere
969 1392 1034 1432 non
1047 1371 1129 1450 vult,
1143 1381 1222 1434 tnnc

98 1453 139 1515 ad
165 1475 224 1517 nos
246 1458 501 1536 transmittatur,
523 1466 560 1518 ut
589 1479 646 1519 nos
666 1456 771 1540 ipsum
798 1455 971 1540 dirigamus
991 1453 1048 1516 uhi
1070 1455 1221 1517 damnum

98 1536 223 1599 nemini
250 1539 357 1601 facere
381 1539 491 1624 possit.
523 1541 616 1604 tbtd.
638 1561 667 1606 c.
688 1559 737 1605 22.

203 1644 279 1727 'De
304 1666 340 1707 eo
364 1647 420 1730 qai
439 1667 497 1720 pro
513 1645 612 1729 saida
632 1645 768 1730 pretium
794 1643 913 1707 solvere
939 1641 1085 1734 noluerit.

106 1727 111 1815 ἶ
169 1749 295 1815 -CXLL
337 1749 443 1824 Simili
468 1751 564 1812 modo
585 1749 642 1832 qui
667 1771 726 1832 pro
747 1749 834 1816 faida
851 1747 991 1831 pretium
1012 1749 1135 1810 solvere
1153 1769 1227 1810 non·
1253 1781 1255 1786 ·

96 1831 188 1907 vult,
211 1843 244 1894 et
260 1831 414 1893 iustitiam
433 1833 551 1894 exinde
567 1833 686 1908 facere,
705 1831 738 1892 in
758 1832 855 1893 talem
873 1831 981 1892 locum
1004 1830 1097 1890 illum
1117 1832 1230 1891 mitte·-

97 1935 133 1978 κθ
160 1915 307 1980 valemus
327 1922 363 1975 ut
378 1913 438 1997 Pro
455 1916 568 2001 eodem
594 1915 695 1975 maius
709 1915 860 1994 damnum
876 1910 944 1974 non
962 1923 1093 1979 crescat.
1134 1913 1241 1998 thid„

375 2015 464 2112 Quid
479 2017 631 2100 agendam
647 2018 741 2092 sitde
758 2017 940 2080 latronibus.

180 2125 306 2191 CXLII.
346 2127 396 2186 De
410 2125 588 2186 'latronibus
609 2126 653 2185 it'a
667 2124 881 2207 praecipimus
899 2125 1152 2202 observandum,
1185 2134 1222 2186 ut

98 2229 156 2292 pro
203 2208 283 2267 rima
309 2207 405 2289 culpa
436 2229 500 2268 non
529 2207 701 2283 moriatur,
730 2207 787 2268 sed
811 2229 913 2266 annm
936 2209 1065 2272 oculum
1086 2208 1200 2291 perdat
1210 2233 1218 2276 ;

101 2294 140 2352 de
161 2231 224 2354 alla
243 2311 319 2352 vero
342 2291 455 2372 culpa,
485 2312 579 2352 nasus
603 2290 703 2372 ipsius
723 2289 856 2348 latronis
880 2298 1066 2361 truncetnr;
1096 2293 1135 2351 de
1152 2299 1219 2351 ter-

99 2374 143 2433 tia
167 2373 274 2455 culpa,
296 2371 323 2432 si
346 2393 378 2432 se
401 2393 466 2432 non
487 2372 725 2449 emendaverit,
746 2371 910 2438 moriatur.
955 2371 1039 2454 Ilici.
1061 2394 1086 2433 c.
1109 2373 1158 2436 23.
1217 2431 1218 2436 ,

102 2479 246 2561 Qualiter
264 2498 324 2560 pro
340 2478 421 2559 Rege
445 2479 629 2540 erexercita
651 2479 717 2536 eius
739 2477 772 2535 in
789 2477 846 2536 hac
869 2477 997 2536 instanti
1018 2478 1217 2539 tribulatione

100 2559 327 2646 infidelibusin
346 2559 539 2619 orationihus
560 2571 588 2618 ct
611 2559 811 2636 eleemosynis
826 2559 892 2619 Deo
915 2559 1151 2640 supplicandam
1167 2562 1219 2624 sit,

181 2663 324 2726 CXLIII.
366 2661 549 2745 capitulare,
565 2657 705 2744 qualiter
722 2662 902 2726 Institatum
918 2672 964 2724 est
983 2663 1015 2740 in
1039 2663 1108 2726 hoc¹
1124 2666 1219 2747 Epis·

101 2767 254 2826 ceperum
283 2765 463 2821 consensu,
492 2745 525 2804 id
545 2755 610 2822 est,
639 2755 675 2805 ut
700 2746 925 2826 unusquisque
949 2733 1128 2828 Episcopus
1156 2758 1220 2810 tres

100 2828 211 2890 Missas
239 2837 271 2887 et
297 2827 357 2887 tria
383 2827 548 2908 psalteria,
579 2849 680 2887 unum
701 2847 760 2910 pro
787 2831 913 2888 Domno
937 2827 1046 2916 Rege,
1075 2839 1106 2889 ct
1130 2830 1220 2892 aliud

123 2931 165 2968 ro·
186 2910 335 2972 exercitu
353 2911 564 2984 Francorum,
587 2910 716 2970 tertium
734 2932 794 2992 pro
817 2909 977 2990 praesenti
1000 2911 1219 2981 tribulatione,

100 2931 270 3072 leesbyte'r
296 2991 518 3072 unusquisqne
536 2991 647 3056 Missas
664 3003 738 3053 tres.
779 2991 928 3054 Monachi
949 3000 980 3052 et
997 2993 1172 3054 Monachae
1189 3004 1220 3056 et'

103 3073 270 3148 CanonIcI,
290 3073 513 3154 unnsquisque
536 3073 685 3154 psalteria
706 3074 776 3140 tria,
816 3075 859 3140 Et
876 3073 1030 3134 biduanas
1045 3095 1155 3138 omnes
1176 3078 1208 3136 sa

102 3151 207 3231 ciant,
237 3156 472 3236 tam‘Episcopi
496 3177 656 3237 quumque
669 3155 831 3238 ,monachi
854 3166 885 3216 et
904 3156 1079 3218 Monachae
1105 3168 1137 3218 et
1158 3160 1220 3218 Ca-

102 3237 221 3302 noniei.
262 3237 327 3298 Sed
351 3247 515 3297 eteorum
541 3239 625 3297 infra
652 3237 792 3302 casatum
816 3237 980 3314 homines,
1007 3238 1058 3300 nel
1082 3241 1138 3321 qni
1161 3263 1220 3322 po-

100 3325 203 3380 tentes
231 3328 321 3382 sunt..
355 3320 397 3381 Et
416 3320 638 3402 unnsquisque
661 3320 848 3402 Episcopus,
870 3314 991 3395 Alibas,
1021 3329 1052 3380 et
1072 3322 1221 3386 abbatis-

102 3419 146 3475 sa,
166 3401 222 3482 qui
247 3401 310 3462 hoc
330 3402 435 3461 facere
454 3411 574 3484 potest,
604 3403 718 3466 libram
739 3403 837 3462 donet
865 3403 904 3462 de
931 3411 1061 3483 argento
1088 3415 1143 3464 atu
1170 3429 1222 3466 va-

102 3479 185 3542 lente
211 3483 243 3542 in
271 3485 494 3566 eleemosyna,
518 3486 694 3547 mediocres
715 3506 791 3547 vero
812 3484 950 3544 mediam
970 3485 1093 3557 libram3
1115 3489 1222 3548 mino·

101 3582 151 3624 res
171 3586 249 3627 vero
274 3567 392 3626 solidos
411 3566 567 3648 quinque.
605 3566 769 3650 Episcopi,
788 3566 950 3643 Abbates,
985 3576 1016 3626 et
1038 3567 1221 3630 Abbatissae
1292 3594 1296 3610 ¹

101 3664 255 3730 pauperes
279 3647 452 3709 famelicos*
467 3659 606 3730 quatuor
639 3651 697 3734 pro
725 3650 783 3710 ista
814 3648 985 3710 striccitate
1016 3652 1139 3712 nutrire
1169 3652 1222 3712 de*

102 3723 196 3789 beant
223 3751 324 3812 usque
349 3731 388 3788 ad
409 3741 550 3812 tempora
569 3733 727 3812 messium.
767 3731 810 3792 Et
833 3730 889 3813 qui
910 3740 1034 3792 tantum
1059 3754 1121 3792 non
1147 3741 1221 3816 pos-'

102 3819 190 3890 sunt,
229 3812 317 3872 iuxta
342 3813 430 3892 quod
457 3813 648 3895 possibilitas
676 3824 742 3888 est,
764 3823 800 3873 ut
829 3822 917 3890 tres,
949 3814 1001 3874 vel
1034 3813 1135 3892 duos,
1168 3824 1223 3875 aut

104 3910 209 3960 unum.
251 3894 394 3972 Comites¹
415 3895 565 3956 fortiores
585 3895 699 3962 libram
719 3896 760 3958 de
776 3905 915 3977 argento
938 3905 992 3954 aut
1012 3897 1139 3972 valente
1164 3897 1223 3958 do·
1275 3946 1277 3952 .

104 3985 179 4054 nent
198 3975 232 4034 in
258 3977 472 4060 eleemosyna,
494 3978 670 4040 mediocres
689 4001 767 4052 uero
784 3978 946 4038 dimidiam
964 3977 1096 4054 libram,
1120 3981 1159 4042 de
1175 4002 1225 4040 ca-

102 4054 174 4116 satis
197 4069 325 4118 centum
345 4059 463 4120 solidos
485 4060 641 4142 quinque,
665 4061 704 4122 de
716 4059 952 4142 quinquaginta
971 4060 1099 4122 unciam
1118 4083 1225 4125 tinam,

102 4131 141 4194 Et
160 4137 278 4201 faciant
298 4141 463 4219 biduanas,
486 4153 518 4203 et
539 4164 650 4204 eorum
665 4143 823 4219 homines,
843 4152 938 4224 atque
959 4163 1070 4204 eorum
1092 4155 1227 4216 casatus.¹

105 4219 153 4277 vot
175 4223 232 4304 qui
253 4223 314 4286 hoc
335 4226 439 4290 t'acere
463 4236 605 4310 possunt.
654 4226 696 4292 Et
717 4225 774 4310 qai
804 4223 963 4291 redimere
986 4223 1086 4310 ipsam
1114 4227 1224 4292 tridua·
