2926 4986
133 391 136 396 ,
198 311 306 424 770,
627 315 919 378 caerretanus

176 459 178 464 ⁵
199 471 284 534 lares
299 483 407 546 neque
427 459 554 542 aliquos
567 457 681 522 Laicos
697 458 850 522 interesse
869 465 1015 542 oportet,
1037 452 1101 519 nisi
1125 471 1181 517 eos
1193 456 1343 512 tantum·

198 552 295 618 modo
313 545 419 632 quiin
439 543 570 628 propria
592 553 783 605 accusantur
804 562 953 624 persona,

328 653 369 716 Ut
388 651 601 748 ecclesiastiea
614 651 685 710 iuro
699 643 822 733 semper
844 649 977 710 inlibata
993 653 1211 730 permaneant.

282 753 506 825 CCCCXLV.
555 755 725 816 Mouemus
745 763 782 816 ut
801 754 871 816 iura
888 751 1128 829 Ecclesiarnm,
1148 747 1236 811 sicut
1250 747 1268 808 d
1283 746 1346 810 Pa·

198 849 302 912 tribus
317 839 476 905 divinitus
497 837 657 920 inspiratis
676 846 752 898 sunt
767 837 926 914 ordinata,
943 835 1100 898 inviolata
1117 838 1344 916 permaneant.
1445 885 1447 906 ,

197 931 285 996 Nihil
306 925 450 987 alienum
465 921 629 1002 improbus
649 919 786 980 ambitus
807 919 1027 1002 concupiscat,
1051 939 1112 978 nec
1128 936 1188 999 per
1205 913 1344 974 alterius

199 1011 412 1166 ἰΙιῗΙῑιιὶίοὲῗῖ
429 1009 486 1149 010¹
493 1023 600 1147 osnum
625 1003 744 1086 aliquis
772 1011 907 1088 quaerat
941 1010 1160 1085 augmentum.
1203 995 1346 1083 capiat.

242 1197 406 1280 Suggestio
429 1190 543 1278 populi
564 1187 611 1252 ad
629 1191 858 1276 Imperatorem
881 1189 1037 1250 Karolum
1061 1200 1092 1248 et
1113 1186 1303 1270 Episcopos.

284 1296 524 1367 ccccxlall.
566 1298 655 1358 Dens
673 1296 714 1357 ad
737 1295 799 1357 hoe
822 1304 959 1357 vestram
981 1293 1228 1376 religiositatem
1258 1288 1348 1350 ordi-

200 1390 292 1453 navit
315 1392 398 1447 utet
427 1380 601 1442 iniustitias
622 1379 832 1456 removeatis,
856 1386 889 1438 et
908 1376 1183 1460 praesumptiones
1200 1372 1349 1435 abscida-

198 1474 261 1548 tis,
285 1479 317 1532 et
336 1462 564 1529 Sacerdotibus
582 1460 801 1522 laborantibus
814 1460 1019 1537 succurratis,
1042 1468 1075 1520 et
1095 1457 1205 1518 multis
1222 1476 1343 1538 oppro-

198 1554 279 1618 briis
295 1553 403 1612 locum
422 1569 488 1608 non
510 1543 706 1628 praebeatis,
729 1544 785 1606 sed
805 1553 874 1626 post
891 1542 1108 1626 agnitionem,
1140 1541 1179 1616 ei,
1200 1539 1258 1620 qni
1289 1559 1347 1599 ca-

201 1636 358 1699 lumniam
375 1629 496 1712 patitur
512 1626 708 1688 adiutorium
730 1626 855 1698 seratis;
880 1626 973 1686 illum
985 1647 1060 1688 vero
1074 1625 1130 1708 qui
1149 1620 1347 1684 calumniam

200 1719 297 1795 facit,
319 1717 346 1778 si
365 1734 440 1776 vere
457 1719 505 1772 est
527 1711 759 1787 calumniator,
790 1707 969 1770 abscidatis.

200 1827 251 1886 De
266 1821 378 1884 alienis
394 1813 559 1880 lodicibus
578 1836 641 1876 non
663 1811 875 1896 recipiendis,
908 1827 938 1873 et
956 1813 1129 1898 peregrina
1149 1810 1272 1874 iudicia
1298 1809 1349 1872 vel
1444 1885 1445 1890 ἵ

590 1899 739 1958 examino
763 1893 950 1980 respuenda.

286 2001 545 2071 CCCCXLVll.
587 2003 754 2086 Episcopis
779 2001 982 2084 singulorum
1001 2004 1169 2080 locorum,
1199 2001 1347 2062 omnium

202 2093 260 2179 qui
276 2091 335 2154 sub
353 2107 465 2150 eoram
483 2085 606 2164 degunt
627 2086 845 2146 moderamine
863 2107 960 2146 curae
986 2086 1027 2147 sit
1047 2107 1159 2148 causas
1176 2085 1347 2146 utilitates·
1444 2147 1445 2150 ,

202 2197 267 2261 que
284 2175 466 2253 disponere.
509 2165 727 2234 Valdeenim
745 2177 792 2228 est
814 2167 1031 2250 incongruum
1052 2179 1106 2246 ut,
1129 2167 1251 2228 omissis
1265 2167 1346 2242 suis,

188 2258 259 2320 -alii
276 2255 416 2338 quilibet
434 2251 565 2310 illorum
578 2269 611 2310 sc
628 2249 730 2312 causis
746 2251 957 2322 admisceant;
980 2252 1039 2312 sed
1051 2251 1101 2312 illi
1116 2272 1229 2312 eorum
1246 2249 1347 2311 vitam

204 2334 401 2421 competenti
430 2329 638 2414 regularique
666 2331 805 2394 debeant
829 2333 1051 2395 moderatione
1082 2333 1255 2415 disponere
1286 2331 1346 2414 qui

205 2445 260 2487 cos
281 2418 432 2482 ordinare
450 2413 606 2508 canonice
622 2425 778 2495 possunt,
800 2416 852 2476 vel
869 2415 886 2474 d
903 2415 1020 2496 quibus
1037 2415 1178 2477 ordinati
1201 2423 1293 2490 suut,
1313 2422 1348 2474 et

205 2505 262 2588 qui
283 2524 342 2586 pro
358 2497 532 2560 commissis
556 2516 732 2578 eorumque
748 2497 914 2559 animabus
939 2499 1183 2580 compelluntur
1206 2497 1347 2558 reddere
1445 2503 1446 2520 ¹

206 2587 376 2650 rationem.

207 2697 257 2756 De
277 2691 436 2776 Episcopo
454 2685 509 2766 qni
526 2682 676 2743 adversus
694 2684 860 2768 proprium
882 2685 1177 2764 Metropolitanum,
1192 2686 1248 2746 vel
1268 2707 1349 2746 con-

292 2789 343 2835 tra
363 2772 443 2830 ulios
465 2785 602 2849 quosque
616 2765 760 2827 habuerit
782 2787 908 2828 eausam
930 2769 1010 2851 quid
1032 2767 1186 2848 agendum
1210 2769 1263 2834 sit.

291 2871 567 2942 CCCCXLVlll.
611 2871 645 2931 Si
660 2871 764 2948 forte,
785 2873 874 2954 quod
895 2896 960 2935 non
976 2885 1132 2958 optamus,
1143 2874 1285 2955 aliquem
1301 2873 1349 2932 E-

208 2965 377 3050 piscopum
400 2966 511 3018 contra
539 2953 706 3036 proprium
738 2957 1024 3038 Metropolitanum
1045 2959 1097 3018 rel
1124 2967 1237 3017 contra
1267 2955 1348 3016 alios

209 3063 356 3130 quosque
375 3039 544 3119 contingat
558 3035 683 3116 aliquid
711 3036 829 3098 habere
854 3060 984 3115 causae,
1008 3039 1213 3102 decrevimus
1240 3047 1276 3098 ut
1306 3037 1348 3097 ob

209 3130 273 3190 boc
295 3124 388 3187 Sedis
408 3119 601 3202 apostolicae
621 3114 778 3180 iudicium
800 3117 834 3178 hi
855 3121 912 3202 qui
927 3131 1036 3204 petere
1054 3121 1220 3199 festinant,
1243 3121 1350 3180 licen-

210 3213 288 3274 tiam
303 3207 459 3266 babeant:
481 3202 568 3284 quod
588 3201 675 3264 scitis
690 3215 852 3264 canonum
869 3203 964 3264 etiam
985 3205 1195 3286 antiquorum
1213 3205 1351 3266 Patrum

211 3292 416 3354 institutione
434 3285 636 3369 permissum.

213 3396 311 3482 Quod
318 3391 564 3476 fundamentum
579 3389 675 3450 totins
698 3385 845 3450 bonitatis
866 3392 908 3450 sit
926 3389 1068 3451 Christus
1088 3397 1196 3468 Iesus,
1219 3404 1250 3453 et
1267 3412 1351 3476 qna-

354 3476 428 3534 liter
454 3476 488 3532 in
512 3471 716 3532 ovileovium
737 3475 925 3558 perustinm
952 3475 994 3533 sit
1014 3475 1207 3540 intrandum.

297 3575 537 3646 CCCCXLlX.
580 3575 843 3638 Fundamentum
862 3578 951 3640 aliud
981 3600 1075 3641 nemo
1097 3591 1204 3664 potest
1224 3603 1351 3664 ponere
1444 3567 1445 3636 l

212 3664 391 3756 praeterid
413 3659 658 3744 quodpositum
683 3669 747 3734 est,
769 3659 825 3741 qui
851 3671 899 3722 cst
932 3662 1080 3724 Christus
1107 3665 1205 3726 Iesus.
1249 3664 1351 3741 Quis·
1444 3649 1445 3696 l

212 3752 285 3836 quis
306 3768 382 3828 ergo
401 3766 474 3805 cum
494 3741 668 3802 dilectione
682 3741 743 3800 Dei
758 3745 952 3824 etProximi,
971 3743 1045 3805 fidei
1068 3768 1149 3826 quae
1168 3747 1202 3806 in
1220 3746 1351 3808 Christo

211 3844 262 3898 est
279 3831 459 3892 firmitatem
475 3833 584 3900 tenet,
608 3825 746 3882 eundem
764 3825 869 3885 lesum
890 3827 1054 3888 Christum
1067 3825 1136 3890 'Dei
1159 3827 1193 3889 et
1207 3829 1353 3890 hominis

212 3917 318 3980 filium
331 3911 416 3996 apud
433 3930 465 3970 se
482 3906 590 3988 posuit
606 3905 861 3974 fundamentum.
898 3911 1099 3990 sperandum
1117 3933 1192 3992 ergo
1210 3922 1261 3972 cst
1276 3913 1354 3994 quia

212 4001 269 4063 ubi
290 3996 437 4060 Christus
463 3989 709 4050 l'undamcntum
732 3999 793 4066 est,
814 3991 975 4051 bonorum
997 4013 1127 4074 quoque
1146 4015 1286 4076 operum
1302 4017 1353 4056 se,

211 4091 330 4166 quatur
356 4075 506 4138 officium.
557 4072 628 4154 Ipsa
651 4073 780 4156 quoque
805 4094 912 4158 perse
935 4075 1062 4141 Veritas
1081 4075 1180 4138 dicit:
1206 4077 1273 4160 Qui
1290 4099 1355 4140 sou

212 4197 445 4229 *e*

247 4280 282 4350 q>
299 4275 422 4344 Legeudr
435 4271 660 4326 immutationem.
