2910 4986
509 347 624 406 arana
652 346 806 406 emaus
1174 319 1245 393 433

265 489 314 559 De
332 488 569 576 praedicatione
589 487 645 552 nei
664 488 810 573 capitulis
831 485 1100 564 Presbyterorum.

192 595 306 661 cmv.
348 598 391 656 Ut
417 581 639 677 unnsquisque
677 595 849 676 Presbyter
882 590 1022 672 capitula
1057 583 1174 646 habeat
1207 586 1247 648 de

108 675 282 739 maioribus
295 678 347 738 vel
363 678 407 757 de¹
422 677 599 738 minoribns
624 677 723 754 vitiis,
739 697 798 759 per
820 694 902 758 quae
928 679 1130 763 cognoscere·
1143 669 1249 763 valeat

110 761 164 822 vel
181 760 367 844 praedicare
391 759 527 822 subditis
542 760 607 822 suis
630 758 665 820 ut
680 781 713 820 se
731 765 870 819 caveant
884 754 922 815 ab
947 752 1073 815 insidiis
1100 751 1228 817 diaboli.

543 866 592 924 De
613 865 823 926 Eucharistia.

190 969 285 1036 CLV.
328 973 370 1031 Ut
378 970 552 1054 Presbyter
572 993 699 1052 semper
717 967 1079 1046 Eucharistiamxhaheat
1092 974 1248 1049 paratam

109 1061 147 1117 nt
165 1054 297 1134 quando
317 1055 389 1135 quis
413 1053 634 1131 infirmaverit,
651 1063 706 1114 aut
725 1052 880 1134 paivulus
897 1050 1042 1111 infirmus
1065 1049 1176 1126 fuerit,
1192 1059 1251 1110 sta-

109 1136 168 1196 tim
192 1157 268 1196 cum
285 1135 514 1214 communicet,
531 1157 571 1197 ne
590 1134 660 1198 sine
677 1135 902 1196 communione
922 1132 1086 1196 moriatur.
1299 1137 1304 1144 “

242 1243 291 1301 De
313 1242 460 1324 ampullis
483 1241 604 1302 duabus
632 1243 666 1328 in
688 1242 792 1302 Coena
813 1232 946 1300 Doniini
965 1237 1127 1299 habendis.

191 1346 304 1410 CLVI.
352 1348 394 1406 Ut
417 1345 591 1428 Presbyter
610 1347 643 1406 in
670 1368 770 1408 coena
784 1344 917 1407 Domini
938 1345 1017 1406 duas
1039 1343 1074 1416 t)
1094 1343 1251 1426 ampullas

109 1449 224 1491 secum
241 1428 375 1504 deferat,
393 1449 489 1487 unam
508 1427 548 1488 ad
569 1428 717 1504 chrisma,
739 1430 871 1489 alteram
899 1427 938 1487 ad
964 1427 1072 1487 oleum
1100 1427 1139 1486 ad
1163 1436 1252 1488 cate·

109 1511 292 1572 chumenos
312 1508 562 1591 inunguendum
577 1511 642 1587 (vel
656 1511 797 1572 infirmos
813 1512 836 1590 l)
855 1511 944 1570 iuxta
958 1507 1150 1570 sententiam
1163 1530 1253 1590 apos·
1319 1565 1321 1570 ,

108 1593 259 1664 tolicam;
282 1601 319 1652 ut
340 1593 471 1673 quando
497 1592 569 1672 quis
593 1593 784 1673 infirmatur,
807 1593 940 1653 inducat
957 1589 1164 1673 Presbyteros
1187 1592 1253 1651 Ec·

112 1675 253 1750 clasiae,
269 1683 302 1734 et
318 1683 412 1739 orent
427 1695 526 1760 super
551 1697 636 1752 eum,
665 1684 847 1759 unguentes
873 1690 948 1736 eum
966 1672 1039 1734 oleo
1064 1673 1098 1732 in
1120 1673 1252 1736 nomine

111 1756 257 1822 Domini.

489 1865 536 1924 De
561 1863 652 1925 nonis
680 1875 711 1924 et
736 1861 875 1923 decimis.

196 1966 324 2032 CLVII.
366 1968 409 2027 Ut
424 1967 480 2048 qui
501 1969 720 2030 Ecclesiarum
743 1967 900 2028 beneficia
926 1967 1055 2045 hahent,
1079 1989 1196 2030 nonam
1219 1981 1251 2032 et

114 2047 272 2110 decimam
289 2070 330 2108 ex
351 2049 397 2110 eis
411 2051 576 2112 Ecclesiae
595 2051 687 2111 cuius
701 2072 750 2112 res
774 2061 851 2111 sunt
872 2052 1003 2112 donent.
1044 2051 1086 2112 Et
1104 2053 1160 2134 qui
1186 2054 1250 2116 tale

103 2129 308 2192 'beneficium
323 2130 454 2208 habent,
477 2141 508 2205 et
527 2133 567 2193 ad
579 2133 784 2195 medietatem
797 2133 942 2194 laborant
956 2138 1009 2213 m),
1026 2142 1063 2194 ut
1078 2133 1125 2196 de
1137 2157 1250 2199 eorum
1326 2190 1331 2200 ,

115 2213 267 2296 portione
284 2214 417 2296 proprio
433 2215 624 2298 Presbytero
641 2214 779 2278 decimas
798 2217 928 2281 donent.
959 2271 960 2274 ,

310 2349 312 2353 ’
356 2329 360 2336 ’
413 2343 415 2348 ’
448 2343 492 2402 De
513 2320 739 2423 festivitatibus
766 2346 799 2404 in
820 2365 912 2406 anno.

197 2445 348 2512 CLVIII.
389 2449 455 2509 Hae
472 2459 546 2509 sunt
564 2449 755 2512 festivitates
775 2451 807 2511 in
830 2475 926 2531 anno,
950 2475 1035 2534 quae
1057 2473 1116 2535 per
1142 2454 1250 2512 omnia

115 2527 266 2590 venerari
284 2529 412 2595 dehent.
454 2531 576 2592 Natalis
597 2531 741 2610 Domini,
763 2536 863 2594 sancti
881 2535 1048 2618 Stephani,
1069 2534 1171 2596 sancti
1197 2536 1250 2594 Io-

114 2610 234 2670 hannis
247 2611 484 2693 Evnngelistae,
501 2614 727 2693 Innocentum,
743 2617 879 2677 Octahas
898 2617 1041 2692 Domini,
1056 2615 1250 2697 Epiphania,

115 2692 254 2752 Octabas
273 2693 489 2774 Epiphaniae,
513 2697 698 2757 Purificatio
723 2707 849 2758 sanctae
877 2699 1006 2775 Mariae,
1029 2697 1150 2772 Pascha
1181 2699 1251 2759 dies
1277 2695 1281 2699 ’

113 2783 199 2850 octo,
213 2776 344 2834 Letania
366 2777 478 2851 maior,
499 2777 652 2840 Ascensio
668 2780 812 2856 Domini,
832 2782 1056 2856 Pentecosten,
1073 2781 1173 2839 sancti
1192 2782 1250 2841 Io-

113 2856 233 2915 hannis
253 2858 423 2938 Baptistae,
440 2859 540 2920 sancti
564 2861 653 2922 Petri
680 2871 711 2921 et
732 2862 837 2939 Pauli,
858 2863 960 2930 sancti
982 2861 1123 2936 Martini,
1146 2863 1249 2924 sancti

112 2937 277 3021 Andreae.
299 2999 300 3006 ,
319 2942 367 3000 De
389 2942 609 3025 adsumptione
624 2952 750 3005 sanctae
772 2945 890 3005 Mariae
911 2944 1176 3026 interrogandum
1195 2969 1249 3008 re·

112 3018 301 3100 linquimus.

417 3129 466 3188 De
487 3129 701 3192 admonitione
721 3131 937 3194 Sacerdotem.

196 3231 308 3298 CLIX.
351 3235 394 3295 Ut
417 3236 603 3297 Sacerdotes
618 3237 810 3298 admoneant
832 3238 989 3320 populum
1009 3249 1046 3299 ut
1068 3239 1245 3326 eleemosy-
1306 3289 1310 3296 2

113 3335 188 3374 nam
208 3315 286 3375 dent
305 3325 337 3376 et
357 3318 516 3399 orationes
536 3319 655 3381 faciant
672 3320 881 3402 projdiversis
895 3323 997 3403 plagis
1020 3345 1099 3404 quas
1119 3327 1244 3388 assidue

112 3418 171 3480 pro
184 3397 327 3480 peccatis
348 3401 464 3460 nostris
480 3401 628 3484 patimur.
673 3402 806 3484 Capitol.
828 3408 855 3463 I.
879 3429 906 3463 a.
929 3405 1000 3468 810.
1021 3426 1047 3466 c.
1091 3448 1098 3465 .

235 3539 237 3544 '
328 3559 331 3564 ·
421 3529 470 3588 De
488 3529 726 3613 praedicatione
743 3531 787 3592 ad
797 3533 929 3616 plebem.
952 3575 954 3579 -

198 3632 294 3698 CLX.
316 3635 358 3692 Ut
378 3633 438 3715 ipsi
450 3635 637 3696 Sacerdotes
662 3637 881 3718 unusquisque
900 3639 1079 3700 secundum
1098 3643 1246 3706 ordinem

116 3735 211 3776 snam
235 3715 422 3796 praedicare
450 3725 482 3778 et
505 3718 620 3780 docere
647 3721 774 3782 studeat
798 3721 927 3804 plebem
951 3722 1012 3784 sibi
1038 3727 1246 3794 commissam.

116 3795 201 3858 Ibid.
223 3819 250 3858 c.
272 3797 302 3862 5.

126 4105 128 4110 ⁴
151 4076 183 4142 it)
204 4077 237 4127 al.
257 4095 317 4128 mss.
336 4089 399 4129 tres.
789 4081 852 4132 tene
873 4095 903 4134 ut
921 4082 960 4136 ad
976 4083 1144 4138 medictatem
1166 4087 1245 4139 labo·

153 4148 178 4214 l)
204 4147 240 4200 al.
257 4165 318 4198 mss.
337 4149 445 4198 tertiam
465 4145 503 4198 ad
522 4147 658 4221 infirmos.
793 4165 873 4212 rent,
893 4153 969 4211 etde
988 4168 1048 4225 eto,
1075 4157 1177 4211 habeut
1194 4177 1245 4210 un·

142 4219 182 4286 m)
202 4217 235 4266 al.
255 4233 317 4270 mss.
336 4217 447 4278 habeut,
473 4216 512 4268 ad
529 4217 658 4270 medieta-
789 4219 826 4276 ‘de
844 4235 895 4278 etc.

203 4299 254 4340 tem
272 4288 410 4348 laborent,
431 4300 457 4340 ct
475 4285 587 4358 dente,
608 4287 658 4341 ba·
