2926 4984
171 315 247 389 tot
582 334 883 393 ‘carnotanam

168 475 295 560 busque
316 476 422 537 Deum
448 475 638 538 timentibus
661 497 720 557 per
745 475 865 537 Gallias
893 484 924 535 ct
949 477 1147 539 Francorum
1166 477 1303 560 provin·

168 560 234 623 cias
250 561 442 623 constitutis.
484 560 657 621 Referente
676 559 767 618 nobis
787 561 1045 621 reverentissimo
1059 570 1155 642 atque
1170 561 1302 622 sanctis-

168 643 250 706 simo
266 644 364 703 fratre
385 652 495 704 nostro
514 641 680 703 Bonifacio
699 640 869 724 Episcopo,
886 645 975 724 quod
992 645 1068 705 dum
1085 644 1224 726 synodus
1240 641 1300 702 ad·

168 733 298 809 gregata
323 734 404 787 esset
425 726 458 784 in
487 725 654 808 provincia
675 734 778 785 vestra
799 724 889 786 iuxta
911 737 1052 788 nostram
1076 724 1300 787 commonitio·

172 828 258 885 nem,
280 807 495 870 mediantibus
512 807 587 870 filiis
602 805 718 869 nostris
736 806 876 890 Pippino
904 818 936 870 et
955 810 1175 870 Karlomanno
1201 807 1299 870 Prin-

169 890 297 971 cipibus
314 891 440 968 vestris,
462 889 635 973 peragente
652 889 748 952 etiam
765 891 834 952 vice
853 901 961 952 nostru
977 891 1227 975 Metropolitum
1240 890 1299 950 Bo-

167 973 299 1050 nit'ucio,
320 974 478 1035 Dominus
498 974 723 1034 inluminasset
747 973 971 1036 cordavestra
995 996 1069 1035 cum
1092 972 1299 1055 Principibus

167 1055 281 1117 vestris
290 1056 323 1114 in
335 1056 606 1138 praedicationem
616 1056 696 1134 eius,
706 1065 742 1118 ut
751 1055 899 1117 omnibus
910 1057 1213 1118 commonitionibus
1227 1055 1299 1116 eiua

170 1137 354 1215 obediretis,
374 1148 405 1200 et
418 1141 513 1200 falsos
529 1149 561 1200 et
577 1139 794 1200 schismaticos
811 1147 844 1199 et
862 1139 1038 1201 homicidas
1056 1149 1089 1202 et
1105 1136 1297 1200 fornicarios

167 1219 294 1281 huobis
319 1221 527 1304 expelleretis
546 1221 745 1298 Sacerdotes,
768 1221 983 1304 omnipotenti
1005 1224 1075 1284 Deo
1097 1231 1206 1283 nostro
1230 1240 1299 1302 gra·

166 1301 226 1371 tias
251 1304 394 1385 egimus,
417 1313 449 1364 et
466 1326 526 1387 pro
551 1304 643 1366 vobis
666 1304 864 1366 incessanter
886 1327 995 1366 sumus
1016 1314 1162 1381 orantes,
1185 1301 1296 1384 utqui

166 1386 328 1468 coepitio
352 1387 443 1447 vobis
463 1408 543 1470 opus
563 1387 698 1465 bouum,
718 1387 864 1468 perficiat
889 1408 991 1469 usque
1019 1387 1053 1447 in
1084 1387 1190 1450 finem.
1231 1383 1298 1444 Oh-

91 1485 94 1494 ·
164 1489 325 1530 secramus
347 1470 434 1530 enim
452 1491 562 1530 omnes
579 1492 637 1532 vos
663 1491 770 1530 coram
790 1472 860 1531 Deo
884 1479 918 1532 ut
937 1470 1006 1531 eius
1033 1466 1297 1531 commonitioni·

166 1550 226 1612 bus
250 1551 384 1612 firmiter
413 1552 585 1614 obediatis:
615 1552 720 1634 ipsum
744 1552 831 1614 enim
857 1550 928 1614 vice
951 1562 1059 1614 nostra
1089 1553 1122 1612 in
1152 1549 1296 1632 partibus

166 1633 232 1694 illis
261 1635 300 1694 ad
321 1635 572 1717 praedicandum
604 1635 814 1696 constitutum
839 1633 1011 1712 habemus,
1046 1644 1082 1695 ut
1112 1654 1193 1708 vos,
1225 1634 1296 1694 Deo

166 1716 326 1798 propitio,
359 1719 398 1778 ad
426 1718 511 1778 viam
534 1718 690 1800 perducat
712 1717 934 1794 rectitudinis,
967 1719 1044 1779 eta
1076 1715 1204 1778 cunctis
1230 1714 1296 1774 fas·

164 1797 330 1861 cinoribus
351 1800 431 1860 salvi
459 1821 527 1862 esse
557 1801 693 1883 possitis.
743 1799 904 1860 Habuistis
938 1799 1041 1877 enim,
1075 1797 1215 1882 peccatis
1252 1798 1298 1855 fa·

165 1880 348 1959 cientibus,
376 1904 463 1943 nunc
488 1904 590 1963 usque
614 1881 709 1945 falsos
732 1890 766 1946 et
790 1903 942 1944 erroneos
972 1883 1169 1944 Sacerdotes.
1201 1877 1296 1942 Unde

164 1972 197 2024 et
218 1975 353 2025 cunctae
374 1986 514 2046 paganae
537 1975 648 2046 gentes
666 1967 756 2029 vobis
786 1985 929 2046 pugnare
949 1963 1195 2046 praevalebant,
1218 1958 1297 2042 quia

164 2067 229 2106 non
254 2057 321 2108 erat
344 2047 525 2107 differentia
550 2049 637 2108 intor
659 2049 771 2110 Laicos
801 2056 834 2108 et
853 2047 1060 2125 Sacerdotes,
1094 2046 1210 2128 quibus
1233 2065 1296 2124 pu-

164 2129 489 2210 gnarelicitumnon
513 2139 569 2195 est.
614 2131 726 2208 Qualis
743 2129 830 2192 enim
858 2129 991 2190 victoria
1022 2131 1116 2190 datur
1148 2128 1202 2188 uhi
1236 2128 1296 2187 Sa·

164 2212 312 2274 cerdotes
335 2234 398 2272 una
422 2211 501 2272 hora
524 2212 683 2274 dominica
702 2221 899 2295 pertractant
913 2213 1072 2295 mysteria,
1093 2221 1124 2272 et
1140 2208 1297 2271 Christia-

163 2294 215 2354 nis
237 2295 434 2356 dominicum
466 2294 638 2378 porrigunt
661 2317 777 2378 corpus
801 2316 859 2373 pro
873 2317 1017 2356 vsuarum
1037 2293 1215 2356 animarum
1237 2311 1292 2350 re·

163 2375 361 2459 demptione,
385 2386 416 2438 et
435 2386 506 2460 post
520 2376 730 2454 Christianos,
750 2377 867 2460 quibus
893 2377 956 2438 hoc
975 2378 1154 2440 ministrare
1167 2373 1291 2434 dehue-

161 2468 247 2539 rant,
270 2471 324 2521 aaut
343 2461 499 2542 Paganos,
521 2459 640 2540 quibus
666 2460 829 2521 Christum
850 2461 1055 2541 praedicare,
1083 2456 1223 2540 propriis
1245 2475 1293 2516 sa·

163 2541 359 2625 crilegisque
384 2543 530 2603 manibus
551 2553 688 2613 necant;
718 2543 891 2626 praecipue
914 2541 1042 2604 dicente
1068 2535 1113 2602 eis
1133 2537 1297 2600 Dominae

166 2623 232 2684 Vos
244 2629 318 2686 estis
338 2626 517 2691 salterrae.
539 2625 635 2708 Quod
651 2626 679 2684 si
693 2626 742 2685 sal
757 2626 944 2700 evanuerit,
965 2626 998 2684 in
1018 2645 1080 2709 quo
1097 2619 1293 2682 condietur?

162 2705 218 2766 Ad
231 2709 464 2769 nr'hilam'vulet
485 2709 582 2779 ultra,
605 2710 668 2768 nisi
688 2722 722 2767 ut
745 2709 888 2768 mittatur
900 2705 1013 2787 foras,
1043 2719 1076 2766 et
1094 2703 1294 2764 concrrlcetar
1319 2769 1324 2782 ,

164 2789 203 2849 ub
223 2791 409 2852 hominibus.
450 2791 493 2850 Et
516 2789 593 2850 dum
608 2789 687 2850 haec
704 2790 747 2850 ita
764 2790 840 2866 sint,
862 2798 895 2850 et
916 2791 995 2850 tales
1011 2791 1043 2849 in
1061 2786 1151 2846 vohis
1168 2785 1293 2844 fuerint

162 2872 372 2950 Sacerdotes,
401 2872 563 2954 quomodo
591 2873 729 2934 victores
759 2882 873 2934 contra-
897 2881 1019 2934 restros
1048 2867 1195 2929 inimicos
1223 2885 1292 2926 esse

172 2955 330 3034 eteritis?
371 2956 451 3015 Nam
476 2955 503 3016 si
523 2955 660 3016 mundos
681 2964 712 3016 et
733 2966 832 3018 castos
856 2955 894 3014 ab
916 2955 1002 3014 onrni
1019 2950 1231 3014 fornicatione
1259 2955 1292 3006 et

161 2975 338 3099 homicidio
359 3038 478 3099 lihcror
503 3037 679 3100 habueritis
699 3038 900 3113 Sacerdotes,
922 3047 957 3096 ut
984 3035 1063 3098 sacri
1089 3028 1292 3114 praecipiunt

161 3140 313 3198 canones,
336 3131 368 3180 et
386 3130 494 3181 nostra
516 3121 587 3181 rice
611 3121 775 3203 praedicat
798 3121 958 3200 praefatus
981 3115 1166 3179 Bonifacius
1193 3114 1292 3172 frater

162 3211 280 3278 noster,
304 3212 336 3263 et
348 3202 376 3263 ei
398 3203 431 3263 in
448 3204 595 3264 omuibus
613 3204 799 3265 obedientes
818 3200 1004 3276 extiteritis,
1026 3199 1116 3259 nulla
1138 3217 1215 3293 gens
1232 3214 1289 3254 ve·

161 3293 263 3344 strum
280 3295 353 3344 ante
371 3296 580 3366 conspectum
594 3286 709 3356 stabit;
742 3284 798 3346 sed
819 3292 972 3344 corruent
998 3292 1071 3342 ante
1092 3282 1209 3340 faciem
1231 3296 1291 3336 re·-

161 3376 259 3427 stram
284 3388 394 3427 omnes
415 3390 555 3448 paganae
577 3377 707 3450 gentes,
737 3377 769 3428 et
798 3365 887 3426 eritis
911 3365 1066 3434 victores3
1097 3361 1230 3442 insuper
1259 3365 1292 3416 et

159 3449 244 3510 bene
267 3457 407 3531 agentes,
426 3451 523 3511 vitam
536 3449 737 3533 possidebitis
755 3457 927 3512 aeternam.
970 3449 1035 3508 Vos
1055 3453 1172 3517 autern,
1197 3439 1294 3532 caris-

158 3531 231 3594 simi
247 3533 372 3607 fratres,
394 3532 450 3612 qui
468 3533 543 3594 estis
565 3531 633 3593 veri
656 3530 857 3607 Sacerdotes,
878 3532 930 3591 vel
950 3525 1129 3609 subreguli
1150 3521 1292 3614 discipn3

159 3637 200 3675 na
216 3614 395 3687 constituti,
417 3617 465 3675 sic
485 3613 695 3695 vosmetipsos
712 3612 865 3674 exhibete
884 3621 920 3673 ut
935 3622 1023 3673 certe
1042 3606 1292 3697 ministrosIlm

161 3708 195 3760 et
210 3696 445 3777 dispensatores
467 3697 693 3782 mysteriorum
712 3695 785 3773 Dei,
805 3703 841 3755 ut
863 3717 928 3755 non
952 3693 1156 3775 vituperetur
1178 3704 1293 3782 minis·-

161 3779 281 3841 terium
302 3789 454 3856 vestrum,
479 3802 519 3842 ne
540 3780 595 3838 fiat
615 3778 648 3838 in
672 3778 762 3839 vobis
783 3778 868 3840 sicut
887 3777 1121 3859 scriptumest:
1149 3769 1233 3841 Erit,
1249 3786 1296 3824 sr-

159 3874 210 3925 ⁶¹¹l
223 3863 370 3944 populus,
395 3859 439 3922 stc
461 3861 629 3927 Sacerdos.
670 3861 713 3922 Et
730 3860 755 3923 si
772 3860 835 3921 hoc
853 3859 963 3935 fuerit,
987 3858 1091 3940 qualis
1117 3851 1209 3914 vobis
1232 3847 1295 3943 erit

161 3945 201 4004 ah
224 3944 407 4006 hominibus
431 3945 518 4016 laos,
540 3953 596 4004 aut
626 3943 767 4026 qualisai
789 3945 860 4002 Deo
886 3950 1078 4024 expectatur
1095 3931 1293 3998 retributio?

161 4027 229 4088 Sed
256 4027 301 4088 sic
321 4050 378 4088 ros
396 4027 547 4110 corrigite
564 4036 602 4087 ut
623 4026 693 4088 veri
716 4025 915 4090 Sacerdotes.
956 4025 999 4085 Et
1016 4023 1095 4082 tales
1116 4019 1155 4079 ad
1181 4017 1296 4076 Sacer-

161 4109 284 4170 dotitun
310 4111 495 4192 perducite,
526 4119 561 4170 ut
588 4119 620 4170 et
650 4109 741 4171 vobis
767 4115 800 4168 et
826 4105 893 4167 illis
919 4103 1140 4167 testimonium
1169 4101 1296 4188 maneat

159 4192 279 4254 honum
305 4194 343 4253 ab
368 4194 419 4255 his
446 4193 503 4275 qui
530 4192 610 4254 foris
637 4202 730 4262 suut;
759 4187 913 4272 quatinus
938 4188 977 4248 ab
1000 4184 1187 4247 hominibus
1206 4176 1296 4237 vobis
1406 4209 1410 4228 ι

160 4275 336 4358 tdquiratis
357 4277 505 4353 laudem,
527 4285 560 4337 et
582 4275 600 4336 a
628 4276 701 4336 Deo
724 4270 887 4336 mercedis
910 4269 1089 4354 praemium
1111 4267 1145 4330 io
1166 4270 1303 4324 aeterna-
