2926 4986
208 311 282 390 780
630 335 920 406 csettnuamun

273 471 317 537 Ut
333 485 461 561 pactum
479 473 513 538 in
535 473 721 622 baptismetp
733 477 860 560 sactum
880 501 950 546 cum
969 483 1039 548 Deo
1066 484 1086 544 t
1109 479 1279 572 baptizatis

682 575 871 628 acervatur.

289 637 350 701 lll.
391 639 441 702 De
462 663 500 704 eo
514 641 609 704 etiam
624 638 828 704 instruendos
848 645 961 708 fideles
986 646 1169 709 necessario
1191 651 1349 732 providi·

204 743 297 799 mus,
321 731 357 784 ut
374 723 566 808 intellegant
586 734 715 806 pactum
737 727 825 807 quod
845 749 920 787 cum
933 730 1003 792 Deo
1021 731 1054 791 in
1075 730 1265 812 baptismate
1295 735 1349 796 fe·
1385 733 1393 745 ’
1446 793 1447 796 ,

204 812 329 870 cerunt.
372 807 505 868 Pactum
520 807 700 890 quodcum
722 809 794 868 Deo
817 809 1117 894 inbaptismatefit,
1139 813 1156 872 d
1178 814 1345 878 multisex
1446 813 1448 920 ¹

203 899 289 962 toto,
313 887 330 946 d
353 889 462 950 multis
480 911 520 950 ex
540 898 628 972 parte
651 891 894 972 transgreditur.
936 895 1001 968 (Ex
1019 903 1087 954 toto
1100 894 1219 977 quippe
1237 906 1346 958 trans·

206 971 354 1054 greditur
381 978 419 1048 r),
447 973 579 1054 quando
606 971 678 1054 quis
704 983 776 1054 post
800 984 962 1056 acceptam
984 976 1180 1060 baptismatis
1205 980 1344 1060 gratiam

203 1053 314 1113 autad
337 1052 581 1132 infidelitatem,
603 1063 658 1114 aut
675 1054 833 1116 haeresim
855 1066 909 1116 aut
926 1067 1013 1120 certe
1028 1059 1067 1119 ad
1084 1059 1237 1137 schisma,
1260 1083 1344 1144 pro-

203 1135 334 1196 labitur.
376 1137 436 1211 (Ex
452 1147 541 1219 parte
563 1157 660 1212 vero,
682 1137 813 1220 quando
831 1139 903 1221 quis
925 1151 981 1202 aut
1004 1142 1044 1200 ad
1065 1142 1260 1224 superbiam,
1285 1153 1345 1203 aut

204 1219 244 1278 ad
260 1216 418 1294 invidiam
436 1229 490 1280 aut
512 1219 551 1280 ad
568 1221 789 1282 caetera'vitia
808 1222 973 1302 spiritulia,
995 1245 1078 1308 quae
1096 1244 1137 1284 ex
1150 1224 1259 1286 radice
1282 1247 1344 1288 su-

204 1299 335 1385 perbiae
359 1301 542 1381 prodeunt,
565 1301 694 1368 labitur,
717 1310 748 1378 s)
791 1303 935 1385 V1.195.
1257 1367 1260 1376 ,

263 1382 352 1467 Quid
372 1385 413 1442 sit
434 1385 664 1447 abrenuntiatio
686 1387 719 1444 in
740 1386 913 1524 blaptismo,
935 1400 967 1448 et
985 1385 1145 1474 quomodo
1167 1387 1279 1450 obser-

680 1489 742 1527 van
769 1469 859 1528 nsit.

255 1546 314 1610 IV.
337 1547 426 1626 Quid
439 1547 479 1608 sit
489 1548 714 1611 abrenuntiare
727 1548 875 1627 Diabolo,
889 1551 1043 1632 operibus
1064 1558 1097 1612 et
1106 1549 1232 1633 pompis
1247 1550 1339 1630 eius,

203 1630 1339 1716 valdeomnesfidelesintelligereoportet.Quapropternecesseestut

200 1711 437 1799 praedicatores
456 1714 489 1771 iu
505 1713 718 1789 admonendo,
729 1722 763 1772 'ct
777 1714 939 1776 auditores
954 1717 987 1776 in
1008 1715 1175 1792 discendo,
1195 1725 1226 1776 et
1237 1737 1337 1799 opere

149 1837 156 1850 .
201 1796 397 1874 complendo
411 1795 541 1873 abhinc,
556 1806 590 1856 ut
606 1817 823 1858 suumcavere
842 1797 965 1879 possint
979 1798 1172 1877 periculum,
1185 1819 1340 1880 maguum

202 1878 377 1940 adhibeant
391 1877 541 1939 studium.
584 1877 821 1940 Ahrenuntiare
846 1879 945 1976 igitur
970 1880 1109 1940 Diabolo
1136 1890 1184 1941 cst
1205 1882 1337 1964 penitus

202 1981 277 2022 eum
293 1979 463 2040 respuere,
486 1982 651 2038 spernere,
674 1961 813 2036 reicere,
842 1983 938 2044 eique
966 1961 1206 2039 contradicere,
1234 1983 1335 2044 seque

201 2063 468 2122 unumquemque
485 2043 523 2102 ab
545 2063 584 2103 co
599 2044 763 2119 alienare,
785 2041 852 2104 sive
872 2045 961 2106 aliud
975 2045 1056 2127 quid
1074 2043 1162 2126 quod
1178 2044 1242 2106 hcc
1264 2067 1339 2105 ver·

199 2125 243 2188 ho
263 2125 295 2183 in
316 2123 377 2184 boc
400 2145 497 2184 seusu
515 2125 651 2205 exprimi
665 2134 777 2207 potest.
821 2129 928 2210 Opera
947 2127 1016 2188 eius
1035 2136 1126 2202 sunt,
1157 2147 1251 2208 quac·
1273 2127 1337 2186 uti-

201 2229 265 2290 que
285 2206 435 2286 operibus
450 2206 623 2284 Salvatoris
640 2208 799 2269 contraria
819 2210 969 2270 existunt.
1010 2210 1156 2270 Primum
1183 2209 1334 2290 superbia

201 2289 293 2352 cuius
310 2289 367 2348 ille
384 2298 496 2350 auctor
516 2298 584 2364 est,
606 2300 637 2350 et
663 2311 746 2372 quae
767 2312 841 2352 eum
860 2291 1041 2372 ex·Angelo
1064 2294 1261 2351 Daemonem
1284 2293 1336 2353 fe·

203 2373 267 2449 cit,
289 2391 372 2454 quae
390 2381 437 2433 est
453 2371 548 2431 etiam
571 2369 701 2432 initium
722 2374 825 2434 omnis
847 2373 988 2456 peccati,
1016 2382 1049 2434 et
1071 2383 1195 2433 caetera
1230 2373 1336 2448 vitia,

203 2477 287 2538 qnae
304 2477 344 2515 ex
370 2454 478 2516 radice
492 2454 675 2536 procedunt
687 2455 866 2537 superbiae.
908 2458 1031 2542 Pompa·
1042 2455 1175 2516 Diaboli
1190 2451 1270 2516 haee
1288 2465 1337 2516 est

201 2559 284 2622 quae
319 2546 352 2598 et
378 2558 492 2617 pompa
526 2538 656 2611 mundi,
687 2537 803 2616 idest,
836 2537 986 2614 ambitio,
1017 2538 1217 2618 arrogantia,
1252 2560 1336 2598 vana
1446 2585 1447 2598 .

202 2620 324 2702 gloria,
347 2619 515 2699 omnisque
536 2618 710 2680 cuiuslibet
733 2620 781 2679 rei
805 2619 1009 2702 superfluitas
1036 2619 1069 2676 in
1096 2619 1245 2680 humanis
1264 2620 1336 2680 usi-

200 2704 277 2765 hus:
300 2702 386 2762 unde
401 2701 516 2762 crescit
526 2701 643 2768 elatio.
666 2724 748 2782 quae
762 2703 925 2763 multoties
943 2701 1102 2762 honestati
1117 2702 1200 2762 solet
1214 2702 1338 2762 adscri-
1446 2765 1447 2774 χ

200 2784 256 2863 bi,
279 2794 311 2845 et
324 2791 450 2846 caetera
472 2783 654 2844 huiusmodi
676 2806 758 2866 quae
776 2785 816 2846 de
838 2786 928 2844 fonte
956 2783 1136 2864 superbiae·
1156 2785 1334 2866 procedere

202 2877 390 2931 noscuntur.
431 2865 517 2926 Haec
533 2865 630 2926 ethis
647 2865 763 2926 similia
787 2876 862 2927 sunt
881 2887 964 2946 quae
985 2865 1207 2948 unusquisque
1226 2865 1335 2925 fidelis

201 2959 344 3031 tempore
364 2949 559 3028 baptismatis
578 2949 594 3007 d
616 2969 649 3008 se
666 2949 798 3024 reiecit,
833 2948 1026 3030 Christoque
1056 2970 1089 3008 se
1113 2947 1335 3028 mancipavit,

200 3043 393 3117 pactumque
412 3051 486 3090 cum
502 3033 572 3090 Deo
589 3030 667 3091 fecit
685 3051 724 3092 ne
739 3031 868 3112 penitus
886 3032 925 3091 ad
939 3051 976 3090 ea
989 3029 1106 3111 quibus
1123 3029 1335 3090 abrenuntia-

200 3115 265 3190 vit,
287 3115 418 3176 rediret.
461 3113 584 3173 Verum
600 3112 626 3174 si
642 3113 711 3172 iura
726 3112 884 3173 hnmanae
910 3113 1067 3193 pactionis
1093 3113 1225 3172 tirmiter
1252 3133 1335 3172 con-

200 3206 388 3271 servantur,
412 3194 506 3256 fixius
525 3203 628 3255 tamen
649 3205 745 3276 atque
768 3194 944 3256 ferventius
960 3195 1030 3254 iura
1045 3195 1123 3254 tanti
1142 3194 1335 3276 pacti‚quae

202 3299 275 3340 cum
289 3281 358 3340 Deo
373 3279 456 3338 facta
473 3288 565 3354 sunt,
588 3275 821 3338 inviolabiliter
840 3287 916 3337 sunt
937 3277 1148 3338 observanda.
1190 3275 1274 3338 laid.

339 3416 343 3422 ·
403 3383 451 3442 De
471 3383 596 3444 Scholia
611 3381 832 3478 persingulas
854 3383 945 3442 urbes
964 3381 1126 3442 habendis.

283 3464 324 3526 V.
367 3466 456 3525 Inter
476 3486 533 3525 nos
550 3487 619 3546 pari
636 3485 797 3524 consensu
815 3464 1017 3526 decrevimus
1035 3465 1082 3524 'ut
1106 3463 1335 3546 unusquisque
1445 3485 1446 3494 ¹

198 3548 431 3630 Episcoporum
448 3545 482 3606 in
498 3547 616 3608 scholis
633 3546 808 3619 habendis,
831 3555 864 3606 et
896 3547 936 3608 ad
966 3546 1137 3606 utilitatem
1165 3547 1334 3608 Ecclesiae

199 3631 356 3692 militibus
372 3628 491 3689 Christi
512 3627 738 3712 praeparandis
752 3639 785 3690 et
803 3627 995 3706 educandis,
1018 3627 1135 3688 abhinc
1152 3629 1254 3688 maius'
1267 3639 1336 3690 stu-

200 3716 290 3776 dium
311 3712 488 3777 adbiberet.
529 3713 572 3774 Et
599 3712 631 3771 in
653 3710 715 3772 boc
734 3709 988 3792 uniuscuiusque
1014 3711 1154 3771 studium
1182 3713 1334 3771 volumus

198 3797 352 3881 probare,
382 3804 418 3855 ut
440 3795 570 3876 quando
596 3794 635 3853 ad
662 3793 863 3874 provinciale
891 3794 1124 3875 Episcoporum
1147 3793 1335 3852 Concilium

199 3890 335 3942 ventum
354 3873 471 3954 fuerit,
493 3876 717 3958 unnsquisque
740 3877 914 3936 Rectorum
939 3874 1152 3938 scholasticos
1179 3896 1252 3935 suos
1282 3875 1334 3936 ei-

199 3964 272 4024 dem
293 3959 441 4024 Concilio
458 3960 567 4020 adesse
586 3958 697 4028 t'aciat;
721 3968 878 4038 quatenus
895 3967 927 4019 et
941 3957 1075 4018 caeteris
1087 3956 1240 4016 Ecclesiis
1262 3957 1334 4017 noti

198 4046 282 4118 sint,
306 4055 338 4106 et
361 4045 428 4104 eius
450 4043 550 4103 solers
574 4040 716 4103 studium
737 4041 823 4102 circa
855 4040 1002 4102 divinum
1030 4040 1156 4100 cultum
1180 4039 1333 4102 omnibus
1444 4101 1445 4108 ,

199 4127 405 4188 manifestum
429 4123 491 4189 fiat.
1166 4134 1168 4139 '

200 4255 425 4267 *tt—w

224 4299 249 4366 r)
266 4301 373 4350 Desunt
392 4299 420 4348 in
441 4295 526 4350 duob.
545 4296 634 4352 Ccdd.
759 4277 772 4296 ,‚
880 4295 903 4365 a)
922 4263 1074 4350 Desuntiu
1091 4295 1149 4349 iisd.
1170 4292 1257 4346 Codd.
