<?xml version="1.0" encoding="UTF-8"?>
<!DOCTYPE html PUBLIC "-//W3C//DTD XHTML 1.0 Transitional//EN"
    "http://www.w3.org/TR/xhtml1/DTD/xhtml1-transitional.dtd">
<html xmlns="http://www.w3.org/1999/xhtml" xml:lang="en" lang="en">
 <head>
  <title>
</title>
<meta http-equiv="Content-Type" content="text/html;charset=utf-8" />
  <meta name='ocr-system' content='tesseract 3.04.00' />
  <meta name='ocr-capabilities' content='ocr_page ocr_carea ocr_par ocr_line ocrx_word'/>
</head>
<body>
  <div class='ocr_page' id='page_1' title='image "./corpusiurisgerm04visigoog_0328.png"; bbox 0 0 2926 4986; ppageno 0'>
   <div class='ocr_carea' id='block_1_1' title="bbox 369 325 1255 418">
    <p class='ocr_par' dir='ltr' id='par_1_1' title="bbox 369 325 1255 418">
     <span class='ocr_line' id='line_1_1' title="bbox 369 325 1255 418; baseline -0.005 -16"><span class='ocrx_word' id='word_1_1' title='bbox 369 373 372 380; x_wconf 87' lang='lat'><strong>.</strong></span> <span class='ocrx_word' id='word_1_2' title='bbox 475 341 607 410; x_wconf 32' lang='lat' dir='ltr'><strong>,uuna</strong></span> <span class='ocrx_word' id='word_1_3' title='bbox 642 341 843 404; x_wconf 77' lang='lat' dir='ltr'><strong>currimus.</strong></span> <span class='ocrx_word' id='word_1_4' title='bbox 1063 327 1094 350; x_wconf 67' lang='lat'><strong>⁵</strong></span> <span class='ocrx_word' id='word_1_5' title='bbox 1176 325 1255 418; x_wconf 69' lang='lat'><strong>7275</strong></span> 
     </span>
    </p>
   </div>
   <div class='ocr_carea' id='block_1_2' title="bbox 118 477 1342 647">
    <p class='ocr_par' dir='ltr' id='par_1_2' title="bbox 118 477 1342 647">
     <span class='ocr_line' id='line_1_2' title="bbox 118 477 1342 564; baseline -0.006 -18"><span class='ocrx_word' id='word_1_6' title='bbox 118 480 359 562; x_wconf 76' lang='lat' dir='ltr'><strong>rationabiliter</strong></span> <span class='ocrx_word' id='word_1_7' title='bbox 380 480 590 564; x_wconf 75' lang='lat' dir='ltr'><strong>adimpleant,</strong></span> <span class='ocrx_word' id='word_1_8' title='bbox 609 481 697 545; x_wconf 88' lang='lat' dir='ltr'><strong>utin</strong></span> <span class='ocrx_word' id='word_1_9' title='bbox 718 479 860 560; x_wconf 85' lang='lat' dir='ltr'><strong>nullam,</strong></span> <span class='ocrx_word' id='word_1_10' title='bbox 881 479 969 564; x_wconf 81' lang='lat' dir='ltr'><strong>quod</strong></span> <span class='ocrx_word' id='word_1_11' title='bbox 989 478 1083 556; x_wconf 81' lang='lat' dir='ltr'><strong>absit,</strong></span> <span class='ocrx_word' id='word_1_12' title='bbox 1104 477 1251 541; x_wconf 83' lang='lat' dir='ltr'><strong>offensio·</strong></span> <span class='ocrx_word' id='word_1_13' title='bbox 1340 529 1342 539; x_wconf 87' lang='lat'><strong>.</strong></span> 
     </span>
     <span class='ocr_line' id='line_1_3' title="bbox 119 563 1052 647; baseline -0.008 -19"><span class='ocrx_word' id='word_1_14' title='bbox 119 589 196 628; x_wconf 89' lang='lat' dir='ltr'><strong>nem</strong></span> <span class='ocrx_word' id='word_1_15' title='bbox 217 565 375 642; x_wconf 78' lang='lat' dir='ltr'><strong>incidant,</strong></span> <span class='ocrx_word' id='word_1_16' title='bbox 393 565 454 624; x_wconf 66' lang='lat' dir='ltr'><strong>‘sed</strong></span> <span class='ocrx_word' id='word_1_17' title='bbox 477 564 539 627; x_wconf 89' lang='lat' dir='ltr'><strong>Dei</strong></span> <span class='ocrx_word' id='word_1_18' title='bbox 559 563 692 647; x_wconf 80' lang='lat' dir='ltr'><strong>gratiam</strong></span> <span class='ocrx_word' id='word_1_19' title='bbox 712 563 889 646; x_wconf 89' lang='lat' dir='ltr'><strong>promereri</strong></span> <span class='ocrx_word' id='word_1_20' title='bbox 913 564 1052 625; x_wconf 86' lang='lat' dir='ltr'><strong>valeant.</strong></span> 
     </span>
    </p>
   </div>
   <div class='ocr_carea' id='block_1_3' title="bbox 140 653 1230 812">
    <p class='ocr_par' dir='ltr' id='par_1_3' title="bbox 140 653 1230 812">
     <span class='ocr_line' id='line_1_4' title="bbox 140 653 1230 812; baseline -0.006 -80"><span class='ocrx_word' id='word_1_21' title='bbox 140 669 231 758; x_wconf 83' lang='lat' dir='ltr'><strong>Quid</strong></span> <span class='ocrx_word' id='word_1_22' title='bbox 252 653 293 732; x_wconf 76' lang='lat' dir='ltr'><strong>de</strong></span> <span class='ocrx_word' id='word_1_23' title='bbox 320 669 469 732; x_wconf 77' lang='lat' dir='ltr'><em>convictis</em></span> <span class='ocrx_word' id='word_1_24' title='bbox 491 672 526 732; x_wconf 90' lang='lat' dir='ltr'><strong>in</strong></span> <span class='ocrx_word' id='word_1_25' title='bbox 554 668 673 812; x_wconf 59' lang='lat' dir='ltr'><strong>iudilcio</strong></span> <span class='ocrx_word' id='word_1_26' title='bbox 695 667 737 767; x_wconf 70' lang='lat' dir='ltr'><strong>dc</strong></span> <span class='ocrx_word' id='word_1_27' title='bbox 761 668 899 730; x_wconf 80' lang='lat' dir='ltr'><strong>evidenti</strong></span> <span class='ocrx_word' id='word_1_28' title='bbox 923 669 1078 730; x_wconf 79' lang='lat' dir='ltr'><strong>uiolentia</strong></span> <span class='ocrx_word' id='word_1_29' title='bbox 1100 665 1230 750; x_wconf 82' lang='lat' dir='ltr'><strong>facien-</strong></span> 
     </span>
     <span class='ocr_line' id='line_1_5' title="bbox 636 765 1172 812; baseline -0.015 0"><span class='ocrx_word' id='word_1_30' title='bbox 636 774 687 812; x_wconf 88' lang='lat' dir='ltr'><strong>um</strong></span> <span class='ocrx_word' id='word_1_31' title='bbox 707 765 759 812; x_wconf 77' lang='lat' dir='ltr'><strong>sit.</strong></span> <span class='ocrx_word' id='word_1_32' title='bbox 1128 787 1133 794; x_wconf 82' lang='lat'><em>-</em></span> <span class='ocrx_word' id='word_1_33' title='bbox 1156 783 1172 804; x_wconf 67' lang='lat'><strong>‚,</strong></span> 
     </span>
    </p>
   </div>
   <div class='ocr_carea' id='block_1_4' title="bbox 119 841 1253 1023">
    <p class='ocr_par' dir='ltr' id='par_1_4' title="bbox 119 841 1253 1023">
     <span class='ocr_line' id='line_1_6' title="bbox 192 841 1253 934; baseline -0.006 -13"><span class='ocrx_word' id='word_1_34' title='bbox 192 841 399 928; x_wconf 80' lang='lat' dir='ltr'><strong>&#39;ccxxxu</strong></span> <span class='ocrx_word' id='word_1_35' title='bbox 441 855 618 919; x_wconf 80' lang='lat' dir='ltr'><strong>convictus</strong></span> <span class='ocrx_word' id='word_1_36' title='bbox 640 855 674 916; x_wconf 74' lang='lat' dir='ltr'><strong>tn</strong></span> <span class='ocrx_word' id='word_1_37' title='bbox 696 854 819 934; x_wconf 66' lang='lat' dir='ltr'><strong>tudina</strong></span> <span class='ocrx_word' id='word_1_38' title='bbox 842 853 883 918; x_wconf 75' lang='lat' dir='ltr'><strong>ae</strong></span> <span class='ocrx_word' id='word_1_39' title='bbox 912 853 1055 918; x_wconf 69' lang='lat' dir='ltr'><strong>evidenti</strong></span> <span class='ocrx_word' id='word_1_40' title='bbox 1077 851 1253 919; x_wconf 69' lang='lat' dir='ltr'><strong>violentias</strong></span> 
     </span>
     <span class='ocr_line' id='line_1_7' title="bbox 119 940 1013 1023; baseline -0.008 -21"><span class='ocrx_word' id='word_1_41' title='bbox 119 940 269 1019; x_wconf 88' lang='lat' dir='ltr'><strong>crimine,</strong></span> <span class='ocrx_word' id='word_1_42' title='bbox 291 958 366 1002; x_wconf 87' lang='lat' dir='ltr'><strong>reus</strong></span> <span class='ocrx_word' id='word_1_43' title='bbox 392 948 488 1022; x_wconf 88' lang='lat' dir='ltr'><strong>eaput</strong></span> <span class='ocrx_word' id='word_1_44' title='bbox 502 940 665 1023; x_wconf 83' lang='lat' dir='ltr'><strong>puniatur.</strong></span> <span class='ocrx_word' id='word_1_45' title='bbox 1011 958 1013 966; x_wconf 71' lang='grc'>’</span> 
     </span>
    </p>
   </div>
   <div class='ocr_carea' id='block_1_5' title="bbox 124 1031 1276 1126">
    <p class='ocr_par' dir='ltr' id='par_1_5' title="bbox 124 1031 1276 1126">
     <span class='ocr_line' id='line_1_8' title="bbox 124 1031 1276 1126; baseline -0.009 -16"><span class='ocrx_word' id='word_1_46' title='bbox 124 1047 169 1110; x_wconf 89' lang='lat' dir='ltr'><strong>Ut</strong></span> <span class='ocrx_word' id='word_1_47' title='bbox 193 1036 382 1107; x_wconf 79' lang='lat' dir='ltr'><strong>Sacerdotes</strong></span> <span class='ocrx_word' id='word_1_48' title='bbox 408 1045 449 1105; x_wconf 87' lang='lat' dir='ltr'><strong>de</strong></span> <span class='ocrx_word' id='word_1_49' title='bbox 474 1046 639 1124; x_wconf 75' lang='lat' dir='ltr'><strong>incognitis</strong></span> <span class='ocrx_word' id='word_1_50' title='bbox 664 1031 756 1107; x_wconf 81' lang='lat' dir='ltr'><strong>rebus</strong></span> <span class='ocrx_word' id='word_1_51' title='bbox 778 1045 861 1105; x_wconf 77' lang='lat' dir='ltr'><strong>nibil</strong></span> <span class='ocrx_word' id='word_1_52' title='bbox 881 1042 1025 1104; x_wconf 81' lang='lat' dir='ltr'><strong>iudicare</strong></span> <span class='ocrx_word' id='word_1_53' title='bbox 1043 1054 1276 1126; x_wconf 61' lang='lat' dir='ltr'><strong>praesumant..</strong></span> 
     </span>
    </p>
   </div>
   <div class='ocr_carea' id='block_1_6' title="bbox 119 1147 1257 1477">
    <p class='ocr_par' dir='ltr' id='par_1_6' title="bbox 119 1147 1257 1477">
     <span class='ocr_line' id='line_1_9' title="bbox 206 1147 1254 1231; baseline -0.008 -15"><span class='ocrx_word' id='word_1_54' title='bbox 206 1149 415 1217; x_wconf 75' lang='lat' dir='ltr'><strong>CCXXXIII.</strong></span> <span class='ocrx_word' id='word_1_55' title='bbox 455 1152 532 1226; x_wconf 88' lang='lat' dir='ltr'><strong>Nos,</strong></span> <span class='ocrx_word' id='word_1_56' title='bbox 540 1151 596 1231; x_wconf 89' lang='lat' dir='ltr'><strong>qui</strong></span> <span class='ocrx_word' id='word_1_57' title='bbox 606 1149 814 1215; x_wconf 83' lang='lat' dir='ltr'><strong>sacerdotum</strong></span> <span class='ocrx_word' id='word_1_58' title='bbox 822 1147 952 1218; x_wconf 87' lang='lat' dir='ltr'><strong>Domini</strong></span> <span class='ocrx_word' id='word_1_59' title='bbox 967 1158 1089 1212; x_wconf 84' lang='lat' dir='ltr'><strong>matura</strong></span> <span class='ocrx_word' id='word_1_60' title='bbox 1104 1147 1254 1228; x_wconf 75' lang='lat' dir='ltr'><strong>jvolumuo</strong></span> 
     </span>
     <span class='ocr_line' id='line_1_10' title="bbox 120 1231 1257 1316; baseline -0.009 -16"><span class='ocrx_word' id='word_1_61' title='bbox 120 1259 191 1300; x_wconf 89' lang='lat' dir='ltr'><strong>esse</strong></span> <span class='ocrx_word' id='word_1_62' title='bbox 212 1235 343 1308; x_wconf 85' lang='lat' dir='ltr'><strong>iudicia,</strong></span> <span class='ocrx_word' id='word_1_63' title='bbox 356 1231 450 1292; x_wconf 83' lang='lat' dir='ltr'><strong>nihil</strong></span> <span class='ocrx_word' id='word_1_64' title='bbox 470 1253 638 1315; x_wconf 86' lang='lat' dir='ltr'><strong>possumus</strong></span> <span class='ocrx_word' id='word_1_65' title='bbox 651 1233 691 1294; x_wconf 92' lang='lat' dir='ltr'><strong>de</strong></span> <span class='ocrx_word' id='word_1_66' title='bbox 707 1231 994 1314; x_wconf 79' lang='lat' dir='ltr'><strong>incognitis&#39;rebus</strong></span> <span class='ocrx_word' id='word_1_67' title='bbox 1014 1233 1048 1292; x_wconf 89' lang='lat' dir='ltr'><strong>in</strong></span> <span class='ocrx_word' id='word_1_68' title='bbox 1064 1231 1257 1316; x_wconf 70' lang='lat' dir='ltr'><strong>cuiusquam</strong></span> 
     </span>
     <span class='ocr_line' id='line_1_11' title="bbox 119 1314 1256 1404; baseline -0.009 -24"><span class='ocrx_word' id='word_1_69' title='bbox 119 1317 221 1404; x_wconf 84' lang='lat' dir='ltr'><strong>partis</strong></span> <span class='ocrx_word' id='word_1_70' title='bbox 250 1314 489 1399; x_wconf 16' lang='lat' dir='ltr'><strong>praeiudicium,</strong></span> <span class='ocrx_word' id='word_1_71' title='bbox 506 1314 661 1390; x_wconf 85' lang='lat' dir='ltr'><strong>definire,</strong></span> <span class='ocrx_word' id='word_1_72' title='bbox 697 1316 884 1402; x_wconf 72' lang='lat' dir='ltr'><strong>priusquam</strong></span> <span class='ocrx_word' id='word_1_73' title='bbox 897 1315 1143 1404; x_wconf 71' lang='lat' dir='ltr'><strong>universaquae</strong></span> <span class='ocrx_word' id='word_1_74' title='bbox 1167 1319 1256 1397; x_wconf 86' lang='lat' dir='ltr'><strong>gesta</strong></span> 
     </span>
     <span class='ocr_line' id='line_1_12' title="bbox 121 1393 1136 1477; baseline -0.007 -16"><span class='ocrx_word' id='word_1_75' title='bbox 121 1409 199 1462; x_wconf 89' lang='lat' dir='ltr'><strong>sunt</strong></span> <span class='ocrx_word' id='word_1_76' title='bbox 224 1397 384 1477; x_wconf 74' lang='lat' dir='ltr'><strong>¹ueraciter</strong></span> <span class='ocrx_word' id='word_1_77' title='bbox 403 1393 579 1464; x_wconf 89' lang='lat' dir='ltr'><strong>audiamus.</strong></span> <span class='ocrx_word' id='word_1_78' title='bbox 623 1395 681 1458; x_wconf 83' lang='lat' dir='ltr'><strong>VI.</strong></span> <span class='ocrx_word' id='word_1_79' title='bbox 702 1397 772 1458; x_wconf 74' lang='lat'><strong>552.</strong></span> <span class='ocrx_word' id='word_1_80' title='bbox 1134 1408 1136 1414; x_wconf 82' lang='lat'>&#39;</span> 
     </span>
    </p>
   </div>
   <div class='ocr_carea' id='block_1_7' title="bbox 121 1501 1258 1810">
    <p class='ocr_par' dir='ltr' id='par_1_7' title="bbox 121 1501 1253 1588">
     <span class='ocr_line' id='line_1_13' title="bbox 121 1501 1253 1588; baseline -0.004 -22"><span class='ocrx_word' id='word_1_81' title='bbox 121 1507 173 1566; x_wconf 87' lang='lat' dir='ltr'><strong>De</strong></span> <span class='ocrx_word' id='word_1_82' title='bbox 198 1507 246 1571; x_wconf 81' lang='lat' dir='ltr'><strong>bis</strong></span> <span class='ocrx_word' id='word_1_83' title='bbox 271 1505 326 1586; x_wconf 82' lang='lat' dir='ltr'><strong>qui</strong></span> <span class='ocrx_word' id='word_1_84' title='bbox 352 1502 533 1584; x_wconf 83' lang='lat' dir='ltr'><strong>relinquunt</strong></span> <span class='ocrx_word' id='word_1_85' title='bbox 559 1503 767 1562; x_wconf 80' lang='lat' dir='ltr'><strong>ecclesiastico</strong></span> <span class='ocrx_word' id='word_1_86' title='bbox 797 1501 909 1588; x_wconf 78' lang='lat' dir='ltr'><strong>officio</strong></span> <span class='ocrx_word' id='word_1_87' title='bbox 921 1547 934 1576; x_wconf 88' lang='lat'><strong>,</strong></span> <span class='ocrx_word' id='word_1_88' title='bbox 970 1513 1001 1562; x_wconf 86' lang='lat' dir='ltr'><strong>et</strong></span> <span class='ocrx_word' id='word_1_89' title='bbox 1026 1501 1071 1570; x_wconf 76' lang='lat' dir='ltr'><strong>ool</strong></span> <span class='ocrx_word' id='word_1_90' title='bbox 1098 1502 1253 1572; x_wconf 82' lang='lat' dir='ltr'><strong>seculares</strong></span> 
     </span>
    </p>

    <p class='ocr_par' dir='ltr' id='par_1_8' title="bbox 122 1579 1253 1669">
     <span class='ocr_line' id='line_1_14' title="bbox 122 1579 1253 1669; baseline -0.004 -21"><span class='ocrx_word' id='word_1_91' title='bbox 122 1583 317 1669; x_wconf 81' lang='lat' dir='ltr'><strong>confugiunt.</strong></span> <span class='ocrx_word' id='word_1_92' title='bbox 342 1585 393 1644; x_wconf 67' lang='lat' dir='ltr'><strong>§Et</strong></span> <span class='ocrx_word' id='word_1_93' title='bbox 414 1585 453 1642; x_wconf 77' lang='lat' dir='ltr'><strong>de</strong></span> <span class='ocrx_word' id='word_1_94' title='bbox 475 1584 605 1644; x_wconf 80' lang='lat' dir='ltr'><strong>Clericis</strong></span> <span class='ocrx_word' id='word_1_95' title='bbox 617 1583 745 1665; x_wconf 73' lang='lat' dir='ltr'><strong>frictum</strong></span> <span class='ocrx_word' id='word_1_96' title='bbox 764 1585 924 1646; x_wconf 79' lang='lat' dir='ltr'><strong>Ec&#39;el&#39;csioc</strong></span> <span class='ocrx_word' id='word_1_97' title='bbox 939 1579 1144 1666; x_wconf 78' lang='lat' dir='ltr'><strong>facientibus.</strong></span> <span class='ocrx_word' id='word_1_98' title='bbox 1179 1583 1253 1644; x_wconf 78' lang='lat' dir='ltr'><strong>Siue</strong></span> 
     </span>
    </p>

    <p class='ocr_par' dir='ltr' id='par_1_9' title="bbox 123 1668 1258 1810">
     <span class='ocr_line' id='line_1_15' title="bbox 123 1668 1258 1740; baseline -0.004 -11"><span class='ocrx_word' id='word_1_99' title='bbox 123 1669 163 1730; x_wconf 85' lang='lat' dir='ltr'><strong>dc</strong></span> <span class='ocrx_word' id='word_1_100' title='bbox 188 1668 320 1733; x_wconf 84' lang='lat' dir='ltr'><strong>Cleriois</strong></span> <span class='ocrx_word' id='word_1_101' title='bbox 343 1687 465 1740; x_wconf 77' lang='lat' dir='ltr'><strong>comem</strong></span> <span class='ocrx_word' id='word_1_102' title='bbox 491 1668 718 1737; x_wconf 77' lang='lat' dir='ltr'><strong>nutrientibus,</strong></span> <span class='ocrx_word' id='word_1_103' title='bbox 753 1668 800 1727; x_wconf 82' lang='lat' dir='ltr'><strong>vel</strong></span> <span class='ocrx_word' id='word_1_104' title='bbox 826 1669 964 1729; x_wconf 80' lang='lat' dir='ltr'><strong>hobitum</strong></span> <span class='ocrx_word' id='word_1_105' title='bbox 994 1679 1048 1727; x_wconf 92' lang='lat' dir='ltr'><strong>out</strong></span> <span class='ocrx_word' id='word_1_106' title='bbox 1067 1669 1258 1728; x_wconf 74' lang='lat' dir='ltr'><strong>uostImcnto·</strong></span> 
     </span>
     <span class='ocr_line' id='line_1_16' title="bbox 502 1749 1189 1810; baseline 0 -1"><span class='ocrx_word' id='word_1_107' title='bbox 502 1749 663 1810; x_wconf 78' lang='lat' dir='ltr'><strong>claricalis</strong></span> <span class='ocrx_word' id='word_1_108' title='bbox 687 1749 884 1810; x_wconf 82' lang='lat' dir='ltr'><strong>mutantibus.</strong></span> <span class='ocrx_word' id='word_1_109' title='bbox 1188 1771 1189 1774; x_wconf 44' lang='lat'>¹</span> 
     </span>
    </p>
   </div>
   <div class='ocr_carea' id='block_1_8' title="bbox 120 1853 1255 2767">
    <p class='ocr_par' dir='ltr' id='par_1_10' title="bbox 121 1853 1255 2261">
     <span class='ocr_line' id='line_1_17' title="bbox 207 1853 1252 1936; baseline -0.002 -19"><span class='ocrx_word' id='word_1_110' title='bbox 207 1853 411 1919; x_wconf 88' lang='lat' dir='ltr'><strong>CCXXXIV.</strong></span> <span class='ocrx_word' id='word_1_111' title='bbox 455 1853 693 1932; x_wconf 77' lang='lat' dir='ltr'><strong>Sancitumest</strong></span> <span class='ocrx_word' id='word_1_112' title='bbox 719 1863 757 1932; x_wconf 83' lang='lat' dir='ltr'><strong>ut</strong></span> <span class='ocrx_word' id='word_1_113' title='bbox 777 1853 924 1936; x_wconf 83' lang='lat' dir='ltr'><strong>quisquis</strong></span> <span class='ocrx_word' id='word_1_114' title='bbox 951 1854 1114 1930; x_wconf 85' lang='lat' dir='ltr'><strong>Clericus,</strong></span> <span class='ocrx_word' id='word_1_115' title='bbox 1136 1855 1252 1916; x_wconf 87' lang='lat' dir='ltr'><strong>relicto</strong></span> 
     </span>
     <span class='ocr_line' id='line_1_18' title="bbox 122 1935 1255 2020; baseline 0.002 -24"><span class='ocrx_word' id='word_1_116' title='bbox 122 1936 232 2000; x_wconf 83' lang='lat' dir='ltr'><strong>officio</strong></span> <span class='ocrx_word' id='word_1_117' title='bbox 257 1961 336 2016; x_wconf 80' lang='lat' dir='ltr'><strong>sun,</strong></span> <span class='ocrx_word' id='word_1_118' title='bbox 370 1935 503 2020; x_wconf 84' lang='lat' dir='ltr'><strong>propter</strong></span> <span class='ocrx_word' id='word_1_119' title='bbox 532 1935 763 2008; x_wconf 81' lang='lat' dir='ltr'><strong>districtionem</strong></span> <span class='ocrx_word' id='word_1_120' title='bbox 796 1936 835 1996; x_wconf 87' lang='lat' dir='ltr'><strong>ad</strong></span> <span class='ocrx_word' id='word_1_121' title='bbox 864 1938 1051 2002; x_wconf 88' lang='lat' dir='ltr'><strong>Secularem</strong></span> <span class='ocrx_word' id='word_1_122' title='bbox 1074 1938 1255 2019; x_wconf 76' lang='lat' dir='ltr'><strong>quemlihet</strong></span> 
     </span>
     <span class='ocr_line' id='line_1_19' title="bbox 124 2019 1253 2104; baseline -0.002 -24"><span class='ocrx_word' id='word_1_123' title='bbox 124 2019 320 2104; x_wconf 74' lang='lat' dir='ltr'><strong>confugerit,</strong></span> <span class='ocrx_word' id='word_1_124' title='bbox 342 2029 375 2082; x_wconf 89' lang='lat' dir='ltr'><strong>et</strong></span> <span class='ocrx_word' id='word_1_125' title='bbox 395 2019 421 2082; x_wconf 89' lang='lat' dir='ltr'><strong>is</strong></span> <span class='ocrx_word' id='word_1_126' title='bbox 435 2020 475 2080; x_wconf 87' lang='lat' dir='ltr'><strong>ad</strong></span> <span class='ocrx_word' id='word_1_127' title='bbox 493 2039 591 2100; x_wconf 87' lang='lat' dir='ltr'><strong>quem</strong></span> <span class='ocrx_word' id='word_1_128' title='bbox 611 2019 751 2079; x_wconf 86' lang='lat' dir='ltr'><strong>recurrit</strong></span> <span class='ocrx_word' id='word_1_129' title='bbox 769 2019 918 2096; x_wconf 83' lang='lat' dir='ltr'><strong>solatium</strong></span> <span class='ocrx_word' id='word_1_130' title='bbox 933 2020 964 2086; x_wconf 86' lang='lat' dir='ltr'><strong>ei</strong></span> <span class='ocrx_word' id='word_1_131' title='bbox 981 2021 1180 2086; x_wconf 84' lang='lat' dir='ltr'><strong>defensionis</strong></span> <span class='ocrx_word' id='word_1_132' title='bbox 1196 2021 1253 2094; x_wconf 84' lang='lat' dir='ltr'><strong>im-</strong></span> 
     </span>
     <span class='ocr_line' id='line_1_20' title="bbox 121 2095 1252 2248; baseline 0.002 -88"><span class='ocrx_word' id='word_1_133' title='bbox 121 2101 301 2248; x_wconf 48' lang='lat' dir='ltr'><strong>pendergt,</strong></span> <span class='ocrx_word' id='word_1_134' title='bbox 331 2125 405 2166; x_wconf 85' lang='lat' dir='ltr'><strong>cum</strong></span> <span class='ocrx_word' id='word_1_135' title='bbox 435 2101 550 2166; x_wconf 84' lang='lat' dir='ltr'><strong>eodem</strong></span> <span class='ocrx_word' id='word_1_136' title='bbox 581 2101 756 2187; x_wconf 60' lang='lat' dir='ltr'><strong>Ecclesiae⁸</strong></span> <span class='ocrx_word' id='word_1_137' title='bbox 775 2101 815 2166; x_wconf 87' lang='lat' dir='ltr'><strong>de</strong></span> <span class='ocrx_word' id='word_1_138' title='bbox 838 2095 1071 2167; x_wconf 65' lang='lat' dir='ltr'><strong>‘communione</strong></span> <span class='ocrx_word' id='word_1_139' title='bbox 1101 2104 1252 2188; x_wconf 80' lang='lat' dir='ltr'><strong>pellatur.</strong></span> 
     </span>
     <span class='ocr_line' id='line_1_21' title="bbox 126 2181 864 2261; baseline -0.004 -15"><span class='ocrx_word' id='word_1_140' title='bbox 126 2185 184 2250; x_wconf 85' lang='lat' dir='ltr'><strong>VI.</strong></span> <span class='ocrx_word' id='word_1_141' title='bbox 209 2187 244 2261; x_wconf 69' lang='lat'><strong>14</strong></span> <span class='ocrx_word' id='word_1_142' title='bbox 268 2208 281 2251; x_wconf 59' lang='lat'><strong>‚³</strong></span> <span class='ocrx_word' id='word_1_143' title='bbox 311 2181 316 2190; x_wconf 59' lang='lat'><strong>⁴</strong></span> <span class='ocrx_word' id='word_1_144' title='bbox 628 2205 631 2215; x_wconf 76' lang='grc'><em>’</em></span> <span class='ocrx_word' id='word_1_145' title='bbox 863 2197 864 2201; x_wconf 77' lang='grc'>’</span> 
     </span>
    </p>

    <p class='ocr_par' dir='ltr' id='par_1_11' title="bbox 123 2268 1251 2434">
     <span class='ocr_line' id='line_1_22' title="bbox 207 2268 1251 2356; baseline 0 -28"><span class='ocrx_word' id='word_1_146' title='bbox 207 2268 376 2351; x_wconf 87' lang='lat' dir='ltr'><strong>Simulque</strong></span> <span class='ocrx_word' id='word_1_147' title='bbox 401 2268 558 2331; x_wconf 82' lang='lat' dir='ltr'><strong>sancitum</strong></span> <span class='ocrx_word' id='word_1_148' title='bbox 572 2279 618 2334; x_wconf 87' lang='lat' dir='ltr'><strong>est</strong></span> <span class='ocrx_word' id='word_1_149' title='bbox 638 2281 674 2332; x_wconf 87' lang='lat' dir='ltr'><strong>ut</strong></span> <span class='ocrx_word' id='word_1_150' title='bbox 689 2271 715 2333; x_wconf 87' lang='lat' dir='ltr'><strong>si</strong></span> <span class='ocrx_word' id='word_1_151' title='bbox 733 2271 805 2356; x_wconf 88' lang='lat' dir='ltr'><strong>quis</strong></span> <span class='ocrx_word' id='word_1_152' title='bbox 826 2272 974 2336; x_wconf 84' lang='lat' dir='ltr'><strong>Clericus</strong></span> <span class='ocrx_word' id='word_1_153' title='bbox 992 2271 1115 2332; x_wconf 86' lang='lat' dir='ltr'><strong>furtum</strong></span> <span class='ocrx_word' id='word_1_154' title='bbox 1133 2268 1251 2330; x_wconf 81' lang='lat' dir='ltr'><strong>Eccle-</strong></span> 
     </span>
     <span class='ocr_line' id='line_1_23' title="bbox 123 2349 985 2434; baseline 0.009 -24"><span class='ocrx_word' id='word_1_155' title='bbox 123 2349 190 2412; x_wconf 88' lang='lat' dir='ltr'><strong>siae</strong></span> <span class='ocrx_word' id='word_1_156' title='bbox 212 2350 336 2430; x_wconf 88' lang='lat' dir='ltr'><strong>fecerit,</strong></span> <span class='ocrx_word' id='word_1_157' title='bbox 367 2353 537 2434; x_wconf 83' lang='lat' dir='ltr'><strong>peregrina</strong></span> <span class='ocrx_word' id='word_1_158' title='bbox 559 2355 589 2415; x_wconf 91' lang='lat' dir='ltr'><strong>ei</strong></span> <span class='ocrx_word' id='word_1_159' title='bbox 614 2357 796 2416; x_wconf 89' lang='lat' dir='ltr'><strong>communio</strong></span> <span class='ocrx_word' id='word_1_160' title='bbox 816 2357 985 2418; x_wconf 88' lang='lat' dir='ltr'><strong>tribuatur.</strong></span> 
     </span>
    </p>

    <p class='ocr_par' dir='ltr' id='par_1_12' title="bbox 120 2432 1252 2767">
     <span class='ocr_line' id='line_1_24' title="bbox 205 2432 1251 2518; baseline 0 -26"><span class='ocrx_word' id='word_1_161' title='bbox 205 2432 310 2494; x_wconf 86' lang='lat' dir='ltr'><strong>Simili</strong></span> <span class='ocrx_word' id='word_1_162' title='bbox 325 2435 419 2495; x_wconf 85' lang='lat' dir='ltr'><strong>modo</strong></span> <span class='ocrx_word' id='word_1_163' title='bbox 445 2438 611 2506; x_wconf 82' lang='lat' dir='ltr'><strong>decretum</strong></span> <span class='ocrx_word' id='word_1_164' title='bbox 627 2445 725 2497; x_wconf 88' lang='lat' dir='ltr'><strong>estut</strong></span> <span class='ocrx_word' id='word_1_165' title='bbox 741 2437 859 2499; x_wconf 87' lang='lat' dir='ltr'><strong>Clerici</strong></span> <span class='ocrx_word' id='word_1_166' title='bbox 879 2439 935 2518; x_wconf 90' lang='lat' dir='ltr'><strong>qui</strong></span> <span class='ocrx_word' id='word_1_167' title='bbox 953 2458 1073 2496; x_wconf 86' lang='lat' dir='ltr'><strong>comam</strong></span> <span class='ocrx_word' id='word_1_168' title='bbox 1090 2432 1251 2511; x_wconf 85' lang='lat' dir='ltr'><strong>nutriunt,</strong></span> 
     </span>
     <span class='ocr_line' id='line_1_25' title="bbox 123 2512 1252 2596; baseline 0.004 -24"><span class='ocrx_word' id='word_1_169' title='bbox 123 2512 163 2574; x_wconf 90' lang='lat' dir='ltr'><strong>ab</strong></span> <span class='ocrx_word' id='word_1_170' title='bbox 178 2513 433 2593; x_wconf 86' lang='lat' dir='ltr'><strong>Archidiacono,</strong></span> <span class='ocrx_word' id='word_1_171' title='bbox 448 2517 569 2578; x_wconf 83' lang='lat' dir='ltr'><strong>etiamsi</strong></span> <span class='ocrx_word' id='word_1_172' title='bbox 593 2519 769 2596; x_wconf 87' lang='lat' dir='ltr'><strong>noluerint,</strong></span> <span class='ocrx_word' id='word_1_173' title='bbox 791 2519 884 2580; x_wconf 79' lang='lat' dir='ltr'><strong>inriti</strong></span> <span class='ocrx_word' id='word_1_174' title='bbox 906 2519 1132 2582; x_wconf 83' lang='lat' dir='ltr'><strong>detondantur.</strong></span> <span class='ocrx_word' id='word_1_175' title='bbox 1174 2517 1252 2578; x_wconf 84' lang='lat' dir='ltr'><strong>Ves-</strong></span> 
     </span>
     <span class='ocr_line' id='line_1_26' title="bbox 120 2594 1250 2683; baseline 0.004 -30"><span class='ocrx_word' id='word_1_176' title='bbox 120 2594 256 2655; x_wconf 87' lang='lat' dir='ltr'><strong>timenta</strong></span> <span class='ocrx_word' id='word_1_177' title='bbox 268 2620 345 2658; x_wconf 82' lang='lat' dir='ltr'><strong>vero</strong></span> <span class='ocrx_word' id='word_1_178' title='bbox 358 2600 412 2662; x_wconf 84' lang='lat' dir='ltr'><strong>rel</strong></span> <span class='ocrx_word' id='word_1_179' title='bbox 426 2599 632 2662; x_wconf 86' lang='lat' dir='ltr'><strong>calciamenta</strong></span> <span class='ocrx_word' id='word_1_180' title='bbox 646 2601 702 2679; x_wconf 90' lang='lat' dir='ltr'><strong>eis,</strong></span> <span class='ocrx_word' id='word_1_181' title='bbox 719 2602 779 2662; x_wconf 91' lang='lat' dir='ltr'><strong>nisi</strong></span> <span class='ocrx_word' id='word_1_182' title='bbox 796 2623 879 2683; x_wconf 87' lang='lat' dir='ltr'><strong>quae</strong></span> <span class='ocrx_word' id='word_1_183' title='bbox 894 2601 1086 2682; x_wconf 82' lang='lat' dir='ltr'><strong>religionem</strong></span> <span class='ocrx_word' id='word_1_184' title='bbox 1103 2601 1250 2676; x_wconf 86' lang='lat' dir='ltr'><strong>deceant,</strong></span> 
     </span>
     <span class='ocr_line' id='line_1_27' title="bbox 123 2677 1029 2767; baseline 0.014 -32"><span class='ocrx_word' id='word_1_185' title='bbox 123 2677 171 2736; x_wconf 89' lang='lat' dir='ltr'><strong>uti</strong></span> <span class='ocrx_word' id='word_1_186' title='bbox 192 2687 247 2738; x_wconf 89' lang='lat' dir='ltr'><strong>aut</strong></span> <span class='ocrx_word' id='word_1_187' title='bbox 269 2679 386 2742; x_wconf 87' lang='lat' dir='ltr'><strong>habere</strong></span> <span class='ocrx_word' id='word_1_188' title='bbox 411 2703 477 2740; x_wconf 91' lang='lat' dir='ltr'><strong>nou</strong></span> <span class='ocrx_word' id='word_1_189' title='bbox 501 2682 605 2745; x_wconf 89' lang='lat' dir='ltr'><strong>liceat.</strong></span> <span class='ocrx_word' id='word_1_190' title='bbox 648 2683 781 2767; x_wconf 84' lang='lat' dir='ltr'><strong>Capitol.</strong></span> <span class='ocrx_word' id='word_1_191' title='bbox 795 2705 796 2710; x_wconf 72' lang='grc'>’</span> <span class='ocrx_word' id='word_1_192' title='bbox 810 2708 838 2748; x_wconf 87' lang='lat' dir='ltr'><strong>o.</strong></span> <span class='ocrx_word' id='word_1_193' title='bbox 861 2687 931 2764; x_wconf 71' lang='grc'>744.</span> <span class='ocrx_word' id='word_1_194' title='bbox 953 2705 979 2748; x_wconf 86' lang='lat' dir='ltr'><strong>c,</strong></span> <span class='ocrx_word' id='word_1_195' title='bbox 998 2685 1029 2760; x_wconf 77' lang='grc'><strong>4.</strong></span> 
     </span>
    </p>
   </div>
   <div class='ocr_carea' id='block_1_9' title="bbox 121 2779 1248 2955">
    <p class='ocr_par' dir='ltr' id='par_1_13' title="bbox 121 2779 1248 2955">
     <span class='ocr_line' id='line_1_28' title="bbox 121 2779 1248 2871; baseline 0.006 -28"><span class='ocrx_word' id='word_1_196' title='bbox 121 2784 172 2846; x_wconf 87' lang='lat' dir='ltr'><strong>De</strong></span> <span class='ocrx_word' id='word_1_197' title='bbox 193 2786 305 2865; x_wconf 80' lang='lat' dir='ltr'><strong>seruis,</strong></span> <span class='ocrx_word' id='word_1_198' title='bbox 321 2789 429 2864; x_wconf 79' lang='lat' dir='ltr'><strong>insciis</strong></span> <span class='ocrx_word' id='word_1_199' title='bbox 448 2788 502 2848; x_wconf 85' lang='lat' dir='ltr'><strong>uel</strong></span> <span class='ocrx_word' id='word_1_200' title='bbox 515 2789 648 2849; x_wconf 86' lang='lat' dir='ltr'><strong>consciis</strong></span> <span class='ocrx_word' id='word_1_201' title='bbox 666 2789 816 2858; x_wconf 69' lang='lat' dir='ltr'><strong>dominis,</strong></span> <span class='ocrx_word' id='word_1_202' title='bbox 836 2779 1020 2852; x_wconf 76' lang='lat' dir='ltr'><strong>uiolentiam</strong></span> <span class='ocrx_word' id='word_1_203' title='bbox 1031 2788 1248 2871; x_wconf 65' lang='lat' dir='ltr'><strong>facientibus,</strong></span> 
     </span>
     <span class='ocr_line' id='line_1_29' title="bbox 332 2872 939 2955; baseline 0.005 -26"><span class='ocrx_word' id='word_1_204' title='bbox 332 2889 335 2892; x_wconf 90' lang='grc'><strong><em>·</em></strong></span> <span class='ocrx_word' id='word_1_205' title='bbox 430 2883 460 2930; x_wconf 87' lang='lat' dir='ltr'><strong>et</strong></span> <span class='ocrx_word' id='word_1_206' title='bbox 478 2872 616 2955; x_wconf 73' lang='lat' dir='ltr'><strong>qualiter</strong></span> <span class='ocrx_word' id='word_1_207' title='bbox 635 2873 709 2932; x_wconf 81' lang='lat' dir='ltr'><strong>buco</strong></span> <span class='ocrx_word' id='word_1_208' title='bbox 732 2873 939 2954; x_wconf 79' lang='lat' dir='ltr'><strong>corrigantur.</strong></span> 
     </span>
    </p>
   </div>
   <div class='ocr_carea' id='block_1_10' title="bbox 64 2973 1340 3886">
    <p class='ocr_par' dir='ltr' id='par_1_14' title="bbox 64 2973 1340 3886">
     <span class='ocr_line' id='line_1_30' title="bbox 202 2973 1248 3044; baseline 0.005 -10"><span class='ocrx_word' id='word_1_209' title='bbox 202 2973 388 3041; x_wconf 86' lang='lat' dir='ltr'><strong>CCXXXV.</strong></span> <span class='ocrx_word' id='word_1_210' title='bbox 430 2977 521 3037; x_wconf 83' lang='lat' dir='ltr'><strong>Servi</strong></span> <span class='ocrx_word' id='word_1_211' title='bbox 543 2975 568 3036; x_wconf 90' lang='lat' dir='ltr'><strong>si</strong></span> <span class='ocrx_word' id='word_1_212' title='bbox 590 2975 691 3036; x_wconf 89' lang='lat' dir='ltr'><strong>inscio</strong></span> <span class='ocrx_word' id='word_1_213' title='bbox 718 2976 848 3035; x_wconf 87' lang='lat' dir='ltr'><strong>domino</strong></span> <span class='ocrx_word' id='word_1_214' title='bbox 870 2975 1009 3038; x_wconf 85' lang='lat' dir='ltr'><strong>confessi</strong></span> <span class='ocrx_word' id='word_1_215' title='bbox 1030 2977 1078 3040; x_wconf 85' lang='lat' dir='ltr'><strong>vel</strong></span> <span class='ocrx_word' id='word_1_216' title='bbox 1106 2979 1248 3044; x_wconf 88' lang='lat' dir='ltr'><strong>convicti</strong></span> 
     </span>
     <span class='ocr_line' id='line_1_31' title="bbox 119 3055 1251 3145; baseline 0.004 -28"><span class='ocrx_word' id='word_1_217' title='bbox 119 3055 244 3117; x_wconf 79' lang='lat' dir='ltr'><strong>fuerint</strong></span> <span class='ocrx_word' id='word_1_218' title='bbox 264 3055 448 3120; x_wconf 82' lang='lat' dir='ltr'><strong>violentiam</strong></span> <span class='ocrx_word' id='word_1_219' title='bbox 470 3057 674 3136; x_wconf 86' lang='lat' dir='ltr'><strong>commisisse,</strong></span> <span class='ocrx_word' id='word_1_220' title='bbox 697 3057 815 3120; x_wconf 88' lang='lat' dir='ltr'><strong>addicti</strong></span> <span class='ocrx_word' id='word_1_221' title='bbox 837 3060 1004 3120; x_wconf 82' lang='lat' dir='ltr'><strong>tormentis</strong></span> <span class='ocrx_word' id='word_1_222' title='bbox 1026 3055 1173 3142; x_wconf 78' lang='lat' dir='ltr'><strong>gravibus</strong></span> <span class='ocrx_word' id='word_1_223' title='bbox 1193 3085 1251 3145; x_wconf 88' lang='lat' dir='ltr'><strong>pu-</strong></span> 
     </span>
     <span class='ocr_line' id='line_1_32' title="bbox 120 3138 1249 3206; baseline 0.005 -8"><span class='ocrx_word' id='word_1_224' title='bbox 120 3138 262 3202; x_wconf 88' lang='lat' dir='ltr'><strong>niantur.</strong></span> <span class='ocrx_word' id='word_1_225' title='bbox 302 3139 340 3199; x_wconf 82' lang='lat' dir='ltr'><strong>Si</strong></span> <span class='ocrx_word' id='word_1_226' title='bbox 352 3161 429 3200; x_wconf 83' lang='lat' dir='ltr'><strong>vero</strong></span> <span class='ocrx_word' id='word_1_227' title='bbox 448 3140 632 3202; x_wconf 88' lang='lat' dir='ltr'><strong>iubentibus</strong></span> <span class='ocrx_word' id='word_1_228' title='bbox 651 3141 787 3202; x_wconf 86' lang='lat' dir='ltr'><strong>dominis</strong></span> <span class='ocrx_word' id='word_1_229' title='bbox 804 3142 978 3202; x_wconf 83' lang='lat' dir='ltr'><strong>violentiae</strong></span> <span class='ocrx_word' id='word_1_230' title='bbox 1000 3144 1124 3204; x_wconf 83' lang='lat' dir='ltr'><strong>crimen</strong></span> <span class='ocrx_word' id='word_1_231' title='bbox 1146 3145 1249 3206; x_wconf 87' lang='lat' dir='ltr'><strong>admi-</strong></span> 
     </span>
     <span class='ocr_line' id='line_1_33' title="bbox 118 3221 1340 3307; baseline 0.007 -25"><span class='ocrx_word' id='word_1_232' title='bbox 118 3221 231 3297; x_wconf 89' lang='lat' dir='ltr'><strong>serint,</strong></span> <span class='ocrx_word' id='word_1_233' title='bbox 254 3221 377 3292; x_wconf 82' lang='lat' dir='ltr'><strong>domini</strong></span> <span class='ocrx_word' id='word_1_234' title='bbox 400 3223 465 3302; x_wconf 86' lang='lat' dir='ltr'><strong>qui</strong></span> <span class='ocrx_word' id='word_1_235' title='bbox 482 3223 605 3284; x_wconf 89' lang='lat' dir='ltr'><strong>inlicita</strong></span> <span class='ocrx_word' id='word_1_236' title='bbox 622 3234 864 3304; x_wconf 86' lang='lat' dir='ltr'><strong>praeceperunt,</strong></span> <span class='ocrx_word' id='word_1_237' title='bbox 888 3234 1041 3284; x_wconf 86' lang='lat' dir='ltr'><strong>notantur</strong></span> <span class='ocrx_word' id='word_1_238' title='bbox 1060 3227 1201 3307; x_wconf 87' lang='lat' dir='ltr'><strong>infamia,</strong></span> <span class='ocrx_word' id='word_1_239' title='bbox 1216 3237 1250 3289; x_wconf 87' lang='lat' dir='ltr'><strong>et</strong></span> <span class='ocrx_word' id='word_1_240' title='bbox 1337 3295 1340 3306; x_wconf 37' lang='lat'>¹</span> 
     </span>
     <span class='ocr_line' id='line_1_34' title="bbox 119 3303 1248 3395; baseline 0.007 -32"><span class='ocrx_word' id='word_1_241' title='bbox 119 3303 296 3370; x_wconf 85' lang='lat' dir='ltr'><strong>nobilitatis</strong></span> <span class='ocrx_word' id='word_1_242' title='bbox 316 3305 379 3367; x_wconf 75' lang='lat' dir='ltr'><strong>rel</strong></span> <span class='ocrx_word' id='word_1_243' title='bbox 410 3305 543 3366; x_wconf 88' lang='lat' dir='ltr'><strong>honoris</strong></span> <span class='ocrx_word' id='word_1_244' title='bbox 577 3305 627 3366; x_wconf 88' lang='lat' dir='ltr'><strong>sui</strong></span> <span class='ocrx_word' id='word_1_245' title='bbox 656 3304 846 3387; x_wconf 88' lang='lat' dir='ltr'><strong>dignitatem</strong></span> <span class='ocrx_word' id='word_1_246' title='bbox 870 3316 981 3372; x_wconf 82' lang='lat' dir='ltr'><strong>tenere</strong></span> <span class='ocrx_word' id='word_1_247' title='bbox 1013 3329 1077 3368; x_wconf 90' lang='lat' dir='ltr'><strong>nou</strong></span> <span class='ocrx_word' id='word_1_248' title='bbox 1104 3320 1248 3395; x_wconf 87' lang='lat' dir='ltr'><strong>possunt.</strong></span> 
     </span>
     <span class='ocr_line' id='line_1_35' title="bbox 119 3385 1247 3473; baseline 0.005 -27"><span class='ocrx_word' id='word_1_249' title='bbox 119 3385 211 3446; x_wconf 86' lang='lat' dir='ltr'><strong>Servi</strong></span> <span class='ocrx_word' id='word_1_250' title='bbox 235 3395 341 3446; x_wconf 90' lang='lat' dir='ltr'><strong>autem</strong></span> <span class='ocrx_word' id='word_1_251' title='bbox 358 3387 415 3470; x_wconf 88' lang='lat' dir='ltr'><strong>qui</strong></span> <span class='ocrx_word' id='word_1_252' title='bbox 438 3388 554 3448; x_wconf 89' lang='lat' dir='ltr'><strong>talibus</strong></span> <span class='ocrx_word' id='word_1_253' title='bbox 578 3387 781 3450; x_wconf 89' lang='lat' dir='ltr'><strong>dominorum</strong></span> <span class='ocrx_word' id='word_1_254' title='bbox 803 3389 995 3452; x_wconf 88' lang='lat' dir='ltr'><strong>iussionibus</strong></span> <span class='ocrx_word' id='word_1_255' title='bbox 1017 3405 1195 3473; x_wconf 83' lang='lat' dir='ltr'><strong>paruerunt</strong></span> <span class='ocrx_word' id='word_1_256' title='bbox 1212 3393 1247 3453; x_wconf 91' lang='lat' dir='ltr'><strong>in</strong></span> 
     </span>
     <span class='ocr_line' id='line_1_36' title="bbox 117 3467 1295 3538; baseline 0.006 -8"><span class='ocrx_word' id='word_1_257' title='bbox 117 3467 250 3530; x_wconf 87' lang='lat' dir='ltr'><strong>metallo</strong></span> <span class='ocrx_word' id='word_1_258' title='bbox 273 3469 494 3536; x_wconf 88' lang='lat' dir='ltr'><strong>detrudantur.</strong></span> <span class='ocrx_word' id='word_1_259' title='bbox 536 3473 703 3532; x_wconf 90' lang='lat' dir='ltr'><strong>Caeterum</strong></span> <span class='ocrx_word' id='word_1_260' title='bbox 726 3493 793 3534; x_wconf 89' lang='lat' dir='ltr'><strong>non</strong></span> <span class='ocrx_word' id='word_1_261' title='bbox 818 3473 916 3534; x_wconf 85' lang='lat' dir='ltr'><strong>liceat</strong></span> <span class='ocrx_word' id='word_1_262' title='bbox 936 3473 1100 3538; x_wconf 85' lang='lat' dir='ltr'><strong>iudicibus</strong></span> <span class='ocrx_word' id='word_1_263' title='bbox 1123 3479 1248 3538; x_wconf 88' lang='lat' dir='ltr'><strong>discus·</strong></span> <span class='ocrx_word' id='word_1_264' title='bbox 1293 3530 1295 3537; x_wconf 72' lang='grc'><strong>,</strong></span> 
     </span>
     <span class='ocr_line' id='line_1_37' title="bbox 64 3550 1245 3640; baseline 0.003 -26"><span class='ocrx_word' id='word_1_265' title='bbox 64 3621 70 3630; x_wconf 46' lang='lat'><strong>,</strong></span> <span class='ocrx_word' id='word_1_266' title='bbox 116 3550 241 3614; x_wconf 79' lang='lat' dir='ltr'><strong>sionem</strong></span> <span class='ocrx_word' id='word_1_267' title='bbox 261 3551 434 3624; x_wconf 78' lang='lat' dir='ltr'><strong>violentiae</strong></span> <span class='ocrx_word' id='word_1_268' title='bbox 453 3553 580 3614; x_wconf 86' lang='lat' dir='ltr'><strong>differre</strong></span> <span class='ocrx_word' id='word_1_269' title='bbox 595 3553 647 3614; x_wconf 84' lang='lat' dir='ltr'><strong>vel</strong></span> <span class='ocrx_word' id='word_1_270' title='bbox 665 3553 844 3633; x_wconf 87' lang='lat' dir='ltr'><strong>dimittere,</strong></span> <span class='ocrx_word' id='word_1_271' title='bbox 863 3555 918 3618; x_wconf 75' lang='lat' dir='ltr'><strong>rel</strong></span> <span class='ocrx_word' id='word_1_272' title='bbox 942 3556 1071 3620; x_wconf 86' lang='lat' dir='ltr'><strong>donare.</strong></span> <span class='ocrx_word' id='word_1_273' title='bbox 1127 3561 1161 3620; x_wconf 92' lang='lat' dir='ltr'><strong>Si</strong></span> <span class='ocrx_word' id='word_1_274' title='bbox 1186 3583 1245 3640; x_wconf 75' lang='lat' dir='ltr'><strong>au-</strong></span> 
     </span>
     <span class='ocr_line' id='line_1_38' title="bbox 116 3633 1247 3720; baseline 0.004 -24"><span class='ocrx_word' id='word_1_275' title='bbox 116 3640 183 3696; x_wconf 83' lang='lat' dir='ltr'><strong>tem</strong></span> <span class='ocrx_word' id='word_1_276' title='bbox 205 3633 411 3714; x_wconf 78' lang='lat' dir='ltr'><strong>probaverint</strong></span> <span class='ocrx_word' id='word_1_277' title='bbox 429 3635 633 3712; x_wconf 71' lang='lat' dir='ltr'><strong>violentiam,</strong></span> <span class='ocrx_word' id='word_1_278' title='bbox 649 3645 681 3695; x_wconf 91' lang='lat' dir='ltr'><strong>et</strong></span> <span class='ocrx_word' id='word_1_279' title='bbox 705 3659 769 3697; x_wconf 91' lang='lat' dir='ltr'><strong>non</strong></span> <span class='ocrx_word' id='word_1_280' title='bbox 792 3638 896 3702; x_wconf 88' lang='lat' dir='ltr'><strong>statim</strong></span> <span class='ocrx_word' id='word_1_281' title='bbox 917 3637 1162 3720; x_wconf 76' lang='lat' dir='ltr'><strong>vindicaverint,</strong></span> <span class='ocrx_word' id='word_1_282' title='bbox 1185 3663 1247 3701; x_wconf 74' lang='lat' dir='ltr'><strong>no·</strong></span> 
     </span>
     <span class='ocr_line' id='line_1_39' title="bbox 114 3713 1244 3806; baseline 0.009 -32"><span class='ocrx_word' id='word_1_283' title='bbox 114 3713 223 3774; x_wconf 79' lang='lat' dir='ltr'><strong>verint</strong></span> <span class='ocrx_word' id='word_1_284' title='bbox 242 3738 277 3776; x_wconf 88' lang='lat' dir='ltr'><strong>se</strong></span> <span class='ocrx_word' id='word_1_285' title='bbox 300 3717 484 3798; x_wconf 85' lang='lat' dir='ltr'><strong>perieulum</strong></span> <span class='ocrx_word' id='word_1_286' title='bbox 511 3719 684 3780; x_wconf 74' lang='lat' dir='ltr'><strong>subituros</strong></span> <span class='ocrx_word' id='word_1_287' title='bbox 735 3720 826 3782; x_wconf 86' lang='lat' dir='ltr'><strong>Viles</strong></span> <span class='ocrx_word' id='word_1_288' title='bbox 848 3729 955 3781; x_wconf 87' lang='lat' dir='ltr'><strong>autem</strong></span> <span class='ocrx_word' id='word_1_289' title='bbox 976 3743 1131 3804; x_wconf 89' lang='lat' dir='ltr'><strong>personae</strong></span> <span class='ocrx_word' id='word_1_290' title='bbox 1160 3747 1244 3806; x_wconf 85' lang='lat' dir='ltr'><strong>quae</strong></span> 
     </span>
     <span class='ocr_line' id='line_1_40' title="bbox 115 3795 1246 3886; baseline 0.012 -30"><span class='ocrx_word' id='word_1_291' title='bbox 115 3795 307 3875; x_wconf 83' lang='lat' dir='ltr'><strong>frequenter</strong></span> <span class='ocrx_word' id='word_1_292' title='bbox 327 3799 491 3866; x_wconf 87' lang='lat' dir='ltr'><strong>admissise</strong></span> <span class='ocrx_word' id='word_1_293' title='bbox 513 3800 702 3862; x_wconf 87' lang='lat' dir='ltr'><strong>violentiam</strong></span> <span class='ocrx_word' id='word_1_294' title='bbox 720 3805 985 3886; x_wconf 85' lang='lat' dir='ltr'><strong>comprobantur,</strong></span> <span class='ocrx_word' id='word_1_295' title='bbox 1006 3807 1182 3870; x_wconf 86' lang='lat' dir='ltr'><strong>constituta</strong></span> <span class='ocrx_word' id='word_1_296' title='bbox 1198 3808 1246 3869; x_wconf 88' lang='lat' dir='ltr'><strong>le·</strong></span> 
     </span>
    </p>
   </div>
   <div class='ocr_carea' id='block_1_11' title="bbox 116 3871 1022 3966">
    <p class='ocr_par' dir='ltr' id='par_1_15' title="bbox 116 3871 1022 3966">
     <span class='ocr_line' id='line_1_41' title="bbox 116 3871 1022 3966; baseline 0.023 -33"><span class='ocrx_word' id='word_1_297' title='bbox 116 3871 211 3960; x_wconf 86' lang='lat' dir='ltr'><strong>gibus</strong></span> <span class='ocrx_word' id='word_1_298' title='bbox 232 3903 335 3964; x_wconf 89' lang='lat' dir='ltr'><strong>poena</strong></span> <span class='ocrx_word' id='word_1_299' title='bbox 354 3883 566 3966; x_wconf 88' lang='lat' dir='ltr'><strong>suprascripta</strong></span> <span class='ocrx_word' id='word_1_300' title='bbox 585 3885 776 3948; x_wconf 85' lang='lat' dir='ltr'><strong>omnimodis</strong></span> <span class='ocrx_word' id='word_1_301' title='bbox 799 3886 966 3962; x_wconf 82' lang='lat' dir='ltr'><strong>feriantur·</strong></span> <span class='ocrx_word' id='word_1_302' title='bbox 1013 3929 1022 3954; x_wconf 63' lang='lat'><strong>=,</strong></span> 
     </span>
    </p>
   </div>
   <div class='ocr_carea' id='block_1_12' title="bbox 268 3997 1088 4081">
    <p class='ocr_par' dir='ltr' id='par_1_16' title="bbox 268 3997 1088 4081">
     <span class='ocr_line' id='line_1_42' title="bbox 268 3997 1088 4081; baseline 0.005 -21"><span class='ocrx_word' id='word_1_303' title='bbox 268 3999 413 4081; x_wconf 79' lang='lat' dir='ltr'><strong>Qualiter</strong></span> <span class='ocrx_word' id='word_1_304' title='bbox 432 3997 559 4066; x_wconf 76' lang='lat' dir='ltr'><strong>desides</strong></span> <span class='ocrx_word' id='word_1_305' title='bbox 573 3998 627 4058; x_wconf 81' lang='lat' dir='ltr'><strong>uel</strong></span> <span class='ocrx_word' id='word_1_306' title='bbox 650 4000 844 4080; x_wconf 78' lang='lat' dir='ltr'><strong>neglegentes</strong></span> <span class='ocrx_word' id='word_1_307' title='bbox 861 4001 997 4062; x_wconf 78' lang='lat' dir='ltr'><strong>curandi</strong></span> <span class='ocrx_word' id='word_1_308' title='bbox 1015 4003 1088 4064; x_wconf 84' lang='lat' dir='ltr'><strong>sint.</strong></span> 
     </span>
    </p>
   </div>
   <div class='ocr_carea' id='block_1_13' title="bbox 114 4097 1331 4363">
    <p class='ocr_par' dir='ltr' id='par_1_17' title="bbox 114 4097 1331 4363">
     <span class='ocr_line' id='line_1_43' title="bbox 183 4097 1331 4194; baseline 0.011 -32"><span class='ocrx_word' id='word_1_309' title='bbox 183 4173 185 4178; x_wconf 82' lang='lat'><strong>.</strong></span> <span class='ocrx_word' id='word_1_310' title='bbox 199 4097 405 4167; x_wconf 77' lang='lat' dir='ltr'><strong>ccxxxvi.</strong></span> <span class='ocrx_word' id='word_1_311' title='bbox 447 4105 480 4168; x_wconf 90' lang='lat' dir='ltr'><strong>Si</strong></span> <span class='ocrx_word' id='word_1_312' title='bbox 500 4102 672 4168; x_wconf 82' lang='lat' dir='ltr'><strong>extiterint</strong></span> <span class='ocrx_word' id='word_1_313' title='bbox 683 4105 783 4187; x_wconf 86' lang='lat' dir='ltr'><strong>aliqui</strong></span> <span class='ocrx_word' id='word_1_314' title='bbox 793 4107 910 4167; x_wconf 50' lang='lat' dir='ltr'><strong>‘trabes</strong></span> <span class='ocrx_word' id='word_1_315' title='bbox 922 4107 1048 4170; x_wconf 85' lang='lat' dir='ltr'><strong>desides</strong></span> <span class='ocrx_word' id='word_1_316' title='bbox 1062 4109 1115 4170; x_wconf 86' lang='lat' dir='ltr'><strong>vel</strong></span> <span class='ocrx_word' id='word_1_317' title='bbox 1130 4109 1244 4194; x_wconf 89' lang='lat' dir='ltr'><strong>negle-</strong></span> <span class='ocrx_word' id='word_1_318' title='bbox 1329 4175 1331 4180; x_wconf 76' lang='grc'><strong>,</strong></span> 
     </span>
     <span class='ocr_line' id='line_1_44' title="bbox 114 4186 1246 4268; baseline 0.011 -25"><span class='ocrx_word' id='word_1_319' title='bbox 114 4191 239 4266; x_wconf 83' lang='lat' dir='ltr'><strong>gentes,</strong></span> <span class='ocrx_word' id='word_1_320' title='bbox 260 4207 341 4265; x_wconf 89' lang='lat' dir='ltr'><strong>quos</strong></span> <span class='ocrx_word' id='word_1_321' title='bbox 362 4197 507 4268; x_wconf 90' lang='lat' dir='ltr'><strong>oporteat</strong></span> <span class='ocrx_word' id='word_1_322' title='bbox 526 4186 640 4248; x_wconf 89' lang='lat' dir='ltr'><strong>maiori</strong></span> <span class='ocrx_word' id='word_1_323' title='bbox 658 4190 846 4252; x_wconf 76' lang='lat' dir='ltr'><strong>auctoritate</strong></span> <span class='ocrx_word' id='word_1_324' title='bbox 866 4191 983 4268; x_wconf 80' lang='lat' dir='ltr'><strong>curari,</strong></span> <span class='ocrx_word' id='word_1_325' title='bbox 1006 4191 1051 4253; x_wconf 89' lang='lat' dir='ltr'><strong>sic</strong></span> <span class='ocrx_word' id='word_1_326' title='bbox 1072 4197 1177 4254; x_wconf 73' lang='lat' dir='ltr'><strong>tamen</strong></span> <span class='ocrx_word' id='word_1_327' title='bbox 1197 4207 1246 4260; x_wconf 85' lang='lat' dir='ltr'><strong>est</strong></span> 
     </span>
     <span class='ocr_line' id='line_1_45' title="bbox 114 4265 1201 4363; baseline 0.012 -35"><span class='ocrx_word' id='word_1_328' title='bbox 114 4265 296 4330; x_wconf 86' lang='lat' dir='ltr'><strong>adhibenda</strong></span> <span class='ocrx_word' id='word_1_329' title='bbox 320 4271 489 4336; x_wconf 70' lang='lat' dir='ltr'><strong>correctio.</strong></span> <span class='ocrx_word' id='word_1_330' title='bbox 502 4279 536 4333; x_wconf 89' lang='lat' dir='ltr'><strong>nt</strong></span> <span class='ocrx_word' id='word_1_331' title='bbox 558 4291 684 4355; x_wconf 85' lang='lat' dir='ltr'><strong>semper</strong></span> <span class='ocrx_word' id='word_1_332' title='bbox 704 4272 746 4335; x_wconf 85' lang='lat' dir='ltr'><strong>sit</strong></span> <span class='ocrx_word' id='word_1_333' title='bbox 769 4272 856 4346; x_wconf 69' lang='lat' dir='ltr'><strong>salua</strong></span> <span class='ocrx_word' id='word_1_334' title='bbox 874 4272 1017 4340; x_wconf 88' lang='lat' dir='ltr'><strong>dilectio.</strong></span> <span class='ocrx_word' id='word_1_335' title='bbox 1050 4275 1108 4339; x_wconf 89' lang='lat' dir='ltr'><strong>VI.</strong></span> <span class='ocrx_word' id='word_1_336' title='bbox 1130 4277 1201 4363; x_wconf 74' lang='lat'><strong>559.</strong></span> 
     </span>
    </p>
   </div>
   <div class='ocr_carea' id='block_1_14' title="bbox 0 0 1468 4986">
    <p class='ocr_par' dir='ltr' id='par_1_18' title="bbox 0 0 1468 4986">
     <span class='ocr_line' id='line_1_46' title="bbox 0 0 1468 4986; baseline 0 1"><span class='ocrx_word' id='word_1_337' title='bbox 0 0 1468 4986; x_wconf 95' lang='lat' dir='ltr'><strong> </strong></span> 
     </span>
    </p>
   </div>
  </div>
 </body>
</html>
