2926 4984
580 327 697 388 tissa
722 327 899 393 anxurus.
1219 309 1294 383 5⁰7

148 465 361 532 heatitudine
381 466 548 550 percipere
568 467 778 543 mereamini,
802 491 840 530 eo
861 463 949 548 quud
968 486 1028 548 per
1046 486 1102 526 vos
1121 464 1160 528 ad
1172 463 1294 530 Christi

159 550 306 638 perducti
331 559 407 610 sunt
425 561 544 612 rectam
561 551 668 628 fidem,
683 551 833 612 innoxius
846 549 999 610 habentes
1015 548 1214 611 Sacerdotes.
1243 550 1295 612 Ad

157 633 318 718 synodum
345 654 483 714 namque
506 633 694 694 omniannu
714 633 887 694 convenite
907 631 947 692 ad
971 631 1233 713 pertractandum
1254 633 1294 694 de

157 715 282 780 unitate
298 715 476 792 Ecclesiae,
497 727 534 776 ut
552 717 578 778 si
602 715 683 799 quid
705 710 831 776 adversi
852 713 1021 786 acciderit,
1043 712 1197 775 radicitus
1221 736 1290 775 am·

154 807 302 884 putetur,
325 807 358 858 et
371 797 434 858 Dei
448 799 593 861 Ecclesia
611 807 741 860 maneat
759 799 962 862 inconcussa.
1004 797 1092 857 Bene
1116 796 1231 863 valete.

156 902 311 981 Synodus
328 922 398 963 cum
416 906 536 966 uctr'bns
557 906 633 981 suis,
650 905 788 964 iussione
808 927 827 963 u
850 904 982 965 ustulicu
998 901 1018 960 ci
1037 914 1145 962 sanctu
1159 900 1294 984 Bonisa-

157 988 208 1048 ciu
226 998 258 1046 et
278 985 473 1045 Francorum
490 987 657 1070 Episcopis
676 986 731 1047 sub
754 925 969 1072 Kariirmannu
985 986 1072 1045 Duce
1086 984 1193 1046 babitu
1209 1005 1292 1049 unns

441 1068 669 1129 incarnationis
685 1067 861 1130 dominicae
878 1088 1011 1132 nccxnn.

244 1149 285 1215 11.
327 1149 364 1208 In
384 1149 513 1211 nomine
529 1150 662 1212 Domini
681 1150 783 1212 nostri
806 1153 879 1212 Iesu
897 1149 1027 1215 Christi.
1079 1148 1149 1230 Ego
1173 1148 1293 1210 Karlu·

158 1252 311 1310 mannus,
332 1234 408 1292 Dux
435 1242 468 1294 et
488 1234 645 1315 Princeps
666 1235 877 1311 Francorum,
900 1253 986 1294 anuo
1008 1232 1047 1292 ab
1068 1230 1293 1292 incarnatione

162 1313 287 1376 Christi
309 1335 455 1393 cccxcii,
486 1339 518 1378 ιι
547 1315 703 1377 videlicet
729 1315 891 1377 Kalendas
915 1315 1030 1391 Maias,
1054 1336 1129 1376 cum
1155 1313 1294 1375 consiliu

158 1417 327 1460 servorum
344 1396 405 1457 Dei
427 1407 459 1460 et
479 1398 677 1481 Optimatum
696 1419 850 1476 meorum,
871 1397 1047 1480 Episcopus
1061 1397 1118 1478 qui
1139 1394 1173 1455 in
1190 1416 1293 1480 regno

158 1485 233 1539 meu
258 1489 352 1555 sunt,
375 1501 449 1540 cum
476 1481 696 1564 Presbyteris,
721 1480 760 1541 ad
782 1479 966 1541 Concilium
988 1489 1020 1541 et
1045 1480 1065 1540 S
1090 1479 1212 1540 nodum
1232 1499 1293 1561 pro

157 1561 277 1624 timore
300 1559 420 1624 Christi
454 1563 665 1647 congregari,
696 1563 730 1624 id
758 1570 807 1623 est
830 1561 1032 1624 Bonifacium
1060 1502 1291 1643 drchiepisco·

157 1665 249 1788 pum,
271 1652 304 1705 et
325 1643 557 1725 Barchardum,
580 1656 612 1708 et
629 1645 882 1728 Regeml'ridum,
904 1654 937 1707 et
951 1645 1150 1721 wiztanum,
1163 1653 1195 1704 et
1208 1643 1293 1704 wit-

186 1726 311 1803 aldum,
343 1734 376 1786 et
394 1728 581 1806 Dadanum,
604 1736 636 1790 et
657 1727 847 1804 Eddanum,
869 1750 905 1789 ac
926 1727 1072 1808 reliquos
1102 1726 1292 1810 Episcopus,

166 1829 239 1870 cum
257 1808 458 1890 Presbyteris
478 1831 602 1887 eorum,
622 1820 658 1871 ut
679 1810 760 1870 mihi
781 1810 954 1871 consilium
970 1810 1134 1871 dedissent
1155 1828 1293 1890 quomo·

162 1891 204 1952 do
231 1890 285 1950 lex
307 1893 368 1950 Dei
386 1899 418 1951 et
439 1893 654 1956 ecclesiastica
677 1893 794 1976 religio
816 1902 1038 1975 recuperetur,
1059 1891 1194 1976 quaein
1219 1889 1293 1950 die·

159 1973 221 2033 hus
234 1971 481 2053 praeteriturum
496 1976 685 2058 Principum
700 1975 849 2057 dissipata
867 1975 1000 2053 corruit,
1022 1984 1054 2034 et
1075 1975 1218 2056 qualiter
1234 1991 1290 2054 pu·

158 2055 255 2138 pulus
275 2054 476 2119 Christianus
494 2058 534 2119 ad
554 2059 690 2120 salntem
706 2058 830 2119 animae
847 2058 1018 2141 pervenire
1036 2058 1156 2140 possit,
1176 2064 1210 2116 et
1229 2072 1290 2135 per

157 2137 256 2200 falsos
274 2136 463 2201 Sacerdotes
481 2141 633 2223 deceptus
648 2162 713 2202 nun
731 2150 851 2221 pereat.
893 2142 935 2200 Et
955 2161 1014 2220 per
1037 2140 1211 2200 consilinm
1233 2138 1289 2198 Sa·

159 2220 326 2282 cerdotum
352 2229 384 2279 et
408 2221 606 2304 Optimatum
634 2245 778 2300 meorum
809 2223 1029 2284 ordinavimus
1054 2244 1113 2303 per
1140 2221 1288 2282 civitates

81 2301 83 2306 ’
157 2301 347 2384 Episcopus,
369 2311 401 2362 et
416 2305 639 2367 constituimus
654 2327 751 2386 super
771 2327 824 2366 eus
842 2305 1131 2386 Archiepiscupnm
1154 2303 1290 2364 Bonifa-

158 2383 256 2460 cium,
278 2384 334 2465 qui
360 2394 408 2444 est
428 2387 542 2448 Missus
565 2388 666 2449 sancti
692 2387 790 2449 Petri.
833 2388 1072 2466 statuimusque
1098 2407 1158 2467 per
1186 2401 1288 2444 annus

158 2466 304 2547 singulos
322 2467 480 2549 synodum
498 2470 697 2554 congregari,
719 2480 754 2530 ut
772 2471 865 2531 nohis
877 2469 1098 2553 praesentibus
1116 2469 1288 2527 Canonum

158 2549 288 2609 decreta
311 2560 342 2610 et
365 2549 529 2613 Ecclesiae
551 2553 619 2614 iura
640 2562 873 2628 restaurentur,
895 2562 926 2614 et
953 2551 1081 2632 Religio
1105 2547 1288 2610 Christiane

157 2629 360 2697 emendetur.
404 2634 445 2692 Et
462 2635 622 2698 fraudatas
642 2635 796 2716 pecunias
816 2634 1036 2696 Ecclesiarum
1060 2631 1214 2693 Ecclesiis
1230 2651 1288 2692 re*

156 2711 318 2774 stituimus
339 2725 370 2775 et
392 2716 599 2778 reddidimus.
640 2719 750 2779 Falsus
771 2739 850 2779 veru
874 2717 1081 2798 Presbyterus
1105 2724 1137 2776 et
1156 2713 1287 2775 adulte·

155 2815 221 2872 rus,
241 2796 293 2856 vel
314 2797 537 2875 fornicatores,
558 2801 718 2862 Diaconos
737 2809 770 2861 et
790 2800 933 2862 Clericus
949 2797 988 2859 de
1005 2797 1152 2880 pecuniis
1167 2796 1287 2858 Eccle-

153 2876 274 2936 siarum
299 2879 486 2941 abstulimus
510 2887 543 2942 et
561 2883 812 2965 degradavimus,
835 2882 927 2942 etad
950 2880 1185 2964 poenitentiam
1209 2900 1287 2942 cue·

154 2958 267 3039 gimus.
310 2963 420 3023 Servis
438 2965 500 3023 Dei
518 2988 575 3047 per
592 2967 698 3026 omnia
715 2963 863 3024 omnibns
880 2973 1069 3024 armaturam
1082 2972 1210 3045 portare
1230 2958 1285 3022 vel

152 3062 311 3183 pugnare,
333 3053 387 3103 aut
408 3046 440 3104 in
467 3048 645 3109 exercitum
661 3057 694 3108 et
714 3047 748 3106 in
767 3046 893 3107 hostem
911 3053 1045 3128 pergere
1066 3045 1198 3107 omnino
1208 3064 1286 3140 pro·

180 3123 314 3200 ihemus,
336 3126 396 3187 nisi
414 3127 479 3188 illis
494 3131 713 3190 tantummodo
732 3129 788 3209 qui
805 3138 938 3211 propter
960 3128 1109 3190 divinum
1135 3128 1285 3190 ministe·
1310 3177 1313 3186 ,
1358 3145 1361 3151 ’

152 3205 248 3281 rium,
270 3207 438 3268 Missurum
465 3212 590 3273 scilicet
614 3211 769 3273 solemnia
790 3212 1013 3293 adimplenda,
1038 3222 1070 3271 et
1090 3211 1284 3272 Sanctorum

175 3287 332 3348 atrocinia
346 3292 511 3372 portanda,
527 3295 566 3354 ad
586 3295 649 3355 hoc
670 3293 764 3354 electi
781 3303 870 3364 sunt;
894 3294 927 3354 id
941 3303 999 3372 est,
1011 3316 1113 3354 unum
1132 3295 1184 3354 vel
1201 3293 1283 3355 duos

149 3309 326 3452 Episcopus
340 3378 371 3448 n)
383 3395 456 3433 cum
470 3376 850 3459 capellanisPreshyteris
859 3376 1015 3459 Princeps
1028 3393 1138 3438 secum
1152 3376 1280 3454 haheat,

150 3461 183 3512 et
220 3454 443 3538 unusquisque
476 3459 661 3520 Praefectus
683 3480 784 3518 unum
807 3459 1053 3542 Presbyterum,
1086 3459 1142 3543 qui
1174 3458 1282 3521 homi-

148 3534 243 3595 nihus
262 3547 393 3616 peccata
415 3541 643 3603 confitentibus
665 3540 807 3602 iudicare
829 3550 859 3602 et
879 3541 1021 3603 indicare
1043 3543 1279 3624 poenitentium

146 3617 255 3697 possit.
282 3620 417 3680 Necnon
437 3623 556 3684 stillas
576 3625 760 3684 venationes
778 3633 811 3684 et
825 3624 992 3706 sylvaticas
1004 3621 1187 3707 vagationes
1205 3647 1282 3689 cum

147 3699 281 3761 canibus
300 3703 449 3765 omnihus
469 3705 568 3767 servis
593 3707 655 3770 Dei
678 3705 919 3768 interdiximus:
947 3708 1097 3769 similiter
1114 3719 1149 3770 ut
1168 3730 1281 3793 accep·

146 3787 234 3841 tores
265 3792 297 3843 et
329 3785 473 3848 falcones
496 3809 560 3848 non
588 3781 735 3850 habeant.
790 3789 1002 3851 Deorerimus
1026 3811 1157 3874 quoque
1187 3792 1280 3856 iuxta

146 3861 338 3924 Sanctorum
354 3889 493 3930 canones
508 3880 545 3931 nt
567 3871 790 3967 unnsquisque
808 3871 981 3953 Presbyter
996 3872 1030 3932 in
1053 3872 1205 3952 parochia
1219 3874 1279 3936 ha·

143 3941 262 4023 hitans,
285 3948 444 4031 Episcopo
468 3953 629 4015 subiectus
646 3963 689 4015 srt
712 3953 761 4016 illi
787 3952 820 4012 in
846 3953 938 4016 cuius
963 3956 1116 4038 parochia
1136 3955 1278 4033 hahitat,

145 4034 179 4084 et
194 4047 321 4115 semper
339 4031 372 4090 in
392 4035 633 4118 quadragesima
650 4036 810 4098 rationem
828 4046 860 4097 et
879 4036 1028 4099 ordinem
1042 4038 1214 4099 ministerii
1226 4039 1279 4101 sui

144 4106 213 4169 sive
228 4109 267 4170 de
289 4111 464 4194 baptismo,
486 4117 551 4180 sive
570 4118 611 4182 de
633 4118 695 4183 lide
718 4117 894 4200 catholica,
915 4119 983 4185 sire
1008 4120 1049 4185 de
1073 4120 1224 4210 precibus
1244 4130 1278 4188 et
1377 4197 1378 4202 γ

141 4219 440 4238 o--u--n-u-—u

177 4273 212 4343 a)
230 4275 263 4336 al.
282 4292 341 4332 mn
360 4277 540 4350 erasmum.
613 4333 616 4340 ,
