2948 4990
205 297 280 375 608
646 315 934 376 caurumruuu

351 453 401 514 De
427 451 606 536 raptoribus
617 495 630 528 ,
652 465 683 514 et
700 455 799 538 raptis
821 454 1056 552 virginibus-ref
1072 455 1184 522 viduis.

283 560 398 623 XCVI.
441 561 474 620 si
498 559 570 640 quis
597 558 729 620 alterius
755 583 901 642 sponsam
921 562 1082 646 virginem
1102 574 1157 626 aut
1176 565 1326 645 viduam,

202 644 343 708 necdum
357 643 595 726 desponsatam,
622 642 784 724 rapuerit,
806 644 858 705 vel
882 645 1004 706 furatus
1020 647 1128 725 fuerit,
1148 648 1271 730 placuit
1290 659 1328 710 ut

202 730 271 792 sive
297 735 490 807 eampostea
509 724 727 806 sponsaverit,
749 726 816 788 sive
840 726 1014 805 dotaverit,
1045 752 1103 791 sea
1139 751 1222 808 non,
1255 730 1325 794 sive

202 833 277 874 cum
290 817 458 891 parentum
473 807 542 868 eius
556 807 722 868 voluntate
737 829 934 891 quocunque
952 822 1131 872 commento
1157 813 1255 895 ipsam
1269 834 1324 874 ac-

202 895 311 975 cipere
333 891 386 952 vel
402 890 692 970 tenare'potuerit,
725 911 891 972 nunquam
912 892 1001 952 illam
1028 915 1162 955 uxorem
1186 894 1323 972 habeat,

201 976 258 1040 sod
286 981 406 1055 raptori
434 981 487 1032 ant
511 972 577 1032 furi
601 973 786 1052 auferatur,
820 984 853 1034 et
875 975 1027 1056 proximis
1051 978 1117 1038 suis
1144 976 1208 1037 alio
1234 977 1324 1054 viro,

201 1070 344 1139 tempore
368 1075 530 1136 congruo,
566 1054 591 1115 si
614 1054 680 1135 ipsa
697 1054 759 1116 hoc
775 1056 893 1116 malum
910 1079 974 1118 uon
997 1059 1213 1134 consenserit,
1243 1080 1325 1141 nup·

200 1153 272 1204 tura
290 1137 479 1219 legibusque
491 1145 660 1218 acceptura
679 1138 841 1198 reddatur.
890 1141 1008 1223 Raptor
1034 1163 1136 1219 vero,
1160 1141 1226 1204 sive
1251 1142 1323 1217 fur,

199 1242 377 1302 omnesque
394 1220 439 1280 eis
456 1219 717 1296 consentientes,
749 1221 878 1302 publica
896 1224 1093 1303 poenitentia
1114 1225 1202 1284 iuxta
1222 1243 1325 1283 cano-

202 1307 308 1368 nicam
339 1303 560 1361 auctoritntem
590 1302 785 1382 multentur,
815 1314 847 1365 et
875 1305 1026 1386 proximis
1053 1307 1141 1368 illius
1164 1303 1324 1388 quicquid

200 1389 318 1453 iniuste
331 1385 364 1442 in
385 1393 446 1443 tam
460 1383 598 1444 nef-..ndo
614 1386 734 1445 scelere
754 1397 910 1468 egerunt,
933 1387 966 1446 in
986 1389 1083 1470 triplo
1106 1395 1321 1470 componant,

201 1483 233 1534 et
255 1487 512 1548 unamquamque
529 1486 597 1526 rem
631 1467 775 1528 semotim
799 1468 924 1550 legibus
955 1472 989 1530 in
1019 1471 1118 1554 triplo
1140 1469 1322 1533 restituant.

199 1555 271 1638 Ipsa
288 1570 424 1630 namque
440 1570 521 1630 quae
542 1549 683 1632 rapitur,
705 1551 732 1611 si
751 1560 805 1610 aut
826 1549 928 1634 primo
950 1563 1005 1614 aut
1032 1553 1233 1634 postmodum
1257 1560 1323 1610 tam

200 1632 326 1698 nefario
357 1632 471 1691 sceleri
493 1631 598 1691 libens
625 1633 838 1711 consenserit,
878 1655 1043 1716 nunquam
1067 1648 1175 1717 postea
1199 1634 1322 1711 nubat,

199 1718 257 1781 sed
269 1714 407 1796 publica,
419 1712 616 1796 poenitentia
632 1715 798 1792 multetur,
821 1725 852 1776 et
870 1717 997 1777 subtuli
1017 1718 1159 1779 custodia
1172 1725 1322 1798 ponatur,

199 1809 236 1861 ut
249 1799 280 1860 ei
299 1796 483 1856 nullatenus
499 1797 653 1856 luxuriari
673 1819 746 1858 cum
763 1820 925 1879 quoquam
945 1801 1050 1864 liceat.
1091 1799 1214 1860 Taliter
1233 1798 1322 1858 enim

199 1889 371 1944 memorata
390 1878 509 1960 flagitia
529 1879 722 1958 puniantur,
752 1890 787 1939 ut
811 1902 920 1940 omnes
942 1891 1136 1964 cognoscant
1167 1881 1322 1963 quoniam

200 1961 376 2027 uecscculi
402 1963 498 2042 Leges
525 1970 590 2020 tam
616 1961 762 2022 nefandis
786 1963 1067 2025 coniunctionibus
1095 1963 1320 2038 consentiant,

199 2068 260 2108 nec
275 2043 357 2106 sacri
375 2045 521 2103 Canones
538 2044 708 2104 consilium
726 2046 830 2104 ullum
842 2046 1035 2126 praebeant;
1057 2048 1114 2108 sed
1127 2046 1206 2108 tales
1218 2044 1322 2124 seculi

197 2131 299 2210 Leges
314 2135 600 2207 cooperatoresque
614 2147 724 2186 eorum
735 2130 838 2209 capite
854 2127 944 2187 feriri
955 2129 1167 2210 praecipiunt.
1189 2129 1231 2186 at
1240 2125 1322 2187 sacri
1376 2161 1379 2166 ·

198 2214 347 2272 Canones
369 2207 484 2288 spiritu
506 2207 566 2268 Dei
583 2207 703 2268 conditi
728 2230 794 2269 non
819 2211 922 2269 solum
943 2219 1105 2292 raptores,
1136 2209 1193 2272 sed
1222 2210 1322 2269 etiam

199 2313 311 2353 omnes
339 2311 450 2350 eorum
474 2299 710 2371 cooperatores,
742 2292 853 2372 eisque
895 2293 1152 2369 consentientes,
1185 2291 1320 2351 anathe-

198 2384 281 2434 mate
297 2373 432 2443 feriunt;
467 2373 551 2434 sicut
565 2373 596 2431 in
623 2371 888 2434 Chalcedonense
900 2374 1060 2453 Concilio,
1083 2375 1116 2433 in
1132 2395 1196 2455 qno
1209 2393 1321 2438 ncxxr.

197 2458 307 2522 Patres
322 2456 511 2534 adfuerunt,
534 2454 675 2536 capitulo
697 2477 813 2530 xxvrn,
836 2457 960 2518 cunctis
977 2457 1158 2538 legentibus
1174 2462 1273 2539 patet.

391 2563 439 2622 De
462 2562 510 2619 bis
528 2562 583 2645 qui
603 2561 729 2643 rupinus
744 2560 830 2641 infra
852 2582 979 2640 regnum
988 2561 1125 2643 saciant.

279 2663 418 2730 XCVII.
462 2665 495 2726 si
514 2665 586 2745 quis
604 2665 687 2724 infra
704 2685 840 2746 regnum
854 2667 999 2747 rapinam
1019 2667 1150 2744 fecerit,
1178 2676 1234 2726 aut
1250 2665 1323 2727 cui·

198 2773 295 2836 quam
318 2756 425 2808 nostro
442 2746 530 2807 fideli
555 2746 688 2828 eiusque
712 2746 834 2807 bomini
860 2749 984 2830 aliquid
1007 2750 1039 2810 vi
1066 2749 1256 2824 abstulerit,
1287 2749 1323 2808 in

197 2835 296 2919 triplo
319 2831 371 2892 cui
398 2829 522 2910 aliquid
545 2829 729 2907 abstulerit,
757 2830 882 2911 legibus
915 2840 1100 2914 componat;
1132 2842 1164 2892 et
1188 2831 1323 2912 insuper

198 2917 342 2978 bannum
361 2921 525 2989 nostrum,
556 2913 678 2989 idest,
706 2913 868 2994 sexaginta
891 2912 1009 2976 solidos
1032 2913 1123 2974 nobis
1148 2913 1321 2994 persolvat.

197 2997 405 3064 Postmodum
426 3017 503 3055 vero
524 3005 597 3056 ante
616 3016 672 3054 nos
693 2995 847 3057 aComitc
871 2995 1067 3073 adducatur,
1099 3006 1136 3056 ut
1154 2995 1188 3053 in
1212 2994 1322 3055 basto·

153 3087 157 3095 ’
198 3082 448 3147 nicoretrusus;
473 3078 671 3160 usquedum
691 3075 782 3136 nobis
795 3078 972 3158 placuerit,
994 3099 1114 3160 poenas
1132 3077 1215 3148 luat;
1247 3097 1322 3134 nam

199 3161 223 3224 si
249 3162 379 3244 publice
407 3170 512 3220 actum
540 3159 656 3234 fuerit,
687 3159 850 3240 publicam
877 3159 952 3220 iude
977 3170 1047 3241 agat
1070 3158 1321 3242 poenitentiam,

199 3245 288 3304 iuxta
305 3253 486 3303 sanctornm
502 3245 669 3303 Canonum
689 3243 896 3306 sanctionem.
925 3241 1059 3302 sivero
1084 3243 1231 3316 occulte,
1264 3241 1321 3299 Sa·

198 3327 363 3388 cerdotum
381 3326 516 3386 consilio
532 3347 571 3386 ex
584 3323 644 3386 hoc
660 3332 731 3405 agat
739 3323 984 3405 poenitentiam:
1004 3323 1157 3405 quoniam
1167 3331 1323 3404 raptores,

199 3419 236 3468 ut
254 3409 297 3468 ait
312 3409 501 3491 Apostolus,
528 3407 589 3468 nisi
619 3427 728 3467 veram
754 3406 881 3488 egerint
903 3405 1154 3486 poenitentiam,
1183 3425 1324 3485 regnum

197 3491 260 3552 Dei
278 3512 342 3552 non
359 3490 577 3572 possidebunt.
599 3488 665 3567 Qui
685 3509 761 3548 vero
782 3490 821 3550 de
843 3488 939 3549 rebus
959 3487 1177 3548 Ecc¹esiarum
1197 3484 1323 3566 aliquid

199 3573 380 3650 abstulerit,
403 3571 528 3653 gravius
541 3571 616 3631 inde
636 3569 813 3648 iudicetur,
842 3572 918 3652 quia
935 3592 1096 3631 sacrarum
1111 3591 1220 3630 rerum
1239 3567 1323 3626 abla-

94 3657 244 3718 tio
266 3655 467 3736 sacrilegium
486 3662 554 3730 est,
578 3663 611 3714 et
630 3652 803 3734 sacrilegus
823 3660 954 3714 vocatur
975 3652 1030 3733 qui
1056 3675 1096 3712 ex
1120 3651 1166 3712 eis
1198 3647 1324 3729 aliquid

200 3749 255 3798 aut
269 3739 436 3798 abstulerit
452 3746 505 3795 aut
522 3735 674 3816 rapuerit.
722 3735 858 3796 Infames
886 3756 1015 3816 quoque
1045 3734 1124 3794 tales
1148 3751 1323 3815 personae,

200 3841 302 3900 usque
336 3821 375 3879 ad
411 3817 659 3881 satisfactionem
691 3817 855 3878 Ecclesiae
893 3838 990 3898 quam
1025 3816 1212 3891 laeserunt,
1248 3820 1324 3910 sunt

200 3901 377 3963 habendae.

220 4010 269 4069 De
300 4008 522 4070 Sacerdotibus
546 4019 577 4067 et
595 4005 846 4146 &vigeatque
873 4003 1039 4066 Monocbis
1061 4004 1235 4085 interfectis
1257 4003 1307 4064 vel

283 4171 438 4234 XCVlll.
480 4170 514 4230 Si
538 4169 610 4252 quis
640 4087 863 4245 saddiddiibl,
886 4168 940 4229 vel
959 4167 1125 4245 Levitam,
1148 4167 1324 4227 autMona·

201 4254 299 4320 chum
310 4253 513 4320 interfecerit
525 4253 577 4319 vel
593 4249 821 4332 debilitaverit,
837 4249 927 4316 iuxta
949 4258 1066 4318 statuta
1078 4249 1223 4339 priorum
1241 4248 1324 4336 capi-
