2926 4984
225 431 237 442 ,-

177 481 247 551 255.
272 482 315 549 Ut
332 494 432 562 omnis
442 493 535 556 bomo
550 489 631 554 liber
637 510 697 576 po·

255 582 396 635 testatem
426 577 538 637 babeat
563 576 695 636 ubicun-

254 671 314 735 que
325 658 464 718 voluerit
475 680 525 719 res
538 679 609 717 setas
617 658 695 717 dare

251 755 314 818 pro
328 741 427 800 salute
448 743 570 800 animae
591 761 675 800 suae.

171 813 243 880 256.
266 819 314 879 De
324 822 503 885 homicidiis
509 819 696 908 prohibenti.

170 898 242 977 237.
266 903 355 983 Quid
379 906 411 965 in
442 906 697 989 compositionem

257 987 402 1065 wirgildi
412 989 485 1050 dari
499 1009 561 1048 non
575 985 696 1050 debeat.

137 1063 158 1126 Χ
172 1061 246 1128 258.
261 1067 308 1125 De
318 1084 410 1151 raptu
420 1072 596 1132 alienarum
606 1090 699 1154 spon-

257 1169 372 1211 sarum.

172 1226 246 1309 259.
267 1233 316 1292 De
338 1235 438 1316 salsis
459 1236 590 1297 testibus
620 1256 697 1299 con·

254 1316 431 1380 vincendis.

171 1391 244 1468 24ο.
267 1398 315 1457 De
333 1400 507 1462 concordia
520 1400 698 1486 Episcopo·

256 1499 325 1539 rum
340 1495 370 1541 et
391 1484 555 1551 Comitum.

170 1556 244 1634 241.
266 1563 314 1622 De
341 1565 537 1639 latronibus,
571 1566 699 1626 homici-

253 1641 315 1719 dis,
325 1644 488 1725 adstiteris,
500 1649 697 1725 incestuosis,

258 1731 314 1790 sub
350 1752 463 1809 niagno
500 1731 697 1792 districtione

256 1813 451 1874 coercendis.

175 1885 245 1962 242.
267 1894 316 1954 De
331 1897 490 1956 invasione
507 1894 641 1960 aliorum
651 1917 698 1956 re·

257 1996 335 2044 rum.

172 2051 244 2129 245.
266 2061 332 2121 Pro
359 2081 422 2142 qua
449 2081 482 2120 re
500 2060 533 2118 in
546 2081 698 2140 praesen·

206 2193 208 2199 .
256 2143 332 2202 tiam
344 2145 436 2223 Regis
447 2143 634 2224 venirequis
645 2141 699 2202 de·

259 2224 338 2286 beat.

171 2302 245 2380 244.
269 2308 318 2366 Ne
339 2310 615 2370 noviterconversi
634 2309 697 2369 cito

255 2389 410 2472 ad‘oliqua
426 2394 590 2451 mittantur
601 2410 697 2452 excr-

255 2473 356 2532 cenda
377 2476 510 2552 negotia.

172 2547 245 2626 245.
270 2555 357 2636 Quid
372 2556 468 2615 d'elris
486 2554 641 2633 agendum
656 2557 699 2616 sit

255 2639 320 2717 qui,
333 2642 445 2718 gratia
449 2637 596 2718 fugiendi
608 2637 700 2700 delia

256 2721 702 2794 tumservitium‚seculumre·
732 2767 735 2790 .

257 2800 411 2882 linquunt.

175 2877 248 2956 246.
273 2885 362 2963 Quid
383 2899 520 2965 tempore
533 2883 635 2962 fantis
662 2907 698 2948 ac

258 2969 423 3029 cuiuslibet
441 2969 654 3030 tribulationis
667 2992 700 3033 tt·

255 3048 391 3126 gendum
411 3053 461 3110 sit.

174 3123 245 3204 247.
272 3129 313 3191 Ut
337 3132 423 3212 insra
440 3134 577 3213 patriam
608 3156 700 3195 armo

255 3235 319 3273 non
340 3229 514 3294 portentur.
556 3215 599 3276 Et
619 3238 698 3294 oica·
761 3243 763 3247 ·
789 3285 794 3296 q

257 3295 332 3355 liter
352 3295 570 3356 discordantes
590 3298 635 3360 ad
644 3321 699 3382 pm

256 3398 322 3437 cem
337 3391 488 3458 cogantur
505 3379 620 3440 redire.

172 3452 245 3529 248.
269 3459 315 3517 De
336 3463 505 3520 armaturis
524 3475 555 3522 et
576 3463 698 3523 bruniis

258 3540 420 3602 habendis.

173 3619 246 3702 249.
267 3623 315 3682 De
331 3625 378 3681 lais
397 3627 453 3706 quii
474 3625 600 3687 iudiciis
618 3626 698 3688 Sca·
775 3641 776 3649 ’

257 3706 400 3780 binorum
419 3707 621 3791 adquiescere
639 3731 698 3772 uo·

259 3786 335 3847 lunt.

173 3866 245 3930 25ο.
269 3869 365 3951 Quod
376 3871 453 3946 Regi
467 3885 497 3930 et
513 3871 698 3935 Senioribus

259 3964 379 4010 tantum
392 3953 544 4034 fidelitas
561 3975 622 4037 per
644 3978 698 4017 sa·

258 4049 450 4094 crumentum
471 4039 616 4118 promitti
639 4037 697 4100 dc-

259 4115 338 4175 beat.
380 4115 422 4176 Et
444 4131 478 4178 ut
502 4131 626 4179 caetera
645 4142 698 4181 sa-

259 4211 417 4258 cramenta
437 4200 581 4278 legaliter
597 4197 698 4286 fiant.

175 4275 253 4343 251.
274 4276 313 4340 ta
329 4278 358 4340 si
370 4283 618 4366 conspirationes
625 4283 699 4368 sao

586 333 703 408 ‘steen
736 347 916 414 anrus.

1124 431 1127 440 .
1212 335 1282 412 501

848 501 899 552 tae
917 491 1063 576 suerint,
1093 495 1214 582 triplici
1233 519 1288 558 ra·

847 577 931 636 tione
945 576 1134 639 iudicentur.
1217 589 1220 594 '

767 654 838 720 252.
861 659 1052 742 Qualiterde
1062 659 1190 741 testibus
1199 683 1289 742 agen-

852 739 928 799 dum
954 743 1018 814 sit,
1052 745 1220 826 qualesque
1247 744 1292 805 od

852 823 1061 884 testimonium
1082 825 1290 894 adducantur.

769 902 840 968 255.
865 906 980 986 Quales
991 928 1144 990 personae
1160 907 1205 966 ad
1216 931 1292 969 cau·

851 1009 901 1046 sas
915 987 1129 1048 discutiendas
1144 1003 1174 1049 et
1187 994 1293 1052 termi-

850 1069 973 1130 nandas
990 1071 1064 1149 eligi
1076 1070 1219 1132 debeant.

770 1149 840 1227 254.
862 1153 911 1211 De
921 1155 1053 1213 teloneis
1069 1171 1147 1233 quae
1159 1153 1199 1213 de
1214 1176 1293 1214 mer·

851 1236 930 1295 catis
944 1248 975 1294 et
990 1236 1124 1314 navigiis
1141 1236 1291 1310 velabis,

851 1329 905 1376 aut
938 1337 1137 1399 quaecunque
1177 1319 1312 1380 iniuste.

852 1401 1037 1478 octiganum,¹
1055 1398 1224 1482 quidstcri
1239 1399 1293 1463 de-

851 1480 930 1541 beat.
1020 1483 1023 1489 ’

769 1559 839 1624 255.
861 1565 909 1624 De
933 1565 982 1624 tis
999 1564 1055 1647 quii
1069 1585 1112 1625 ex
1130 1563 1232 1624 seculo
1249 1563 1295 1624 ad

851 1649 1042 1708 monasteria
1069 1649 1210 1708 converti
1231 1666 1292 1708 uo-

849 1726 926 1787 lttnt.

769 1806 840 1871 256.
865 1810 1291 1894 Debominibuspauperibus

852 1892 971 1968 liberis,
984 1906 1016 1952 ut
1030 1896 1049 1954 b
1061 1895 1293 1977 potentioribus

852 1996 914 2034 non
931 1978 1152 2074 opprimantur
1168 1979 1293 2038 iniuste.

769 2055 838 2137 257.
860 2057 907 2117 De
921 2058 1072 2118 Izcclesiis
1088 2061 1152 2118 sive
1166 2058 1292 2120 Sanctis

854 2143 976 2199 noviter
988 2143 1130 2201 inuentis.

773 2219 843 2283 258.
870 2221 911 2284 Ut
949 2224 1138 2283 heribannus
1177 2223 1292 2307 absque

850 2326 1057 2388 personarum
1067 2304 1293 2390 acceptionefi-

853 2387 969 2446 deliter
990 2387 1028 2447 ab
1052 2389 1192 2448 omnibus
1220 2390 1292 2449 exi·

846 2481 948 2548 gutur.
1220 2479 1222 2488 “

771 2549 842 2630 259.
863 2552 912 2612 De
926 2555 1104 2615 bominibus
1120 2551 1176 2612 ool
1192 2551 1293 2632 semi-

851 2637 900 2693 nis
923 2637 1031 2696 liberis
1052 2638 1109 2720 qui
1128 2656 1198 2695 cum
1216 2635 1293 2694 Fis-

854 2717 966 2778 calinis
982 2739 1014 2777 se
1036 2719 1233 2796 coniungunt.

770 2796 840 2858 260.
867 2797 908 2860 Ut
935 2800 1044 2861 Oratio
1069 2801 1238 2859 Dominica
1264 2813 1294 2859 et

853 2881 1036 2957 Symbolum
1062 2895 1093 2940 et
1115 2881 1209 2951 Lex,
1239 2902 1294 2941 seu

854 2965 1000 3047 Capitula
1016 2965 1144 3042 Regum,
1162 2963 1296 3042 diligen·

752 3091 754 3098 ,
850 3060 900 3107 ter
921 3047 1149 3124 intellegantur.
1197 3095 1198 3102 ,

770 3127 839 3193 26ι.
861 3132 912 3190 De
924 3132 1078 3192 occisione
1101 3129 1293 3193 Clericoruen

852 3212 1293 3296 etSacerdotum‚atqueMo-

852 3298 1031 3355 nacitorum.
1121 3304 1123 3309 ’
1238 3305 1248 3372 ,¹

771 3373 840 3435 262.
864 3377 910 3436 De
926 3377 1049 3436 damnis
1064 3377 1098 3436 in
1110 3378 1292 3440 immunita-

832 3459 1029 3541 tibussoctis.

770 3537 840 3605 263.
862 3543 910 3602 De
943 3540 1072 3621 furibus
1097 3541 1186 3622 infra
1206 3566 1292 3606 entu-

852 3627 980 3684 nitatem
1005 3625 1133 3684 retentis
1161 3627 1241 3705 quid
1261 3651 1293 3690 a·

850 3705 986 3786 gendum
1007 3709 1056 3764 sit.

771 3785 841 3863 264.
862 3792 911 3850 De
933 3791 1010 3850 locis
1031 3788 1076 3848 ad
1090 3789 1294 3854 claustralia
1374 3843 1376 3848 .

852 3873 1037 3932 nonioorum
1050 3870 1219 3948 facienda.

771 3951 841 4015 265.
862 3955 912 4015 De
936 3954 1115 4036 emptione,
1154 3967 1292 4034 tempore

852 4038 974 4106 messis,
999 4055 1092 4094 causa
1109 4035 1291 4118 cupiditatis
1330 4031 1333 4044 '

851 4130 881 4177 et
897 4119 998 4199 turpis
1016 4117 1106 4177 lucri.
1172 4133 1173 4138 ¹

771 4197 839 4263 266.
861 4200 910 4259 De
934 4199 1102 4260 stabilitate
1122 4197 1295 4288 Episcopo.

853 4301 921 4342 rum
940 4283 987 4344 vel
1009 4281 1209 4347 Clericontne.
