2926 4986
504 305 617 364 erasa
643 275 842 366 suerrum.
883 364 890 378 ,
1154 288 1224 366 m

107 451 199 518 nem:
234 447 354 514 Similis
368 446 464 510 etiam
477 446 528 508 tls
545 447 602 531 qul
618 445 797 514 oblationes
814 451 1042 514 defunctorum
1072 447 1227 513 Ecclesiis

107 537 162 600 vel
184 530 406 595 Sacerdotibus
421 531 567 612 legaliter
583 529 726 592 dimissas
744 534 891 614 quolibet
922 535 1034 596 ordine
1060 533 1228 616 aalaignaro

107 615 317 684 tardaverint,
341 615 392 674 vel
409 617 549 673 retinere
567 617 848 694 praesumpserint,
869 615 1078 680 districtionis
1100 611 1230 678 ecclesi·

106 698 225 764 usticae
241 697 330 756 iuxta
348 695 470 778 priores
489 715 626 756 canones
644 695 745 756 forma
763 708 917 761 servetur.
959 698 1020 760 Cui
1041 697 1136 760 etiam
1154 717 1231 757 sen·

106 780 229 844 tentiae
248 777 424 841 subiacebit
440 776 585 858 quisquis
604 776 664 838 sibi
679 780 826 858 quolibet
845 780 959 842 ordine
977 780 1065 863 quod
1087 800 1147 860 pro
1172 774 1232 838 de-

92 862 239 924 -votione
255 859 474 922 snaEcclesiis
494 859 592 934 dedit,
602 879 755 922 revocare
774 864 1030 946 praesumpserit.
1040 860 1231 938 abhatibus,

106 942 317 1028 Presbyteris,
336 941 535 1022 caeterisque
556 940 713 1004 Ministris
738 944 778 1006 de
804 945 900 1007 rebus
932 939 1155 1006 ecclesiasticis
1178 943 1233 1004 vel

110 1047 203 1090 sacro
219 1023 397 1086 ministerio
420 1023 543 1084 traditis
559 1024 606 1084 nil
625 1023 767 1086 alienare
785 1027 838 1088 vel
858 1027 1011 1110 obligare,
1028 1027 1146 1106 absque
1158 1044 1234 1108 per-

111 1106 265 1176 missione
280 1115 313 1166 et
324 1104 559 1186 subscriptione
576 1106 727 1190 Episcopi
746 1107 807 1186 sui,
825 1108 931 1171 liceat.
972 1099 1067 1188 Quod
1083 1109 1109 1171 si
1140 1125 1235 1190 prae-

109 1187 316 1272 sumpserint,
338 1188 565 1270 degradentur,
578 1189 804 1252 communione
827 1210 994 1262 concessa3
1024 1199 1056 1252 et
1076 1189 1165 1270 quod
1185 1199 1238 1250 te·

113 1293 203 1376 mpre
227 1279 467 1413 praesumptum
488 1279 544 1331 aut
563 1271 740 1334 alienatum
762 1281 820 1352 est,
855 1271 1058 1335 ordinatione
1085 1268 1237 1358 Episcopi

112 1365 229 1418 re‘voce
246 1373 296 1418 ur.

112 1483 164 1550 De
185 1481 234 1542 tis
254 1499 333 1564 qaae
352 1475 405 1540 dic
426 1475 585 1542 dominico
611 1481 665 1564 agi
692 1482 900 1566 prohibentur
927 1481 983 1546 oei
1001 1483 1238 1570 permittuntur.

198 1583 410 1650 cccxxvl.
449 1583 640 1648 Audivimus
659 1607 843 1668 persuasum
867 1609 935 1651 esse
957 1589 1086 1673 populis
1108 1589 1160 1653 die
1179 1591 1238 1653 do-

113 1667 236 1735 minico
251 1668 302 1752 agi
317 1689 391 1730 cum
407 1667 536 1729 caballis
571 1677 627 1728 sut
650 1668 755 1750 bobus
775 1671 829 1731 vel
853 1669 1011 1732 vehiculis
1039 1671 1154 1734 itinera
1173 1694 1240 1733 non

115 1749 246 1828 debere,
261 1757 369 1832 'neque
385 1749 484 1810 ullam
505 1771 575 1810 rem
593 1750 633 1811 ad
647 1751 767 1812 victum
792 1771 951 1836 reparare,
970 1753 1023 1815 vel
1041 1774 1077 1815 ea
1100 1775 1183 1836 quae
1200 1755 1241 1817 ad

116 1835 262 1898 nitorem·
277 1832 391 1894 domus
411 1833 463 1893 vel
490 1829 629 1894 hominis
659 1833 832 1916 pertinent,
856 1835 1040 1896 nullatenus
1067 1855 1264 1908 exerceres

114 1935 263 2000 quaeres
278 1915 317 1975 ad
333 1914 493 1974 ludaicarn
509 1914 769 1998 superstitionem
784 1915 882 1998 magis
896 1939 991 1998 quam
1018 1915 1058 1976 ad
1083 1916 1244 1979 Christia-

117 2021 189 2060 nam
206 1996 439 2058 observantiam
459 1996 622 2078 pertinere
638 1998 799 2079 probatur.
849 2000 1052 2082 Quapropter
1076 1999 1242 2060 statuimus

117 2091 155 2144 ut
171 2079 223 2142 die
244 2078 405 2140 dominico
424 2079 510 2159 quod
527 2086 601 2140 ante
612 2079 692 2160 ,fieri
715 2079 818 2160 licuit,
838 2080 942 2141 liceat.
976 2081 1004 2142 A
1020 2081 1121 2142 rurali
1135 2089 1243 2142 tamen

117 2183 228 2246 opere,
247 2159 281 2220 id
299 2169 357 2238 est,
379 2181 475 2242 opere
498 2161 593 2222 aratri
607 2161 658 2222 rel
672 2162 798 2239 vineae,
813 2161 867 2224 vel
885 2162 1026 2224 sectione
1052 2163 1172 2239 messis,
1187 2185 1246 2224 ex-

117 2245 277 2320 cussione,
289 2252 410 2318 exano,
429 2244 481 2303 vel
497 2265 571 2327 sepe
586 2244 768 2305 censuimus
785 2242 1021 2321 abstinendum,
1036 2264 1101 2324 quo
1116 2244 1244 2307 facilius

117 2327 160 2389 ad
178 2324 356 2387 Ecclesiam
370 2324 537 2388 venientes
551 2326 703 2388 orationis
722 2326 821 2409 gratia
847 2334 973 2387 vacent.
1013 2326 1110 2402 Quod
1136 2327 1163 2387 si
1189 2325 1243 2383 in-

118 2417 237 2473 ventus
254 2405 354 2468 fuerit
371 2405 489 2489 aliquis
511 2407 544 2468 in
570 2408 719 2490 operibus
749 2406 982 2490 suprascriptis,
1002 2413 1056 2465 aut
1079 2427 1161 2487 quae
1191 2407 1246 2465 in-

120 2489 258 2552 terdicta
271 2498 347 2550 sunt
365 2508 517 2552 exercere
535 2488 792 2573 praesumpserit,
812 2488 953 2570 qualiter
972 2485 1053 2548 haec
1075 2487 1245 2549 emendare

121 2572 247 2649 debeat,
269 2591 335 2631 uon
349 2571 383 2632 in
404 2571 573 2634 Laicorum
592 2571 801 2648 districtione,
820 2567 878 2634 sed
890 2568 925 2630 iu
945 2567 1126 2634 Sacerdotis
1149 2568 1249 2630 casti·.

122 2654 251 2742 gatione
268 2652 428 2722 consistat.
471 2653 604 2742 Capitol.
621 2677 650 2716 a.
668 2653 737 2736 755¹.
751 2673 778 2720 c.
799 2653 845 2730 rt.

119 2785 171 2848 Dc
192 2783 241 2844 tis
261 2783 318 2866 qui
331 2793 402 2843 ante
413 2780 548 2866 finitam
565 2782 699 2841 Missam
711 2778 751 2839 de
761 2776 904 2840 Ecclesia
917 2775 1025 2858 egredi
1036 2789 1248 2861 praecurrant.
1348 2769 1351 2778 ’

111 2911 117 2916 ’
205 2885 432 2953 CCLXXVll.
472 2889 522 2948 De
545 2884 648 2947 Missis
668 2884 777 2946 nullus
797 2879 967 2945 Laicorum
993 2891 1068 2944 ante
1094 2883 1248 2963 discedat,

120 2991 219 3054 quam
239 2969 409 3030 Dominica
428 2969 553 3030 dicatur
570 2965 691 3028 Oratio.
718 2968 761 3029 Et
781 2965 809 3028 si
823 2965 999 3049 Episcopus
1016 2986 1167 3047 praesens
1181 2967 1251 3028 fue·

120 3055 176 3130 rit,
192 3039 259 3112 eius
276 3051 460 3112 benedictio
475 3057 671 3133 expectetur.
714 3049 828 3134 Neque
847 3059 922 3110 unte
940 3047 1069 3112 Missam
1089 3050 1250 3134 expletam

122 3135 196 3222 quis
215 3132 327 3218 egredi
347 3141 536 3217 praesumat.
653 3141 656 3146 '

185 3240 235 3302 De
256 3239 305 3300 bis
325 3239 382 3321 qui
400 3240 434 3298 in
453 3237 597 3299 Ecclesia
618 3257 688 3298 cum
716 3236 812 3323 armis
832 3235 951 3298 intrare
969 3251 1183 3322 praesumunt.

208 3343 456 3409 CCLXXVlll.
496 3343 660 3406 Sacrificio
690 3341 846 3404 matutina
876 3341 1066 3421 Missurum,
1091 3343 1158 3406 sive
1185 3365 1254 3410 ves·

123 3427 264 3516 pertine,
278 3448 319 3488 ne
343 3426 509 3509 quiscum
529 3423 876 3508 armispertinentihus
901 3424 942 3486 ad
970 3426 1132 3488 bellorum
1154 3449 1254 3500 ,usum

124 3519 285 3596 expectet.
326 3509 424 3588 Quod
441 3509 498 3590 qui
517 3507 630 3570 fecerit
652 3509 686 3567 in
718 3505 900 3568 Sacerdotis
919 3515 1075 3591 potestate
1102 3511 1255 3573 consistat

128 3593 220 3676 quali
238 3614 313 3658 eum
330 3589 530 3654 districtione
548 3589 662 3651 debeat
678 3588 842 3672 castigare.

155 3722 199 3790 Ut
217 3723 309 3789 Laici
329 3721 363 3782 in
383 3719 527 3782 Ecclesia
547 3713 636 3799 infra
663 3717 818 3778 cancellos
838 3729 923 3802 sture
941 3737 1007 3780 non
1023 3733 1234 3802 praesumant,
1261 3770 1264 3774 .

214 3824 426 3892 CCLXXlX.
467 3827 511 3885 Ut
532 3821 621 3884 Laici
637 3843 728 3884 secus
750 3823 860 3900 altare,
881 3843 947 3905 quo
971 3819 1079 3886 sanota'
1106 3825 1256 3907 mysteria

130 3907 349 3985 celebrantur,
363 3909 450 3968 inter
467 3905 621 3982 Clericus,
638 3913 702 3965 tam
721 3905 761 3965 ad
785 3905 920 3986 Vigilias
944 3927 1041 3987 qnam
1064 3907 1103 3966 ad
1133 3908 1256 3986 Missas,

23 4019 25 4069 ς
130 3999 214 4056 stare
229 3989 359 4074 penitus
380 4011 445 4062 non
471 3995 683 4070 praesumant.
725 3986 789 4048 Sed
815 4007 887 4068 pars
907 3987 960 4047 illa
978 3989 1256 4068 quaedcancellis

24 4081 26 4116 l
131 4093 251 4134 versus
270 4071 370 4134 altare
390 4071 557 4147 dividitur,
574 4068 680 4131 choris
697 4077 822 4130 tantum
843 4069 1257 4152 psallentiumpateatCle-

132 4154 287 4218 ricornm.
349 4154 398 4216 Ad
419 4153 575 4214 orandum
590 4171 667 4212 vero
687 4161 721 4213 et
737 4152 1038 4212 communicandum
1056 4145 1148 4214 laicis
1162 4164 1195 4215 et
1210 4155 1257 4215 fc·

25 4275 28 4308 ἱ
109 4235 239 4316 ‘minin
249 4236 334 4302 sicut
342 4257 409 4300 mos
418 4243 477 4313 est,
487 4241 618 4321 pateant
628 4241 735 4296 sancta
744 4240 932 4295 sanctorum.
944 4232 1113 4316 Capitate
1122 4237 1183 4317 744
1192 4258 1218 4303 c.
1226 4237 1257 4299 6.

962 4344 1011 4420 47
