2926 4986
230 315 301 392 742
679 328 965 396 cnrirunnnron

142 533 145 540 ,
229 465 326 536 sitnm
340 478 465 542 lenens,
480 477 531 534 ter
551 465 727 535 debitorem
743 469 933 534 convenerit
957 477 1003 548 ut,
1024 468 1131 534 soluto
1154 464 1273 544 debito,
1287 465 1362 550 pig-

232 575 310 618 nora
324 576 378 615 sna
394 555 537 636 recipiat,
557 565 588 616 ct
603 555 735 630 debitor,
757 551 899 614 noluerit
919 562 990 634 post
1012 560 1076 612 tres
1091 549 1359 625 admonitiones,

230 639 337 701 soluto
358 635 488 712 debito,
510 641 644 719 pignora
663 659 719 698 sua
736 638 893 716 recipere,
911 635 1051 697 creditor
1064 631 1266 694 distrahendi
1281 631 1362 715 pig·

231 719 319 782 noris
342 717 473 779 habebit
491 713 622 780 liberam
638 725 836 802 potestatem.

387 823 427 884 Ut
443 846 513 886 cum
526 826 724 906 rebaptizatis
734 822 857 907 fideles
874 843 937 883 uon
956 801 1191 884 communicent.

313 927 410 991 CCC.
451 932 534 991 Cum
552 930 755 1013 rebaptizatis
769 929 880 990 fideles
904 927 1049 1012 religiosi
1068 947 1129 988 nec
1147 925 1182 986 in
1204 925 1276 987 cibo
1287 945 1362 1009 par·

229 1011 376 1094 ticipenl.

229 1119 279 1182 Dc
296 1117 344 1178 liis
364 1117 419 1201 qui
434 1113 556 1176 iubente
574 1115 742 1177 Sacerdote
759 1116 799 1178 de
825 1115 975 1176 Ecclesia·
987 1116 1076 1176 exire
1097 1113 1357 1196 contempserint,

224 1203 226 1210 ⁴
629 1199 709 1280 qiiid
723 1199 877 1279 agendum
894 1199 944 1257 sit.

311 1300 424 1368 CCCl.
467 1301 530 1380 Qui
547 1301 678 1364 iubente
697 1304 868 1365 Sacerdote
886 1323 944 1384 pro
968 1323 1163 1383 quacunque
1198 1298 1294 1383 culpa
1316 1300 1359 1360 ab

228 1385 373 1450 Ecclesia
394 1384 481 1446 crire
503 1387 766 1469 contempserint,
791 1407 851 1469 pro
875 1405 960 1446 noxa
984 1383 1203 1464 contumaciae
1232 1381 1360 1446 tardius

228 1467 487 1552 recipianturad
507 1469 643 1530 veniam.

320 1573 368 1633 Dc
393 1574 522 1633 Clericis
542 1574 751 1658 increpationi
770 1570 1020 1634 inobedientibus
1038 1569 1257 1660 verberandis.

227 1745 231 1750 ,
313 1675 444 1740 CCCll.
488 1677 619 1757 Clerici,
635 1699 714 1760 quos
728 1677 906 1762 increpatio
927 1699 993 1742 non
1022 1675 1253 1754 emendaverit,
1281 1695 1359 1738 ver-

228 1758 362 1820 beribus
380 1771 598 1822 coerceantur.

229 1888 341 1948 Deliis
360 1890 414 1970 qui
428 1888 498 1946 aliis
513 1889 639 1970 aliquid
653 1890 779 1962 debent,
797 1902 827 1949 ct
847 1891 925 1972 ipsis
942 1890 980 1950 nb
1002 1891 1046 1950 cis
1063 1888 1189 1972 aliquid
1209 1886 1356 1959 debetur,

530 1985 563 2030 ut
579 1973 611 2030 in
628 1974 812 2033 selectionem
833 1979 1056 2053 computentur.

314 2070 464 2134 CCClll.
507 2075 540 2134 Si
561 2075 633 2154 quis
648 2077 762 2137 debeat
777 2078 874 2137 alicui
895 2077 1012 2137 solidos
1031 2077 1152 2153 decem,
1170 2083 1203 2134 et
1226 2073 1283 2134 ille
1298 2074 1359 2156 qui

229 2156 327 2217 debet
352 2156 390 2215 de
412 2177 604 2236 quacunque
633 2159 757 2219 ratione
778 2160 955 2220 debeantur
990 2159 1038 2234 illi
1071 2160 1087 2218 ὲ
1114 2157 1273 2218 creditore
1296 2177 1357 2216 suo

227 2239 322 2298 solidi
338 2239 494 2319 quinque,
516 2247 547 2297 ct
571 2239 705 2300 ieniens
723 2243 863 2301 creditor
877 2251 960 2301 totos
990 2242 1100 2300 decem
1118 2239 1238 2300 solidos
1257 2239 1274 2296 t
1296 2237 1357 2298 de·
1451 2295 1452 2310 ,

226 2319 330 2382 bitere
347 2331 446 2402 petat,
472 2321 496 2381 si
518 2321 700 2402 probaverit
715 2323 770 2382 ille
788 2323 916 2383 debitor
930 2323 990 2383 sibi
1011 2323 1049 2381 ab
1068 2343 1108 2398 eo
1135 2320 1281 2401 quinque
1300 2341 1356 2380 so·

227 2403 309 2462 lidos
338 2403 468 2477 deberi,
495 2425 593 2484 qnare
614 2403 755 2462 illumin
777 2405 914 2466 solidum
940 2405 1074 2486 prolatis
1109 2405 1220 2464 decem
1243 2401 1356 2463 solidis

228 2485 392 2556 convenit,
414 2507 539 2545 eausam
558 2485 670 2568 perdat
688 2487 744 2568 qni
765 2487 870 2548 noluit
884 2487 1027 2548 debitum
1050 2504 1264 2565 compensare.
1307 2483 1359 2543 Si-

228 2567 312 2626 milis
334 2568 414 2626 ratio
436 2577 485 2628 est
512 2569 550 2627 dc
575 2571 736 2630 frumento
759 2568 810 2630 vel
841 2570 880 2630 de
906 2569 978 2629 aliis
1008 2569 1184 2651 speciebus.
1345 2567 1352 2589 *

291 2673 341 2732 De
361 2675 409 2732 nis
430 2675 485 2756 qrri
500 2671 719 2758 filiofamilias
747 2671 1183 2814 nss'quid'cornmodnverinss
1217 2667 1298 2754 quid

679 2778 755 2836 agen
782 2778 833 2814 um
857 2768 906 2815 sat.

317 2856 462 2926 CCClV.
504 2835 570 2937 Qni
584 2858 788 2922 filiofamilias
808 2870 919 2922 contra
940 2860 1111 2935 interdicta
1127 2856 1358 2943 leguminscio

232 2949 322 3022 patra
341 2943 509 3022 pecuniam
524 2944 747 3020 commodavit,
764 2963 835 3003 cam
856 2964 916 3004 nec
931 2943 1062 3008 vivente
1085 2965 1145 3005 nec
1162 2952 1287 3005 mortuo
1303 2963 1359 3024 pa·
1449 2933 1450 2960 ¹

232 3032 281 3083 tre
301 3024 467 3085 abeodem
484 3027 603 3110 poterit
623 3027 795 3123 postulare.
1243 3025 1246 3032 ’

379 3153 428 3212 Dc
453 3153 653 3216 Secrilaridus
666 3155 720 3235 qui
739 3175 810 3213 suns
827 3173 943 3214 uxores
961 3152 1190 3236 derelinquunt.

315 3255 440 3320 CCCV.
483 3257 522 3317 Hi
539 3279 617 3318 vero
634 3258 800 3319 Seculares
819 3258 876 3339 qni
895 3258 1063 3340 coniugale
1080 3260 1274 3320 consortium
1289 3258 1357 3320 abs·
1448 3279 1449 3286 ¹

229 3360 291 3421 quc
313 3340 408 3422 culpa
428 3341 571 3419 graviore
595 3341 761 3410 dimittunt
774 3341 824 3400 vel
844 3341 947 3403 etiam·
961 3341 1160 3420 dimiserunt,
1189 3352 1222 3403 ct
1249 3341 1356 3402 nullas

230 3443 339 3484 causas
361 3421 482 3482 dissidii
501 3421 710 3502 probabiliter
741 3436 968 3505 proponenteS‚
995 3434 1163 3506 propterea
1196 3446 1253 3484 sua
1287 3445 1356 3482 ma-

228 3502 378 3562 trimonia
402 3504 566 3564 dimittant
589 3512 624 3563 nt
645 3515 700 3564 aut
725 3506 849 3567 inlicita
877 3517 932 3566 aut
957 3506 1061 3567 aliena
1085 3517 1299 3588 praesumant,
1328 3506 1357 3566 si

230 3595 401 3665 antequam
423 3587 508 3668 apud
530 3586 703 3668 Episcopos
724 3589 1011 3669 comprovinciales
1034 3587 1156 3649 dissidii
1177 3611 1286 3649 causas
1309 3587 1356 3648 di·
1447 3608 1448 3620 ¹

229 3669 348 3742 rerinl,
370 3679 402 3728 et
420 3669 606 3750 priusquam
628 3691 743 3730 uxores
761 3669 882 3736 iudicio
906 3673 1109 3746 damnentur,
1129 3671 1318 3748 abiecerint,
1338 3670 1356 3730 ir

231 3745 456 3810 cnrnmanione
478 3751 641 3811 Ecclesiae
658 3761 689 3812 et
701 3753 802 3812 sancti
818 3753 930 3835 populi
949 3762 1056 3826 coctu,
1072 3774 1131 3835 pro
1153 3774 1191 3814 eo
1208 3753 1297 3836 qnod
1315 3752 1355 3812 fi·
1446 3819 1447 3836 χ

231 3832 305 3896 dem
321 3841 353 3892 et
376 3833 562 3913 coniugium
579 3835 750 3911 maculant,
766 3837 988 3902 excludantur.
1446 3837 1447 3842 ’

348 3961 389 4024 Ut
404 3959 562 4044 stipendia
581 3961 712 4023 Clericis
726 3964 819 4024 iuxta
841 3966 983 4023 meritum
1007 3963 1246 4025 distribuantur.

316 4061 460 4132 Cccvl.
502 4067 619 4128 Clerici
644 4067 737 4127 etiam
750 4090 871 4145 omncs,
888 4067 943 4150 qui
967 4069 1130 4131 Ecclesiae
1151 4069 1292 4131 fideliter
1313 4069 1360 4132 vi·

231 4147 611 4294 fiil³¹¹t2rql¹9‚⁵‘³r.viuntt
626 4150 785 4232 stipendia
805 4151 921 4212 sanctis
937 4151 1096 4212 laboribus
1114 4151 1221 4234 debita
1236 4173 1357 4214 secun·

257 4251 309 4292 am
324 4242 448 4325 servitu
467 4243 681 4299 sarmentum
700 4233 754 4292 val
779 4234 925 4294 ordinem
943 4243 1125 4296 teneantur.¹
1194 4271 1197 4276 ·
