2948 4990
215 321 288 395 594
630 335 918 396 cartruustuuu

220 480 290 560 564.
316 479 364 544 Ne
383 483 495 566 aliquis
508 483 693 542 criminosus
705 477 752 538 E·
803 477 871 557 577.
900 475 1188 563 dequibussnpra.
1209 480 1349 563 Aliquid

311 569 474 650 piscopnm
484 577 615 625 accuset.
833 599 836 604 ·
883 553 1344 648 =Stsertot.,attqaotpaputa.

213 645 283 711 565.
317 649 413 734 Quod
424 649 479 729 qui
492 645 682 730 Episcopum
705 665 754 703 ac·
804 642 873 721 578.
901 642 956 704 Er
973 644 1083 728 quibus
1102 665 1205 728 supra.
1244 646 1333 705 Gene

316 745 420 804 cusat,
444 730 507 788 Dei
521 727 753 790 ordinationem
907 727 1018 788 roliter
1030 729 1183 789 omnibus.

314 827 447 874 accusat.
803 805 873 890 579.
901 808 1188 892 Exquibussupra.
1212 808 1352 891 Aliquid

212 891 281 955 566.
316 894 356 955 Ut
378 894 655 970 litcmtltabentes,
684 891 751 950 siue
905 889 1350 977 Sacerdot.,aliquidpopulo.

312 979 450 1059 petitor,
468 997 522 1034 seu
528 993 702 1058 possessor,
725 973 753 1030 si
802 969 873 1033 380.
900 971 1078 1056 Exquibus
1100 995 1204 1057 supra.
1247 975 1350 1034 Gene-

312 1059 496 1120 Antistitum
515 1055 665 1116 iudicium
688 1054 752 1114 ele·
904 1055 1015 1115 raliter
1030 1057 1182 1121 omnibus.

312 1143 426 1218 gerim,
440 1139 484 1200 ad
498 1161 550 1199 eos
563 1138 752 1216 dirigantur.
802 1132 874 1197 58ι.
901 1136 957 1198 Ex
970 1139 1080 1218 quibus
1100 1159 1205 1218 supra.
1228 1138 1350 1199 Sacer·

210 1220 282 1302 567.
314 1222 407 1284 Utca
427 1222 559 1282 inlibata
590 1231 753 1281 serventur
906 1217 1031 1280 dotibus
1050 1221 1200 1286 omnibus.

311 1325 390 1389 quae
419 1305 550 1364 Patrum
581 1303 752 1363 auctoritas
803 1297 874 1366 582.
901 1300 952 1362 Ex
969 1302 1127 1382 Capitulis
1145 1303 1262 1363 Domni
1278 1303 1349 1364 Ka-

313 1385 536 1447 catholicorum
546 1383 754 1464 legeinstituit
905 1382 969 1444 roli
1001 1384 1097 1467 Regis
1129 1405 1214 1446 anno
1249 1385 1350 1468 regni

211 1465 282 1534 568.
311 1464 353 1528 Ut
368 1467 540 1551 privilegia
556 1487 634 1550 quae
657 1484 753 1547 prop·
904 1465 974 1526 eius
989 1487 1031 1527 ιι.
1048 1465 1135 1532 actis.
1157 1468 1205 1526 De
1226 1469 1274 1526 tis
1292 1469 1351 1548 qui

313 1561 362 1610 ter
390 1549 584 1628 Religionem
607 1547 753 1606 instituta
905 1547 992 1628 infra
1009 1570 1136 1628 regnum
1150 1551 1216 1608 sine
1229 1550 1349 1608 iussio·
1450 1593 1451 1624 7

313 1645 398 1704 sunt,
416 1633 505 1692 nulla
521 1629 751 1690 interminatio·
907 1651 945 1690 ne
964 1629 1121 1691 dominica
1131 1653 1191 1712 per
1205 1631 1273 1690 uim
1286 1632 1348 1690 ali-

315 1734 353 1773 ne
367 1736 451 1775 nova
468 1713 657 1772 mutilentur.
927 1710 986 1771 uid
999 1715 1170 1794 rapuerint.

212 1791 282 1878 569.
317 1795 359 1856 Ut
384 1798 412 1855 si
437 1795 660 1876 Cliorepiscopi
691 1790 754 1850 ali·
806 1791 878 1854 585.
904 1732 960 1854 lie
969 1793 1121 1876 Capitulis
1131 1796 1251 1854 Domni
1259 1793 1350 1853 Hlu-

314 1899 408 1960 quarn
421 1877 685 1940 consecrationem
700 1885 754 1931 aut

315 1957 587 2042 confirmationem
598 1955 752 2036 fecerint,
793 1953 796 1960 ⁴
903 1955 1015 2018 stolica
1033 1960 1220 2018 auctoritate
1244 1971 1275 2017 et
1292 1979 1348 2034 sy-

292 2042 350 2102 eab
362 2042 528 2126 Episcopis
545 2039 693 2098 canonice
709 2055 756 2095 re·
905 2039 1016 2100 nodali
1023 2042 1193 2118 sanctione,
1208 2042 1349 2100 omnium

307 2119 499 2202 formentur.
905 2119 1049 2182 videlicet
1081 2121 1275 2182 Clericorum
1309 2141 1348 2182 ae

214 2206 285 2285 570.
312 2205 360 2264 De
376 2206 515 2286 generali
530 2203 624 2263 totius
642 2196 756 2278 populi
904 2201 1030 2263 Laicor.
1044 2203 1180 2282 general.
1195 2224 1350 2264 consensu

317 2285 545 2371 supplicatione
562 2281 650 2365 opud
662 2280 755 2337 Prin·
905 2295 995 2365 atque
1019 2287 1161 2361 hortatu,
1183 2283 1330 2345 decretis.

317 2372 419 2453 cipcm
452 2387 511 2446 pro
547 2361 755 2424 Sacerdotum
805 2365 875 2441 584.
902 2365 950 2424 De
966 2388 1002 2427 eo
1017 2368 1072 2448 qui
1079 2366 1268 2446 facultatem
1290 2365 1350 2427 de-

318 2473 413 2513 causa
438 2467 474 2509 ne
494 2451 527 2508 in
554 2448 673 2505 hostem
703 2454 757 2500 aut
903 2447 1122 2528 praedationis
1139 2447 1265 2507 dederit
1280 2469 1350 2508 ma-

317 2554 453 2618 pugnam
459 2541 635 2615 pergerent,
645 2537 674 2584 et
682 2543 758 2606 qua·
909 2530 1017 2589 litiosa
1026 2527 1186 2610 factione,
1205 2541 1240 2588 ut
1260 2531 1350 2589 vivus

319 2618 349 2676 le
357 2619 401 2676 eis
415 2613 556 2676 omnibus
572 2628 615 2667 esc
631 2608 687 2665 lsoc
703 2606 759 2662 im·
913 2613 1123 2672 comburatur,

321 2702 437 2758 mineat
461 2689 646 2774 periculum.
709 2687 758 2746 Ex
810 2690 881 2756 585.
912 2690 966 2752 Ut*
998 2693 1185 2754 contumelia
1238 2705 1353 2752 temere

323 2776 480 2860 Capitulis
499 2768 617 2833 Domni
648 2766 759 2827 Karoli
911 2788 1113 2858 praesumpta
1131 2774 1169 2834 ab
1191 2775 1353 2834 universis

323 2849 764 2942 ImperatorisWormutiage·
912 2855 1097 2938 depellatur.

324 2932 644 3004 neraliterdecretis3
667 2941 761 3012 atquo
813 2937 883 3001 586,
916 2935 959 2997 Ut
998 2939 1130 3019 capitale
1165 2938 1355 3020 supplicium

327 3027 366 3084 ab
389 3020 534 3082 omnibus
559 3013 706 3088 firmatis,
732 3022 765 3072 el
914 3020 1054 3104 excipiat
1085 3021 1140 3101 qui
1169 3021 1356 3080 uiolentiam

325 3102 450 3166 eunctis
475 3099 621 3185 prolege
654 3105 765 3156 tenen·
916 3101 1105 3162 commisisse
1127 3101 1314 3162 dinoscitur.

328 3190 377 3249 dis
392 3184 587 3246 contraditis.
815 3185 885 3264 587,
914 3183 962 3243 De
982 3203 1018 3242 co
1035 3185 1090 3264 qui
1105 3186 1167 3245 sibi
1182 3184 1357 3245 indebitum

226 3274 296 3353 571.
323 3271 371 3330 Ne
385 3267 537 3350 Episcopi
549 3263 593 3323 ad
602 3258 764 3343 bellaper·
916 3266 1018 3323 locum
1035 3268 1244 3348 usurpaverit.

328 3363 411 3432 gant.
463 3345 626 3409 Concessio
650 3340 767 3402 Domni
817 3347 886 3411 588.
919 3344 960 3406 Ut
982 3346 1135 3408 irzuiolata
1152 3359 1359 3428 permaneant

331 3433 443 3494 Karoli
457 3424 672 3510 Imperatoris.
918 3447 995 3512 quae
1034 3428 1157 3488 diuersi
1191 3429 1359 3511 Principes

230 3517 382 3599 3725Eac
391 3514 500 3596 quibus
510 3528 613 3592 supra.
653 3505 768 3564 Sacer·
837 3537 839 3542 ·
890 3515 1101 3570 statuerumt.

333 3597 458 3660 dotibus
473 3590 625 3654 omnibus.
778 3595 781 3602 '
820 3592 891 3676 589.
922 3591 965 3652 Ut
977 3593 1005 3650 si
1017 3593 1175 3653 Ecclesiae
1186 3593 1359 3677 privilegia

234 3684 303 3766 575.
333 3678 509 3760 Eanibus
526 3694 560 3731 su
585 3689 631 3735 ra.
669 3669 769 3731 Gene·
920 3673 1359 3754 alicuiustemeritatesuerint

337 3762 449 3824 naliter
468 3691 620 3818 omnissts.
920 3769 1079 3837 corrupta,
1093 3756 1252 3840 piaculum
1272 3755 1361 3836 quin·

233 3847 304 3929 374,
332 3846 387 3906 Ex
398 3839 632 3922 astibussupra.
674 3833 772 3894 Gene·
921 3859 978 3920 que
997 3838 1147 3899 librarum
1170 3839 1242 3898 astri
1257 3858 1361 3921 poena

338 3925 448 3987 raliter
463 3921 615 3980 saunitas.
924 3921 1080 3980 multetur.

235 4011 306 4093 575.
333 4008 388 4069 Ex
405 4003 514 4085 qulbus
535 4015 640 4082 supra.
670 3997 773 4060 Gene-
823 4003 893 4087 590.
926 4003 968 4064 Ut
983 4023 1060 4086 qttae
1083 4002 1205 4062 diuersi
1231 4001 1361 4060 Princi-

339 4083 610 4150 raliteromniluts.
922 4105 979 4170 pes
998 4096 1188 4153 statuerunt,
1203 4081 1364 4143 uelAnti-

237 4173 306 4254 576.
334 4165 511 4246 Exquiliis
532 4184 636 4259 supra.
655 4163 772 4226 Sacer·
924 4169 1011 4226 scices
1035 4166 1150 4244 singul'
1170 4183 1233 4308 pro
1261 4164 1364 4224 causis

337 4249 463 4312 dotibus
483 4247 634 4309 omntbus.
924 4249 1167 4312 ecclesiasticiso
1188 4249 1363 4316 tinuerunt,

904 1874 1035 1935 douuict'
1050 1877 1261 1954 Ingltiienaim
1274 1897 1351 1960 apo·
1451 1873 1452 1916 l
