2910 4984
506 305 668 372 sonmo
702 289 865 378 oues'rs.

155 475 157 480 -
232 449 328 504 retur.
370 439 426 506 En
444 445 586 512 Concilio
602 449 676 512 Car-

232 523 379 602 thaginis.
660 539 662 544 '

147 623 197 684 7¹·
222 603 272 664 tte
286 606 460 688 Presbyter
478 615 674 678 benedictio-

227 707 300 748 nem
323 693 375 751 ‘vel
392 700 621 780 poenitentiam
639 701 674 759 in

228 769 375 836 Ecclesia
389 777 468 841 dare
482 793 673 864 praesumat.

147 870 196 932 72.
223 853 352 919 Iudicio
380 861 595 926 multitudinis
623 885 674 926 or·

229 935 410 1082 eginationes
421 943 507 1030 fieri
527 969 593 1010 non
613 947 672 1008 de·

253 1043 316 1090 ere.

147 1100 197 1181 73.
225 1102 264 1164 Si
280 1109 337 1190 qui
350 1107 468 1175 Clerici
484 1113 524 1176 ab
539 1113 673 1199 Episco-

226 1188 280 1269 pis
293 1193 359 1252 suis
369 1198 513 1278 promoti
518 1210 675 1278 contemp·

230 1272 342 1346 serint,
359 1297 417 1338 neo
434 1279 502 1341 illic
528 1293 674 1341 maneant

231 1352 315 1414 unde
336 1359 486 1422 recedere
503 1363 674 1424 noluerint.

232 1431 289 1498 Eoc
304 1437 446 1504 Concilio
464 1444 674 1527 Carthaginis.

147 1516 197 1595 74.
225 1515 282 1580 Eoo
299 1520 445 1586 Decretis
462 1529 574 1611 Papae,
597 1530 674 1590 Gre-

181 1605 184 1612 '
227 1603 463 1680 goriiiunioris.
479 1611 672 1678 Deincestis.

147 1678 197 1760 75.
225 1684 308 1746 Item
316 1686 357 1748 de
369 1691 507 1754 incestis.
528 1695 674 1781 Exepis·

157 1772 161 1781 '
229 1767 305 1828 tolis
320 1769 470 1851 Gregorii
487 1778 596 1860 Papae
613 1780 674 1839 Bo-

227 1847 673 1937 nifacioMogontiaeArcbt'e·

177 1964 179 1967 ·
225 1934 359 2020 piscopo
376 1942 514 2002 missis..

146 2010 196 2094 76.
225 2014 276 2075 De
301 2036 496 2086 sacramento
523 2025 670 2087 catecbu·

228 2102 329 2162 menis
342 2125 408 2166 non
424 2105 534 2168 dando
553 2111 587 2169 in
599 2109 670 2170 die-

228 2180 285 2242 bus
306 2183 498 2250 solemnibus
518 2191 668 2254 Pascbne.

137 2280 193 2344 ³77.
214 2263 333 2326 Deliis
353 2272 410 2350 qui
431 2273 505 2334 solo
519 2276 668 2340 convivio

136 2389 139 2392 .
227 2345 399 2412 Gentilium
413 2353 461 2415 vel
468 2359 548 2417 escis
561 2359 670 2421 immo-

226 2429 339 2492 latitiis
352 2437 491 2503 usisunt.
511 2439 672 2524 Autquod
722 2450 724 2459 ’

225 2512 260 2571 tu·
276 2517 332 2598 qni
349 2517 522 2582 bomicidia
535 2524 589 2584 uel
605 2527 670 2586 alia

224 2598 376 2676 copitalia
396 2599 584 2686 perpetrant
596 2607 668 2690 fla-

224 2680 318 2758 gitia,
336 2703 400 2745 non
416 2688 480 2746 nisi
490 2709 550 2768 per
565 2689 670 2774 publi·

225 2781 295 2822 cam
313 2768 542 2848 poenitentiam
562 2776 671 2834 sanari

222 2861 367 2926 possunt.

144 2923 192 3006 78.
221 2926 275 2986 De
296 2929 524 3010 familiaritate
563 2950 670 3000 extra·

223 3028 352 3073 nearnm
369 3017 544 3086 mulierum.
589 3040 590 3043 ’

144 3107 193 3170 79.
222 3089 271 3150 Ne
288 3096 433 3158 mulieres
445 3107 670 3166 monasterium

218 3173 414 3246 'Monacluon
438 3182 668 3262 ingrediantur.

143 3255 194 3316 80.
228 3253 269 3316 Ut
283 3262 429 3322 omnibus
445 3271 630 3346 vespertinis
639 3285 669 3331 ct

221 3343 386 3403 matutinis
424 3347 512 3406 boris
557 3349 669 3415 Oratio

223 3421 394 3488 Dominica
412 3427 546 3498 dicatur.

140 3501 192 3565 81.
220 3504 332 3567 Deliis
348 3512 404 3591 qui
412 3513 475 3574 sibi
486 3533 669 3599 quacunque

222 3592 413 3670 negligentia
439 3607 572 3656 mortem
590 3599 670 3682 inse·

225 3685 311 3750 runt,
327 3687 670 3745 uteorumcommemo-

223 3757 306 3815 ratio
316 3758 349 3816 in
358 3758 517 3820 oblatione
527 3783 590 3823 non
590 3759 668 3848 fiat.

213 3835 383 3918 ¹Similiter
395 3854 425 3901 ct
440 3841 479 3902 de
488 3843 537 3903 bis
547 3849 603 3927 qui
606 3869 668 3932 pro

223 3920 289 3979 suis
305 3923 476 3986 sceleribus
482 3930 670 4009 puniuntur.

140 3997 192 4060 82.
219 4001 270 4061 De
285 4005 384 4065 uerbo
400 4008 514 4069 otioso.

141 4081 192 4147 83.
220 4082 269 4144 De
285 4105 321 4181 elo
337 4088 392 4170 qui
406 4089 564 4153 bominem
578 4115 670 4178 perc·

225 4179 327 4228 merit.

147 4246 198 4324 84.
226 4249 280 4310 Dc
306 4258 483 4318 sartatectis
511 4256 672 4321 Ecclesia·

830 453 996 542 rnm'quae
1013 473 1056 522 esc
1075 463 1167 526 donis
1179 469 1273 548 ‚fiunt

830 539 948 600 eisdem
963 545 1108 622 conlatis,
1135 553 1272 636 ntinpo·
1339 558 1341 566 '

830 634 941 684 testate
961 623 1113 714 Episcopi
1128 634 1270 696 recoccn—
1335 655 1340 684 t

829 716 882 765 tur
904 723 1105 790 quaecunque
1125 717 1269 796 conliga-

824 785 1000 868 tasuerint

743 865 793 935 85.
812 868 869 930 tte
885 869 1121 952 Presbyterum,
1148 881 1269 943 Diaco-

827 973 925 1032 num,
944 969 1000 1018 aut
1025 959 1183 1024 Clericnm
1205 965 1267 1024 ali-

825 1047 917 1118 quem
924 1037 1008 1100 ullus
1023 1043 1267 1107 Iudeocsecnla·

826 1121 872 1178 ris
887 1121 1003 1204 absque
1013 1135 1166 1187 consensu
1175 1129 1268 1212 Epis-

825 1203 965 1284 ‘copisui
981 1204 1163 1288 distringat.

743 1280 794 1347 86,
821 1284 872 1344 De
888 1283 1031 1362 libertis,
1056 1303 1091 1350 ut
1114 1293 1133 1352 b
1158 1291 1269 1354 Sacer·

827 1367 955 1430 dotibus
975 1371 1191 1454 defensentur.

743 1444 793 1530 87.
822 1449 872 1510 Ne
899 1453 1014 1536 aliquis
1041 1456 1181 1552 Clericus
1202 1481 1264 1542 pro

826 1551 1011 1618 quacunque
1028 1557 1192 1599 occasione
1204 1563 1264 1602 eoc-

824 1627 967 1678 traneam
977 1621 1143 1680 mulierum
1153 1623 1187 1682 in
1200 1623 1262 1683 do·
1296 1680 1299 1687 .

825 1717 950 1761 mosao
972 1702 1095 1764 babeat.
1159 1731 1162 1738 ¹

743 1776 793 1840 88.
820 1780 870 1839 De
891 1781 1012 1844 uiduis.
1054 1783 1111 1846 Ex
1131 1790 1267 1871 'epistola

825 1863 910 1924 beati
923 1865 1072 1946 Gregorii
1086 1871 1193 1952 Papae
1207 1873 1268 1932 Βο-

825 1944 945 2024 nifacio'
985 1943 1262 2038 ‘Arcbiespiscopo

825 2047 931 2090 missa.
1123 2079 1125 2084 .
1236 2071 1238 2074 ·

740 2109 790 2191 89.
817 2109 867 2170 De
894 2110 1025 2197 decimis
1046 2134 1125 2196 quac
1145 2115 1264 2192 ¹Eccle-

822 2193 879 2252 siis
896 2195 1026 2268 dantur,
1043 2217 1081 2256 ne
1106 2219 1160 2258 eas
1172 2201 1267 2260 Pre's·
1295 2257 1296 2263 ,

821 2276 925 2350 bytcri
954 2277 1094 2340 vendere
1132 2303 1267 2364 praesu·

818 2372 914 2424 mant.
951 2384 953 2388 ·
1218 2375 1219 2382 ’

739 2459 789 2520 9ο.
820 2439 870 2499 De
880 2445 1074 2526 pauperibus
1095 2445 1267 2523 bPresby-

826 2526 903 2582 teris
918 2527 1115 2606 colligendis.

741 2611 791 2686 9¹·
819 2604 869 2664 De
885 2609 1030 2690 praediis
1041 2628 1121 2692 qaae
1134 2611 1267 2688 Presby-

825 2689 887 2747 teri
915 2703 990 2774 post
1033 2692 1269 2778 ordinationem

824 2775 912 2831 suam
930 2771 1077 2835 emerint.

741 2872 790 2935 92.
823 2850 865 2914 Ut
877 2855 1061 2935 Presbyteri
1074 2855 1119 2918 ad
1133 2870 1269 2920 tractan-

823 2933 867 2998 da
892 2959 1002 3000 eorum
1026 2941 1203 3000 ministeria
1225 2942 1271 3002 nd

826 3019 988 3082 ciuitatem
1011 3023 1144 3086 ueniant.

740 3101 791 3180 93.
818 3101 868 3162 De
884 3106 933 3164 tis
944 3107 999 3189 qui
1014 3109 1268 3176 communicatae&

825 3186 901 3264 rint,
924 3201 958 3247 ut
976 3188 1077 3250 tribus
1091 3189 1180 3248 boris
1197 3211 1268 3250 sus·

821 3269 1024 3350 pendantur,
1054 3283 1190 3353 propter
1206 3275 1270 3336 cibi

821 3354 1089 3414 commixtionem.

740 3433 799 3512 94.
817 3433 867 3493 De
893 3433 1108 3516 satisfactione
1130 3428 1268 3522 cotidia-

823 3535 864 3574 na
885 3516 1103 3579 Sace'rdotum.

740 3597 792 3675 95.
820 3599 870 3660 De
890 3622 926 3661 eo
946 3601 1087 3681 quisine
1109 3621 1264 3662 consensu

823 3681 977 3782 Episcopi
992 3683 1218 3759 Presbyterum
1228 3686 1269 3745 de

824 3766 968 3826 Ecclesia
987 3765 1114 3838 eiecerit
1134 3767 1182 3825 vei
1199 3767 1279 3851 con·'

824 3850 973 3909 stituerit.
1258 3863 1263 3875 ‘

741 3927 791 4010 96.
820 3930 1033 3992 DeEcclcsiis
1047 3931 1270 3994 interberedes

825 4013 951 4078 diuisis.
1009 4039 1012 4046 ¹

741 4114 791 4179 97.
820 4097 869 4158 De
883 4093 1097 4158 destructione
1114 4095 1270 4160 Ecclesia-

828 4200 905 4240 rum.

741 4261 791 4344 98.
821 4262 869 4324 Nc
897 4261 936 4322 de
969 4283 1077 4330 manso
1107 4263 1270 4330 Ecclesiae
