2948 4990
536 305 650 364 cissa
687 303 842 374 sursus.
1188 289 1260 366 653

129 455 195 520 lius
213 447 375 517 Ecclesiae
391 446 588 510 utilitatibus.
629 445 751 530 Siquis
766 459 870 517 eutem
890 447 1049 520 eminete,
1080 437 1168 530 paud
1180 447 1266 534 fieri

130 537 314 602 nullatenus
332 530 441 604 credo,
464 529 644 602 abstulerit,
676 529 731 590 sub
751 549 856 610 poena
881 533 1041 612 sacrilegii
1056 551 1098 591 ex
1118 533 1175 590 boc
1194 534 1265 594 Do-

132 620 219 682 mino
239 618 327 694 Deo,
360 614 411 676 cui
437 633 488 672 eas
509 611 613 694 offero
638 622 729 694 atque
756 610 890 685 dedico,
917 613 1166 674 districtissimas
1190 614 1266 675 red-

133 701 193 764 dat
213 698 360 761 rationes.
393 694 491 757 Ponit
508 695 605 764 etiam
622 693 655 753 in
674 715 711 756 ea
732 692 808 758 alias
828 695 1076 770 coniurationes,
1093 717 1172 776 quas
1190 718 1268 758 enu-

133 801 259 845 merare
281 781 416 860 longum
430 785 487 838 est.
509 776 589 838 Nam
606 775 663 858 qui
684 796 737 836 eas
755 775 830 838 inde
850 787 960 860 postea
981 779 1095 854 aufert,
1111 778 1190 858 quid
1204 779 1269 860 agit

135 863 199 926 nisi
222 860 448 943 sacrilegium?
475 860 510 922 Si
533 869 609 942 ergo
629 857 730 919 amico
753 859 918 943 quippiam
936 881 1048 942 rapere
1068 861 1190 920 furtum
1211 870 1268 940 est,

133 945 306 1018 Ecclesiae,
325 965 401 1010 vero
419 943 569 1003 fraudare
588 941 641 1002 vel
668 942 796 1001 anferre
820 942 1046 1006 indubitanter
1066 943 1270 1026 sacrilegium

134 1038 196 1093 est.
238 1026 332 1088 Unde
351 1035 383 1086 et
407 1025 441 1085 in
459 1022 764 1098 sacrisscanonibus
786 1023 911 1107 Spiritu
928 1024 991 1086 Dei
1015 1025 1153 1088 conditis
1173 1026 1272 1088 habe·

135 1122 192 1175 tur
220 1110 283 1176 itai
311 1103 435 1190 Siquis
457 1107 629 1169 oblationes
648 1105 808 1182 Ecclesiae
824 1120 919 1171 aratra
935 1107 1117 1187 Ecclesium
1129 1111 1271 1194 accipere

135 1195 193 1257 uel
207 1192 287 1252 dure
310 1190 590 1275 uolueritpracter
612 1187 765 1274 Episcopi
788 1191 1029 1266 conscientium,
1052 1191 1106 1250 vel
1128 1193 1193 1252 eius
1220 1191 1273 1253 cui

138 1270 357 1340 huiuscemodi
374 1285 446 1332 suut
461 1268 577 1356 officia
591 1272 768 1344 commiss-e,
784 1293 840 1333 nec
859 1293 927 1334 cum
941 1275 1007 1331 eius
1021 1274 1159 1334 uoluerit
1179 1293 1273 1354 agere

137 1355 287 1427 cornilio,
303 1352 469 1416 anathema
485 1355 537 1418 sit.
579 1353 671 1414 Absit
688 1352 773 1414 enim
799 1363 834 1414 ut
856 1374 965 1414 rerum
986 1355 1274 1418 ecclesiasticarum

140 1437 317 1520 eupiditate
336 1437 388 1497 rel
408 1435 569 1497 ablatione
588 1433 734 1531 sacrilegi
755 1446 810 1496 aut
825 1436 990 1497 anathema
1013 1437 1201 1516 efficiamur,
1219 1445 1275 1500 ant

141 1522 260 1582 talibus
275 1519 401 1600 laqueis
423 1539 565 1600 unquam
585 1517 821 1590 devinciamur3
837 1519 990 1598 quoniam
1006 1519 1122 1582 scimus
1143 1520 1275 1582 anathe-

142 1613 244 1665 matos
262 1600 422 1679 homines,
444 1602 495 1662 vel
514 1599 702 1682 sacrilegos,
721 1620 784 1662 non
804 1603 909 1664 solum
931 1601 1075 1680 infames,
1098 1612 1129 1664 et
1152 1603 1170 1662 ir
1193 1624 1274 1664 con-

142 1685 244 1749 sortio
276 1681 440 1761 fidelium,
473 1683 660 1766 priusquam
682 1679 764 1743 haec
798 1704 857 1764 per
891 1683 1054 1766 publicam
1088 1685 1276 1748 satisfactio·

146 1790 222 1830 nem
238 1764 401 1828 Ecclesiae
414 1779 445 1828 et
463 1765 694 1848 Episcoporum
709 1764 1007 1828 reconciliationem
1023 1789 1201 1846 manusque
1218 1767 1275 1827 im·-

145 1849 338 1934 positionem
357 1849 548 1923 emendent,
570 1847 692 1911 alienos
707 1867 786 1925 esse,
808 1848 863 1909 sed
879 1847 1004 1917 etiami
1020 1871 1121 1932 regno
1139 1850 1201 1912 Dei
1221 1871 1276 1910 ex·

147 1943 251 1994 torres
271 1930 357 2008 fieri,
387 1931 461 1992 siin
481 1929 596 1991 talibus
613 1930 801 2006 defecerint,
824 1951 888 1990 non
907 1931 1096 1999 dubitamus.
1138 1935 1180 1992 Ut
1198 1952 1276 2014 ergo

148 2013 252 2076 omnis
272 2012 411 2095 suspicio
429 2013 446 2072 ir
466 2012 557 2074 nobis
573 2011 700 2074 cranctis
717 2009 938 2074 Sacerdotibus
962 2024 994 2073 et
1012 2014 1159 2076 omnibus
1178 2013 1276 2075 Chri-

147 2097 189 2160 sti
209 2105 241 2156 et
258 2105 383 2156 sanctae
406 2093 468 2156 Dei
488 2096 652 2158 Ecclesiae
672 2093 820 2156 fidelibus
838 2095 984 2156 funditus
1003 2099 1177 2174 auferatur,
1198 2119 1277 2178 pro-

147 2181 280 2240 fitemur
302 2198 430 2253 omnes,
451 2177 583 2260 stipulas
605 2177 725 2238 dextris
747 2177 780 2236 in
805 2177 949 2238 manibus
972 2187 1136 2256 tenentes,
1160 2197 1277 2264 easque

148 2259 287 2346 propriis
301 2279 319 2318 e
335 2259 480 2321 manibus
503 2259 668 2337 eicientes,
691 2253 796 2320 coram
818 2261 888 2320 Deo
910 2269 943 2320 et
969 2261 1101 2344 Angelis
1127 2261 1217 2338 eius,
1239 2281 1276 2320 ac

147 2343 241 2406 vobis
262 2341 451 2424 cunctisque
474 2341 697 2404 Sacerdotibus
714 2351 746 2401 et
767 2342 894 2424 populis
913 2341 1202 2419 circumstantibus,
1215 2363 1276 2404 nec

149 2426 227 2487 talia
244 2425 350 2484 facere
360 2469 370 2500 ,
403 2445 464 2484 nec
475 2426 579 2486 facere
595 2423 778 2486 volentibus
792 2424 986 2500 consentire,
1005 2425 1061 2485 sed
1076 2424 1186 2506 magis,
1206 2427 1276 2486 Deo

149 2505 338 2581 auxiliante,
361 2507 518 2571 resistere.
559 2506 671 2567 Ethoc
686 2505 777 2568 vobis
792 2506 1005 2588 omnibusque
1021 2507 1170 2567 fidelibus
1187 2527 1277 2566 sanc·

149 2601 200 2653 tae
216 2586 392 2663 Ecclesiae,
415 2599 446 2650 et
470 2587 602 2661 nostris,
626 2599 735 2650 notum
754 2609 820 2650 esse
840 2587 1004 2670 cupimus,
1026 2589 1113 2668 quod
1133 2587 1276 2649 cumbis

149 2671 208 2756 qui
225 2671 343 2752 absque
364 2671 527 2732 voluntate
545 2681 600 2734 aut
615 2693 770 2732 consensu
794 2671 847 2731 vel
869 2670 997 2732 datione
1019 2672 1165 2733 Rectoris
1188 2671 1278 2732 illius

148 2753 315 2820 Ecclesiae
337 2753 426 2816 cuius
444 2775 496 2815 res
524 2751 605 2815 iuste
630 2775 697 2816 esse
727 2751 910 2829 debentur,
934 2763 967 2813 et
988 2753 1125 2814 maxime
1152 2752 1276 2836 proprii

148 2835 320 2920 Episcopi,
341 2857 392 2898 res
417 2835 581 2898 Ecclesiae
602 2835 620 2894 ir
647 2834 786 2916 Regibus
809 2843 918 2915 petere
942 2843 997 2894 aut
1018 2844 1200 2914 retentare,
1222 2835 1277 2896 vel

153 2920 281 2980 auferre
303 2928 358 2978 aut
375 2920 537 2995 invadere,
559 2918 612 2980 rel
633 2927 752 2980 vastare
774 2916 1057 3000 praesumpserint,
1079 2939 1139 2980 nec
1161 2920 1194 2978 in
1215 2917 1277 2978 ho-
1309 2965 1312 2970 .

147 3011 230 3064 stem
249 3020 309 3060 nec
331 3003 370 3062 ad
391 3023 531 3083 pugnam
553 2999 612 3076 ire,
635 3021 695 3060 nec
713 2999 820 3060 cibum
842 3021 985 3077 sumere,
1009 3021 1069 3060 nec
1099 3002 1138 3062 ad
1160 3000 1278 3062 Eccle-

146 3083 228 3146 siam
250 3079 304 3142 tel
322 3083 363 3144 ad
384 3082 537 3166 palatium
563 3091 618 3142 aut
644 3080 677 3140 in
698 3081 812 3141 itinere
833 3103 986 3166 pergere,
1016 3105 1076 3144 nec
1098 3085 1194 3146 etiam
1215 3105 1276 3142 no-

148 3177 230 3228 stros
253 3159 400 3226 homines
424 3186 625 3226 cumeorum
647 3163 850 3242 hominibus,
873 3175 929 3226 ant
948 3164 1104 3243 caballos,
1127 3167 1179 3230 vel
1198 3165 1269 3226 reli·

149 3253 215 3332 qua
235 3268 350 3329 pecora
369 3269 442 3308 curn
459 3269 571 3309 eorum
586 3245 756 3329 pecoribus
775 3255 829 3305 ant
844 3247 883 3308 ad
897 3257 1021 3330 pastum
1034 3248 1093 3326 ire,
1107 3249 1202 3310 simul
1223 3247 1278 3308 lia·

149 3331 253 3393 bitare
274 3331 327 3391 vel
347 3351 489 3409 manere,
510 3351 570 3390 nec
591 3330 690 3389 ullam
712 3327 991 3412 participationem
1011 3351 1084 3390 cum
1112 3331 1179 3408 eis,
1203 3328 1277 3396 inisi

123 3483 125 3487 ,
149 3435 210 3498 pro
228 3413 469 3489 emendatione,
493 3421 565 3472 ante
593 3410 754 3493 publicam
775 3411 1032 3473 emendationem
1057 3423 1089 3474 et
1111 3415 1276 3475 Ecclesiae

149 3495 410 3572 satisfactionem,
426 3516 569 3576 unquam
583 3494 722 3554 scienter
735 3503 789 3552 aut
806 3494 946 3556 libenter
959 3495 1079 3556 habere
1094 3497 1277 3572 debeamus,

150 3599 193 3639 ne
208 3597 267 3658 pro
289 3597 400 3636 eorum
419 3575 642 3659 iniquitatibus
663 3583 758 3656 atque
776 3575 903 3660 flagitiis
929 3599 992 3636 una
1015 3600 1087 3639 cum
1108 3579 1152 3640 eis
1171 3600 1229 3639 nos
1246 3585 1279 3636 et

150 3657 264 3734 nostri,
286 3659 373 3738 quod
392 3656 482 3736 absit,
505 3679 685 3742 pereamus;
714 3659 830 3720 scimus
853 3659 939 3719 enim
966 3661 1042 3740 qnia
1065 3661 1150 3742 perit
1178 3661 1278 3721 iustus

151 3764 211 3827 pro
231 3739 343 3822 impio·
363 3741 458 3802 Tales
473 3761 549 3800 vero
567 3741 584 3800 b
602 3739 705 3817 no'bis,
725 3740 751 3800 si
769 3750 825 3802 n'os
837 3741 948 3803 fideles
965 3742 1082 3804 habere
1106 3743 1215 3820 vultis,
1232 3764 1279 3804 se·

154 3834 295 3906 gregata,
318 3832 349 3883 et
363 3823 396 3882 in
412 3823 609 3906 ergastulum
627 3821 686 3884 sub
706 3822 835 3904 publica
849 3825 1050 3905 poenitentia
1070 3825 1224 3906 redigite,
1248 3832 1280 3885 et

152 3905 310 3990 postulata
332 3905 511 3966 concedite.
541 3907 582 3966 Ut
602 3926 677 3987 ergo
694 3903 774 3966 haec
795 3906 936 3967 omnini
961 3908 1052 3968 vobis
1078 3917 1109 3967 et
1130 3908 1145 3966 b
1167 3907 1278 3984 nobis,

153 3989 223 4050 sive
246 3987 262 4045 b
284 3987 519 4048 successoribus
546 3988 659 4048 vestris
674 3996 706 4048 et
722 3988 849 4065 nostris,
863 3989 981 4049 suturis
996 3988 1190 4071 temporibus
1208 3989 1280 4050 abs-

155 4091 219 4167 que
235 4068 302 4150 nlla
318 4069 570 4132 dissimulatione
592 4081 835 4146 conserventur,
852 4072 977 4154 scriptis
992 4070 1213 4133 ecclesiasticis
1233 4073 1281 4131 in·

155 4173 261 4213 serere
286 4150 404 4228 iubete,
427 4163 459 4213 et
480 4151 564 4212 inter
584 4162 688 4212 vestra
716 4152 855 4234 capitula
879 4153 1074 4237 interpolare
1095 4154 1279 4234 praecipite.

156 4231 254 4316 Quod
272 4233 316 4292 ita
329 4232 455 4316 surtran
474 4253 539 4294 esse
558 4235 700 4297 omuibus
715 4229 820 4313 liquet.
872 4235 1005 4318 Cupitul.
1030 4236 1122 4299 VIII.
1141 4260 1168 4295 u.
1187 4239 1257 4300 803.
