2910 4984
510 337 668 398 aarum
703 323 892 408 secturus.
1196 313 1267 390 793

140 485 378 582 diligenterque
396 477 566 554 erudiatis,
587 478 682 540 sicuti
704 487 737 542 et
754 477 880 555 facitis,
900 482 933 539 et
948 484 985 538 ut
1008 474 1043 536 in
1070 465 1201 535 mutuae
1216 471 1268 536 di-

140 565 289 630 lectionis
317 563 467 638 caritate,
497 572 529 624 et
550 560 757 623 fraternitatis
788 579 895 621 amore
929 568 1024 640 atque
1047 557 1268 620 unanimitatis

140 647 325 724 concordia,
346 645 486 708 vicissim
506 645 697 722 consistant,
723 643 835 706 sedula
854 651 1051 723 paternaque
1072 641 1268 703 admonitio·

141 753 182 794 ne
209 730 382 799 insistatis;
417 737 450 787 et
472 749 520 788 vne
545 726 678 788 inlicitis
702 726 823 788 actibus
849 725 1009 786 Crantoris
1037 724 1085 785 sui
1114 723 1268 787 offensam
1339 791 1342 808 ⁸

140 816 320 889 incurrant,
342 809 476 894 provida
489 809 664 890 solertique
679 806 965 889 circumspectione
986 805 1198 868 nihilominus
1214 809 1267 868 in·

139 894 297 978 vigiletis;
319 893 521 954 attendentes
542 888 671 952 beatum
693 892 760 968 loh,
784 891 876 952 cuius
896 889 1061 966 studium,
1093 899 1127 951 ut
1153 889 1267 952 heatus

140 977 316 1060 Gregorius
341 976 374 1036 in
407 975 582 1036 Moralibus
605 973 710 1036 Libris
730 974 874 1057 scripsit,
902 973 987 1035 circa
1012 973 1094 1034 filios
1116 972 1268 1034 erudien-

140 1063 197 1122 dos
215 1060 280 1120 tale
303 1058 427 1134 extitit,
458 1067 580 1118 utnon
608 1058 713 1118 solum
733 1079 786 1119 eos
808 1056 948 1118 exterius
983 1057 1143 1140 perfectos
1168 1077 1266 1136 opere

140 1153 174 1203 et
188 1163 334 1204 sermone
357 1141 511 1216 efficeret,
531 1162 643 1207 verum
665 1140 759 1201 etiam
772 1161 883 1202 eorum
901 1137 997 1200 eorda
1015 1137 1165 1200 sacrificii
1179 1137 1267 1200 obla·

138 1225 227 1284 tione
252 1224 431 1288 mundaret.
471 1221 635 1284 Attendite
663 1223 758 1284 etiam
788 1231 821 1284 et
841 1221 948 1284 David
963 1221 1182 1282 ‘instruentem
1206 1223 1266 1283 Sa-

138 1306 300 1367 lomonem
313 1305 416 1365 filium
428 1325 531 1381 suum,
545 1305 584 1366 de
598 1327 663 1386 quo
681 1305 714 1364 in
732 1305 835 1388 primo
851 1305 934 1366 libro
944 1303 1115 1366 Malachim
1129 1303 1273 1385 legitura'

138 1389 218 1467 Ego,
234 1387 352 1468 inquit,
375 1387 539 1468 ingredior
557 1389 644 1447 uiam
663 1389 824 1450 universae
846 1401 958 1449 terrae.
1002 1387 1219 1467 Consortare,
1234 1399 1273 1448 et'

138 1483 204 1530 esto
224 1469 379 1550 virfortis
388 1515 400 1542 ,
425 1483 455 1530 et
474 1471 604 1532 observa
625 1470 783 1533 custodias
801 1469 934 1531 Domini
957 1471 1021 1530 Dei
1043 1471 1107 1542 tui,
1139 1483 1174 1531 ut
1200 1493 1264 1531 am-

138 1552 224 1614 bules
242 1553 276 1612 in
289 1554 346 1612 viis
367 1555 447 1624 eius,
469 1565 501 1612 ct
524 1551 682 1614 custodias
703 1554 894 1616 ceremonias
914 1554 980 1613 eius
1001 1566 1031 1614 et
1051 1551 1264 1628 iudiciarias,

138 1647 169 1694 et
187 1648 357 1718 praccepta
379 1649 409 1696 et
433 1636 628 1707 testimonia,
652 1638 734 1696 sicut
755 1637 904 1718 scriptum
929 1638 1027 1697 estin
1051 1635 1118 1712 lege
1146 1637 1263 1714 Moysi.

136 1717 180 1778 Et
200 1716 233 1775 in
259 1716 343 1778 libro
363 1717 647 1799 Paralipomenona
678 1719 728 1780 Tu
746 1731 866 1795 autam,
889 1716 1039 1790 Salomon
1051 1714 1114 1800 fili
1132 1720 1187 1797 mi,
1205 1720 1272 1778 sci-¹

138 1811 170 1860 to
193 1800 294 1858 Deum
311 1801 414 1884 patris
434 1801 500 1872 tui,
536 1813 566 1860 et
584 1802 672 1860 servi
696 1802 726 1859 ei
750 1798 846 1862 corde
865 1800 1006 1884 perfecto
1027 1813 1058 1862 et
1080 1801 1193 1874 ,anima
1207 1821 1264 1862 uo-

138 1881 287 1945 luntario.
326 1881 493 1943 Attendite
523 1881 619 1942 etiam
642 1882 745 1961 Tobi,
780 1882 819 1943 tle
846 1903 918 1964 quo.
934 1882 1054 1964 legitur
1077 1882 1165 1962 quod
1189 1904 1264 1944 cum

137 1963 238 2022 faetus
260 1973 342 2025 esset
363 1965 424 2042 vir,
446 1965 570 2046 accepit
592 1986 725 2026 uxorem
746 1965 873 2025 Annam
895 1983 938 2036 ex?
956 1965 1044 2026 tribu
1067 1986 1135 2039 sua,
1157 1970 1190 2026 et
1211 1987 1264 2048 ge-

138 2043 209 2103 nuit
229 2067 270 2106 ex
292 2067 327 2106 ea
350 2047 462 2125 lilium,
485 2069 601 2109 nomen
621 2069 714 2108 suum
727 2047 894 2130 imponens
918 2047 960 2126 ei,
982 2071 1078 2130 quem
1097 2045 1137 2107 al)
1158 2047 1271 2108 infan·'

136 2127 180 2186 tia
201 2127 312 2188 timere
332 2132 437 2190 Deum
455 2131 574 2207 docuit,
597 2140 628 2190 et
645 2130 803 2191 abstinere
827 2129 866 2190 ab
885 2131 973 2191 omni
994 2141 1136 2216 peccato.
1178 2131 1264 2194 Item

137 2209 223 2270 idem
245 2211 414 2292 alloquens
433 2213 572 2274 eundem
592 2213 696 2276 filium
712 2236 822 2275 suum:
867 2213 1028 2291 Omnibus,
1052 2213 1174 2296 inquit:
1196 2215 1263 2275 die·

137 2291 193 2351 bus
211 2293 296 2352 vitae
313 2307 383 2354 tuae
401 2295 511 2357 habeto
526 2296 626 2355 Deum
638 2299 670 2356 in
682 2309 795 2368 arcente,
819 2309 848 2355 et
859 2318 935 2356 cane
950 2319 988 2356 ne
1004 2295 1175 2380 aliquando
1188 2318 1263 2383 pec·

136 2387 206 2434 cato
228 2379 421 2450 consentias,
452 2391 482 2439 et
499 2383 731 2460 praetermittas
754 2391 924 2462 praecepta
951 2381 1013 2438 Dei
1042 2380 1152 2443 nostri.
1206 2379 1271 2439 Ex'

136 2457 383 2538 substantiafltua
399 2461 458 2540 sac
480 2461 719 2538 eleemosynam,
742 2474 773 2520 et
790 2461 857 2521 noli
877 2473 1020 2521 auertere
1037 2459 1160 2540 facicm
1176 2463 1262 2521 tuam

136 2539 175 2598 ab
203 2539 268 2599 ullo
294 2563 450 2626 paupere:
481 2547 526 2624 ita
546 2547 630 2604 enim
646 2544 712 2628 fiet
731 2556 765 2603 ut
790 2564 846 2604 nec
877 2544 947 2603 iate
972 2555 1130 2602 avertatur
1154 2543 1262 2624 facies

135 2621 274 2683 Domini.
317 2624 481 2707 Quomodo
500 2629 651 2708 potereris,
673 2631 718 2686 ita
740 2637 804 2687 esto
834 2626 1022 2686 misericors.
1063 2625 1106 2684 Et
1126 2635 1261 2693 caetera,
1328 2652 1329 2658 ¹

135 2703 218 2765 item
247 2706 450 2790 paulopost:
478 2709 614 2770 Attende
644 2711 722 2780 tibi,
744 2703 823 2790 fili,
852 2709 889 2769 ab
918 2707 1003 2769 omni
1021 2705 1259 2787 fornicatione,

135 2799 166 2845 et
184 2800 311 2868 praeter
324 2793 457 2851 umorem
469 2804 554 2852 tuam
570 2813 763 2875 nequaquam
777 2791 911 2872 patiaris
931 2792 1049 2850 crimen
1070 2792 1160 2851 scire.
1202 2791 1262 2850 Su-

134 2870 275 2950 perbiam
298 2893 455 2955 nunquam
475 2876 509 2934 in
538 2886 591 2934 tuo
613 2895 704 2934 sensu
729 2886 782 2933 ant
810 2874 844 2932 in
871 2871 967 2934 corde
998 2870 1158 2934 dominari
1208 2895 1261 2934 er-

111 2967 113 2971 ’
136 2953 259 3012 mittas.-
282 2973 324 3011 ccc
337 2953 407 3037 ipsa
428 2958 511 3017 enim
530 2957 653 3014 initiam
669 2954 800 3038 sumpsit
815 2956 915 3014 omnis
928 2953 1079 3038 perditio.
1100 2957 1141 3017 Et
1161 2897 1259 3036 iiim,

137 3053 202 3091 non
233 3043 304 3113 post
330 3036 447 3096 multa:
477 3038 647 3097 Consilium
662 3058 785 3122 semper
808 3037 827 3096 ia
850 3035 990 3122 sapiente
1012 3041 1260 3122 perquirc„om-

136 3114 171 3172 ni
199 3127 335 3196 tempore
359 3119 487 3181 benedic
507 3120 597 3190 Deo,
621 3132 651 3178 ct
671 3134 742 3203 pate
766 3120 804 3180 ab
828 3141 864 3180 eo
891 3132 925 3180 ut
947 3122 1010 3180 vias
1032 3133 1100 3180 tuas
1128 3123 1258 3204 dirigat,

137 3207 167 3254 et
184 3199 288 3257 omnia
305 3200 437 3260 consilia
452 3215 505 3262 tua
525 3204 559 3260 in
572 3203 649 3285 'ipso
661 3215 875 3281 permaneant.
917 3201 1000 3262 item
1022 3203 1126 3266 idem:
1153 3205 1259 3266 Audi·

137 3291 166 3337 te
187 3299 272 3357 crgo,
285 3279 359 3363 filii
381 3285 455 3356 mei,
478 3298 602 3367 patrem
625 3297 784 3352 vestrum
812 3284 929 3344 servite
951 3285 1088 3347 Domino
1116 3288 1150 3347 in
1170 3293 1260 3351 ueri·
1358 3301 1362 3308 '

137 3373 200 3420 tate
224 3374 254 3421 ct
267 3363 416 3444 inquirite
435 3379 468 3426 ut
477 3365 610 3446 faciatis
632 3387 710 3450 quae
732 3378 804 3426 sunt
822 3366 942 3450 placita
957 3368 1018 3438 itta
1040 3381 1070 3429 et
1082 3369 1170 3452 filiis
1191 3395 1260 3432 aes·

137 3445 196 3503 tris
219 3445 364 3506 mandate
392 3460 427 3508 ut
445 3448 572 3529 saciant
591 3451 726 3510 iustitias
748 3463 779 3510 ct
807 3451 1038 3528 eleemosynas,
1076 3464 1106 3511 ct
1131 3465 1165 3514 at
1195 3457 1259 3516 sint

137 3546 288 3587 memores
310 3528 384 3602 Dei,
407 3542 437 3590 et
459 3529 644 3592 benedicant
669 3534 943 3604 carnotanam·
964 3546 1102 3615 tempore
1121 3536 1156 3596 in
1175 3541 1258 3597 oeri-

136 3621 199 3668 tate
224 3611 308 3669 etin
329 3623 395 3672 tota
422 3615 533 3673 virtute
557 3635 623 3681 siaa,
664 3613 720 3676 His
742 3614 888 3675 omnihus
909 3615 1112 3699 praelibatis,
1147 3631 1258 3680 notes·

135 3689 238 3752 cimus
263 3694 353 3755 vobis
377 3696 464 3777 quod
485 3715 622 3776 eaquae
642 3697 675 3756 in
695 3697 853 3780 Capitulis
874 3699 988 3760 vestris
1011 3698 1103 3760 nohis
1118 3708 1259 3762 tractan-

137 3772 176 3831 da
197 3776 407 3854 commisistis,
430 3777 555 3840 scilicet
572 3779 652 3859 quid
672 3779 907 3862 iPrincipibus
929 3791 961 3841 et
980 3781 1108 3861 reliquo
1125 3784 1260 3868 populo,

138 3855 190 3914 rel
217 3855 260 3914 ita
283 3869 318 3918 ut
341 3859 451 3920 divina
474 3863 645 3923 auctoritas
668 3863 781 3924 doceat
807 3873 863 3922 aut
891 3861 985 3923 aliter
1006 3874 1180 3944 teneatur,
1209 3867 1264 3928 vel

127 3935 216 4016 quid
242 3939 316 4001 iude
339 3963 379 4002 ex
396 3953 486 4024 parte
517 3952 571 4002 aut
590 3948 638 4006 'ex
657 3954 724 4005 toto
745 3945 910 4006 dimissum
937 3945 979 4006 sit
1003 3955 1039 4005 ut
1065 3968 1131 4006 non
1153 3957 1264 4009 tenea·

137 4025 200 4095 tur,
223 4020 361 4083 fatemur
383 4025 458 4105 quia
483 4023 591 4088 in'his
620 4026 776 4110 Capitulis
806 4049 889 4108 quae
916 4027 1063 4110 superius
1091 4031 1265 4092 continen-

136 4108 200 4176 tur,
227 4123 354 4166 necnon
378 4118 412 4168 et
437 4108 471 4171 in
496 4107 545 4172 his
572 4131 654 4195 quae
674 4109 835 4194 praesenti
858 4131 943 4172 anno
965 4110 1136 4192 conscribi,
1157 4108 1191 4175 ¹et
1207 4137 1266 4202 per

143 4237 444 4256 u--n-—u———n—-n

170 4281 197 4352 t)
217 4283 253 4342 at.
273 4301 332 4338 mss.
351 4285 446 4342 Derim.
