2926 4984
536 317 650 386 nnus
688 313 870 393 orturus.
981 285 986 292 ¹
1193 313 1266 385 545

132 461 489 551 faede-interficiatur.
531 461 565 532 Si
586 481 693 532 autem
714 490 779 530 non
802 467 913 546 fuerit,
936 465 1164 533 dominuseius
1180 471 1268 533 iuxta

133 558 226 639 quod
246 555 415 635 wirgildus
436 553 526 614 illius
547 566 610 630 est,
633 553 674 614 ad
694 551 873 614 Ecclesiam
894 552 1074 636 persolvat,
1096 563 1152 614 aut
1173 576 1268 633 eum,

133 641 163 700 si
185 638 347 713 voluerit,
369 636 474 698 eidem
493 635 658 698 Ecclesiae
681 635 794 696 tradat.
839 637 887 695 De
909 633 1127 697 ecclesiastico
1156 647 1189 697 et
1216 639 1268 697 lis-

136 722 245 782 calino
268 730 302 781 et
320 717 527 780 beneficiario
548 739 662 796 servo,
692 716 842 780 volumus
869 725 905 776 nt
931 737 990 799 pro
1016 739 1080 779 unu
1102 719 1173 780 vice
1194 721 1270 781 wir-

137 803 246 886 gildus
269 803 337 863 eius
357 821 416 882 pro
438 823 476 862 eo
505 810 733 882 componatur;
763 801 864 860 altera
893 799 965 860 vice
996 799 1063 882 ipse
1091 822 1203 863 servus
1232 806 1271 861 ua'

137 885 336 967 supplicium
364 881 515 943 tradatur.
572 883 739 944 Hereditas
768 892 873 943 tamen
903 880 999 941 liberi
1025 879 1184 959 hominis,
1214 885 1270 966 qni

131 978 273 1050 ,propter
294 967 357 1026 tule
379 966 507 1026 facinus
530 965 569 1026 ud
591 976 727 1026 mortem
748 963 1036 1042 sueritiutlictitus,
1059 966 1099 1026 ad
1114 966 1276 1047 legitimos

137 1051 277 1116 heredes
298 1048 387 1108 illius
410 1047 588 1129 perveniat.
640 1047 675 1108 Si
697 1048 731 1106 i‘n
754 1048 834 1108 atrio
855 1046 1023 1122 Ecclesiae
1058 1048 1150 1108 cuius
1181 1059 1273 1130 porta

136 1131 300 1213 Reliquiis
323 1131 719 1206 Sanctorumcousecrata
752 1140 819 1207 est,
848 1127 1034 1190 huiusmodi
1062 1129 1275 1191 homicidium

135 1223 356 1296 perpetratum
376 1212 495 1290 fuerit,
527 1212 624 1273 simili
645 1211 741 1273 modo
763 1213 953 1274 emendetur
968 1212 1031 1272 ‘'vel
1054 1223 1274 1295 componatur.

137 1297 175 1356 st
196 1316 273 1355 vero
295 1305 386 1376 porta
406 1295 570 1356 Ecclesiae
593 1316 658 1355 non
682 1303 729 1354 est
750 1304 944 1370 consecratu,
967 1314 1005 1354 co
1026 1295 1122 1356 modo
1143 1311 1274 1377 compo-

135 1388 237 1436 natur
258 1377 345 1457 quod
366 1377 399 1435 in
423 1378 503 1435 atrio
526 1376 751 1454 committitur,
782 1377 867 1438 sicut
887 1377 1037 1457 componi
1060 1377 1158 1439 dehet
1185 1376 1275 1460 quod
1338 1448 1341 1454 y

137 1460 175 1518 in
199 1459 372 1520 emunitate
397 1459 512 1520 violatu
534 1458 753 1520 committitur.
796 1458 902 1544 Supra
921 1458 992 1526 Lib.
1013 1458 1074 1525 IV.
1094 1477 1120 1522 c.
1147 1461 1193 1525 ibt
1294 1504 1297 1508 -

319 1589 374 1654 De
393 1591 519 1648 iniuriis
539 1579 800 1650 Sacerdotumt'n
825 1587 977 1648 Ecclesiis
990 1577 1100 1669 factis,

138 1748 142 1754 .
226 1689 398 1755 'ccxxxt
441 1693 613 1776 Sanguinis
635 1693 748 1755 effusio
771 1693 960 1756 inEcclesia
979 1694 1062 1754 fucta
1084 1704 1158 1755 cunt
1180 1689 1275 1772 iuste,

142 1779 168 1842 si
193 1777 365 1858 Presbyter
393 1776 510 1854 fucrit,
542 1777 640 1857 triplo
672 1786 902 1858 componatur,
931 1777 1012 1836 duae
1043 1785 1149 1857 partes
1171 1776 1278 1838 eidem

140 1860 352 1940 Presbytero,
375 1858 501 1918 tertiam
522 1880 581 1940 pro
603 1859 695 1919 fredo
717 1862 757 1918 ad
777 1858 971 1935 Ecclesiam,
994 1856 1128 1939 insuper
1149 1868 1181 1919 et
1201 1859 1287 1919 han-‘

141 1964 205 2002 nus
230 1952 345 2002 noster.
387 1941 545 2001 Similiter
566 1941 605 2000 de
626 1942 770 2001 Dialeono
794 1940 882 2000 iuxta
903 1961 993 2000 suam
1012 1941 1278 2022 compositionem

140 2025 243 2104 triplo
264 2022 480 2106 persolvatur,
502 2033 534 2082 et
555 2022 688 2103 insuper
708 2024 833 2082 bannus
857 2034 975 2084 noster.
1019 2017 1178 2085 Similiter
1190 2032 1222 2082 et
1235 2024 1277 2084 de

142 2101 212 2166 ictu
234 2106 303 2165 sine
326 2105 491 2186 sanguinis
513 2104 684 2180 effusione,
709 2106 748 2165 de
769 2104 1025 2186 uniuscuiusque
1048 2105 1162 2190 ordine
1178 2106 1280 2165 Cleri-¹

143 2209 258 2258 corum
280 2187 458 2246 secundum
480 2209 569 2246 suam
592 2187 857 2267 compositionem
877 2189 994 2268 triplo,
1016 2195 1049 2246 et
1068 2187 1194 2247 bannus
1217 2208 1279 2248 no·
1336 2229 1339 2234 -

143 2280 219 2332 ster.
261 2269 303 2328 Et
323 2269 380 2347 qui
403 2290 467 2329 non
491 2269 587 2328 habet
608 2271 695 2330 unde
717 2269 756 2328 ad
776 2270 955 2330 Ecclesiam
976 2271 1153 2352 persolvat,
1176 2271 1280 2331 tradat

143 2373 178 2414 se
201 2352 235 2409 in
258 2351 426 2411 servitium
457 2351 562 2412 eidem
583 2351 747 2412 Ecclesiae
774 2343 979 2432 usquedum
1006 2359 1110 2411 totum
1134 2349 1279 2414 debiturn

143 2431 316 2518 persolvat.
358 2429 442 2498 Ibid.
464 2447 490 2494 c.
518 2432 561 2509 ¹4·

393 2539 438 2598 De
458 2539 561 2598 viduis
581 2544 611 2600 et
635 2521 767 2625 pupillis
787 2552 818 2600 et
835 2537 1036 2622 pauper-ibat.

231 2638 415 2709 ccxxxii,
457 2634 603 2721 Viduae,
624 2645 761 2729 pupilli,
788 2653 821 2704 ct
840 2664 997 2727 pauperes
1017 2641 1278 2726 quandocunque

145 2724 181 2784 ia
196 2725 328 2784 mallum
341 2737 413 2787 ante
425 2719 583 2787 Comitem
598 2728 760 2806 venerint,
782 2728 885 2809 primo
900 2747 1011 2786 eorum
1025 2748 1118 2786 causa
1133 2726 1281 2786 audiatur

147 2815 182 2866 et
204 2807 386 2872 definiatur.
428 2809 471 2869 Et
491 2809 515 2869 si
538 2819 634 2871 testes
657 2827 716 2893 per
737 2831 771 2870 se
793 2809 832 2870 ad
854 2824 962 2869 causas
984 2830 1054 2868 suas
1077 2809 1278 2888 quaerenda·

147 2888 269 2948 hahere
293 2910 357 2947 non
379 2891 562 2972 potuerint,
585 2895 637 2953 vel
659 2895 763 2974 legem
785 2892 979 2968 nescierint,
1002 2911 1108 2950 comes
1130 2891 1202 2952 illos
1225 2894 1276 2952 rel

148 2971 222 3030 illas
242 2968 389 3052 adjuvet,
413 2973 518 3033 dando
541 2974 585 3034 eis
606 2976 703 3036 talem
724 2974 888 3056 bominem
911 2972 968 3054 qui
989 2971 1147 3033 rationem
1168 2994 1279 3036 eorum

148 3061 260 3113 tencat
280 3053 335 3114 vel
355 3075 415 3135 pro
437 3055 482 3116 eis
504 3056 664 3137 loquatur.
706 3056 788 3118 lbid.
810 3072 826 3116 e
864 3055 907 3120 16.

535 3156 585 3221 De
606 3175 698 3246 raptu
720 3161 893 3236 uiduarum.

235 3253 438 3323 CCXXXIII,
490 3265 555 3344 Qui
588 3265 717 3327 'viduam
744 3266 828 3326 intra
848 3265 967 3347 primos
989 3253 1120 3349 triginta
1144 3261 1211 3330 dics
1231 3270 1282 3330 vt:

150 3343 283 3406 diritatis
305 3367 382 3405 suae
406 3344 457 3418 vcl
481 3349 614 3407 invitam
635 3350 688 3409 vel
709 3349 873 3410 volentem
894 3350 953 3422 sibi
977 3342 1282 3432 c0p1.rlave1·it‚ban-

149 3435 231 3487 'num
254 3437 414 3506 nostrum,
438 3429 471 3488 id
492 3440 557 3507 est,
580 3429 699 3492 solidos
720 3432 901 3512 sexaginta,
925 3433 957 3492 in
980 3433 1078 3516 triplo
1101 3447 1282 3516 componete

150 3511 194 3570 Et
208 3509 234 3570 si
258 3509 389 3568 invitam
411 3521 479 3570 earn
501 3513 721 3595 duxit,legem
742 3534 829 3574 suam
851 3515 881 3574 ei
904 3525 1085 3600 componat,
1101 3516 1190 3576 illam
1206 3539 1282 3580 vero

152 3592 291 3652 ulterius
313 3601 377 3652 no'n
400 3594 553 3676 adtingat.
603 3595 687 3656 lbid.
709 3617 734 3666 c,
761 3616 805 3677 ¹7·
1237 3611 1240 3619 “

149 3727 157 3735 ·
212 3691 214 3695 ’
254 3697 303 3754 De
324 3699 448 3757 homine
463 3701 623 3782 publicam
634 3701 859 3781 poenitentiam
876 3715 983 3780 agente
1004 3696 1179 3781 interfecto.

236 3800 439 3893 ccxxxiv,
482 3803 547 3880 Qui
567 3803 732 3866 hominem
752 3806 914 3886 publicam
936 3807 1167 3894 poenitentiam
1191 3820 1286 3888 agen-⁴

152 3889 219 3941 tem
242 3884 461 3962 interfecerit,
483 3886 627 3945 bannum
648 3891 792 3947 nostrum
814 3890 845 3946 in
868 3890 966 3971 triplo
988 3890 1285 3969 componatetw-ir'·

154 3963 279 4043 gildam
299 3966 464 4046 proximus
486 3969 555 4030 eius
575 3971 746 4052 persolvat.
787 3970 871 4032 laid.
894 3994 918 4030 c.
947 3973 995 4036 ι8ἢ
1274 3993 1276 3998 ’

155 4067 201 4128 'Ut
219 4072 319 4130 omnis
345 4073 440 4150 ltonzo¹
457 4073 539 4134 liber
551 4088 735 4157 potestatem
754 4078 865 4137 babeat
882 4078 1053 4160 ubicunque
1074 4077 1211 4138 uoluerit
1236 4085 1285 4138 ret

418 4175 489 4214 satas·
506 4157 582 4216 darc
591 4179 651 4242 pro
666 4159 765 4218 sulcate
785 4161 907 4217 animae
929 4177 1012 4220 suue.

239 4229 426 4323 CEXXXV.
455 4261 488 4321 Si
510 4262 583 4343 quis
605 4283 655 4326 res
677 4283 747 4324 suas
769 4249 951 4342 pro'sulute
975 4265 1099 4324 animae
1119 4281 1209 4336 ruric,
1236 4265 1284 4322 vul
1364 4257 1366 4261 ’
