2948 4990
584 317 700 384 tmen
733 324 889 382 sexsus.
1059 285 1077 308 i
1208 309 1281 384 605

152 457 229 526 laris
253 481 320 524 non
345 465 481 548 amplius
498 487 594 548 quam
620 488 717 528 unam
737 465 857 528 habere
882 463 977 526 dehet
998 485 1150 544 uxorem,
1179 467 1223 528 ita
1249 479 1283 531 et

151 546 377 686 ppulsqnisque
394 550 568 633 Presbyter
585 571 652 615 non
673 549 809 634 amplius
830 569 926 630 quam
938 568 1036 606 unam
1051 547 1170 611 habere
1186 551 1283 614 dehet

184 648 220 686 cc
236 649 343 690 esiam.

192 733 243 793 De
265 735 464 814 Presbyteris
494 735 675 818 degradatis
708 751 738 800 et
761 749 834 819 post
861 735 1119 815 degradationem
1135 738 1241 800 multis

534 823 701 883 sceleribus
722 821 899 901 implicatis.

237 920 383 988 LXXVI.
424 926 607 1010 Presbyteri
642 927 824 1010 degradati,
861 934 892 985 ct
922 934 992 1006 post
1020 924 1282 1007 degradationem

149 1000 262 1064 multis
282 1006 457 1069 sceleribus
474 1010 640 1092 implicati,
662 1013 701 1072 ad
722 1007 956 1094 poenitentiam
974 1007 1136 1090 publicam
1162 1033 1279 1071 secun-

150 1085 231 1146 dum
252 1087 400 1150 Canones
415 1092 613 1173 redigantur.

337 1194 375 1254 Si
387 1196 442 1278 qui
460 1198 560 1257 velint
580 1219 691 1280 aquam
711 1209 924 1260 consecratam
941 1197 1092 1280 accipere.

234 1299 400 1367 LXXVII.
457 1303 553 1380 Quod
573 1303 606 1362 in
623 1303 752 1364 sahhato
770 1313 878 1364 sancto
896 1301 1048 1378 Paschae,
1076 1302 1129 1363 vel
1152 1303 1186 1361 in
1207 1305 1280 1364 sah-

148 1381 227 1442 hato
245 1385 462 1464 Pentecostes,
482 1388 508 1448 si
529 1385 585 1468 qni
610 1387 714 1452 velint
736 1408 851 1468 aquarn
871 1394 1088 1446 consecratam
1108 1385 1148 1444 ad
1170 1408 1279 1467 asper·

150 1465 276 1561 sionem
298 1467 330 1525 in
353 1467 463 1530 domos
491 1489 561 1531 suas
589 1467 754 1552 recipere,
784 1478 856 1529 ante
880 1465 1057 1529 chrismatis
1082 1466 1279 1530 infusionem

150 1558 321 1630 accipiant.
869 1569 871 1573 ·

194 1654 243 1713 De
261 1654 390 1716 Clericis
402 1665 432 1714 ct
447 1655 657 1732 Presbyteris,
679 1656 708 1714 si
721 1654 888 1739 Episcopis
899 1655 963 1714 suis
981 1652 1108 1715 obedire
1123 1653 1236 1730 nolint,

539 1751 572 1797 ut
595 1739 911 1799 excommunicentur.

232 1838 415 1906 LXXVIII.
457 1842 577 1904 Clerici
600 1852 631 1902 et
652 1841 784 1923 populi,
805 1841 831 1901 si
852 1839 1018 1924 Episcopis
1039 1838 1106 1903 suis
1122 1842 1278 1905 canonice

151 1921 283 1984 obedire
303 1924 479 2004 noluerint,
504 1926 835 1989 excommunicentur.

468 2031 517 2092 De
542 2029 700 2115 Episcopo
731 2029 980 2114 metropolitane.

234 2134 384 2201 LXXIX.
427 2136 570 2218 Dignum
596 2145 644 2198 est
666 2147 702 2196 ut
722 2134 1007 2216 Metropolitanus,
1028 2135 1086 2218 qui
1108 2143 1157 2198 est
1177 2136 1277 2220 pallio

150 2219 351 2297 sublimatus,
381 2219 570 2296 honoretur,
594 2228 625 2278 et
646 2223 788 2278 caeteros
812 2217 990 2278 admoneat.

158 2348 201 2410 Ut
220 2349 427 2431 unnsquisque
443 2347 622 2432 progeniem
649 2366 743 2488 ειιαιηὺ
766 2365 862 2428 usquc
892 2345 937 2405 ad
963 2346 1125 2430 septimam
1144 2367 1278 2427 genera-

568 2430 722 2489 tionem-o
746 2440 860 2492 servet.

232 2536 360 2600 LXXX.
402 2535 593 2617 Progeniem
617 2555 704 2593 suam
728 2553 991 2614 unumquemque
1012 2554 1113 2614 nsque
1136 2531 1177 2592 ad
1202 2554 1277 2616 sep-

150 2616 261 2679 timam
283 2618 451 2678 observare
473 2617 674 2678 decernimus
693 2615 942 2696 generationem,
966 2625 998 2675 et
1010 2614 1154 2695 quandiu
1171 2637 1204 2676 se
1225 2637 1278 2697 ag-

151 2711 292 2761 noscunt
312 2701 465 2760 affinitate
481 2699 691 2782 propinquos,
712 2698 751 2758 ad
770 2697 867 2756 huius
887 2697 1020 2780 copulae
1035 2718 1100 2757 non
1121 2697 1277 2759 accedant

150 2783 346 2844 societatem.

310 2890 360 2948 De
374 2889 572 2965 Presbyterts
586 2887 623 2948 ab
635 2888 750 2965 ignotis
769 2884 934 2969 Episcopis
956 2883 1121 2948 ordinatis.

231 2993 378 3060 LXXXI.
418 2993 624 3076 Presbyteros
643 3011 723 3073 qnos
743 2991 965 3074 unusquisque
981 2992 1160 3074 Episcopus
1172 2991 1205 3053 in
1219 3015 1276 3055 sua

148 3077 302 3161 parochia
328 3077 465 3158 reperit,
488 3075 513 3137 si
534 3074 690 3155 incogniti
717 3074 840 3134 fuerint
861 3075 920 3133 viri
948 3074 997 3133 illi
1023 3077 1038 3134 it
1065 3075 1181 3156 quibus
1200 3086 1275 3136 sunt

150 3159 300 3236 ordinati,
319 3169 351 3219 et
368 3159 500 3219 dubium
523 3167 569 3218 est
589 3178 642 3216 eos
661 3156 834 3237 Episcopus
858 3156 967 3232 fuisse,
988 3179 1026 3214 an
1048 3179 1125 3235 non,
1148 3158 1203 3238 qni
1221 3180 1290 3220 eos¹

149 3243 392 3317 ordinaverunt,
416 3240 442 3301 si
460 3241 562 3302 honae
579 3238 713 3298 actionis
729 3248 760 3297 et
781 3239 930 3299 catholici
947 3239 1009 3298 viri
1023 3250 1098 3300 sunt
1110 3241 1169 3324 ipsi
1184 3241 1274 3302 Pres-

147 3324 265 3407 byteri,
291 3324 375 3384 etin
399 3321 578 3382 ministerio
600 3320 718 3381 Christi
739 3320 893 3401 oninique
913 3323 986 3402 Iege
1015 3332 1122 3383 sancta
1147 3323 1273 3384 educati

148 3418 182 3467 et
206 3405 289 3486 apti,
319 3406 357 3465 ah
380 3406 538 3485 Episcopo
558 3423 615 3463 suo
637 3401 897 3463 benedictionem
917 3405 1154 3487 presbyteratus
1176 3406 1275 3467 susci-

147 3489 241 3572 piant
257 3498 290 3548 et
310 3496 552 3562 consecrentur,
576 3495 608 3545 et
631 3484 676 3545 sic
696 3485 872 3546 ministerio
888 3507 976 3547 sacro
994 3487 1179 3571 fungantur.

151 3617 194 3680 Ut
209 3618 238 3676 si
255 3618 325 3701 quis
347 3616 466 3675 homini
485 3615 590 3694 aliquo
613 3615 742 3673 iteranti
762 3617 953 3676 mansionem
973 3629 1151 3688 vetaverit,
1174 3637 1270 3676 sena-

485 3699 572 3776 ginta
605 3695 724 3756 solidos
744 3711 920 3781 componat.

230 3803 391 3866 LXXXII.
438 3802 471 3862 si
488 3801 561 3882 quis
578 3800 701 3870 homiui
717 3802 825 3884 aliquo
838 3803 983 3886 pergenti
1002 3803 1036 3862 in
1055 3803 1170 3864 itinere
1186 3827 1273 3865 man-

145 3887 271 3950 sionem
290 3884 460 3956 vetaverit,
491 3884 655 3964 sexaginta
675 3884 793 3945 solidos
817 3896 986 3967 componat
1014 3886 1047 3944 in
1069 3886 1209 3966 publico,

167 3993 212 4056 Ut
228 3993 369 4055 omnibus
386 3991 525 4051 munima
548 4009 624 4048 cura
636 3989 677 4047 sit
696 4011 734 4048 ne
753 3992 819 4050 sine
843 3989 1080 4074 confirmatione
1100 3991 1253 4077 Episcopi

536 4072 634 4131 vitam
641 4069 744 4155 finiat
759 4073 882 4156 aliquis.

226 4175 408 4239 LXXXIII.
450 4180 493 4238 Ut
517 4197 630 4238 omnes¹
653 4176 821 4236 maximam
841 4198 951 4238 curam
975 4177 1114 4244 habeant
1136 4202 1177 4243 ne
1200 4183 1269 4245 sine

142 4259 387 4325 confirmatione
400 4260 551 4345 Episcopi
566 4258 637 4343 quis
652 4259 747 4322 vitam
760 4259 862 4340 liniat,
878 4261 1047 4347 animaque
1056 4261 1271 4349 periclitetur.
