2948 4990
497 314 612 372 usas
647 313 847 374 0111111110
913 399 915 402 Ι
1143 323 1148 338 ’
1192 299 1263 374 087

164 481 167 490 ’
237 451 675 540 episcoporumcossandasuf
722 455 798 536 409,
824 456 873 515 De
884 448 1079 522 orationibus
1090 471 1119 518 et
1132 459 1264 522 eleemo-

235 541 432 622 perstitione.
733 585 737 588 .
828 541 914 614 synis
935 564 970 602 ac
992 543 1162 602 Missurum
1183 545 1264 604 cele-

133 616 206 702 595.
235 621 285 680 De
299 623 347 681 bis
363 621 417 703 qui
434 621 561 703 rapiunt
574 619 675 701 semi-
807 621 1021 698 *brationibus
1034 646 1093 705 pro
1104 623 1265 688 Fideiibus

237 725 306 782 nas,
330 717 364 763 ut
386 722 437 762 eas
460 724 524 764 non
543 704 676 764 babeant
829 701 984 783 defunctis
997 705 1150 788 fideliter
1171 730 1265 788 agen·

236 806 364 848 uxores.
554 829 556 834 -
666 845 668 852 ,
827 782 897 854 dis;
919 789 1029 866 quibus
1047 791 1139 870 impii
1159 812 1266 851 carere

133 861 205 950 396.
239 868 335 948 Quod
356 870 390 930 in
421 866 563 930 omnibus
598 865 677 927 locis
830 865 961 939 debent;
975 873 1122 954 quoniam
1143 893 1198 931 nec
1217 895 1267 934 eo·

237 951 480 1012 Deusarandus
498 950 549 1027 sit,
568 964 598 1010 et
613 968 677 1008 non
830 970 898 1008 rum
912 953 1107 1029 'eleemosyna
1125 953 1268 1014 bSacer-

237 1034 271 1093 in
291 1035 364 1094 aliis
382 1054 474 1117 quam
488 1038 522 1094 in
540 1036 608 1093 Deo
625 1031 677 1090 di·
829 1031 954 1094 dotibus
969 1036 1023 1094 oei
1033 1037 1161 1118 reliquis
1174 1037 1268 1097 Fide·

237 1119 315 1178 catis
338 1119 377 1179 ab
399 1115 566 1198 Episcopis
599 1113 677 1175 locis
829 1113 911 1176 libus
929 1117 1111 1200 accipienda
1131 1132 1185 1178 est.

236 1199 338 1259 Missa
355 1202 397 1260 sit
417 1197 614 1260 celebranda.
726 1191 797 1272 408.
831 1195 873 1254 Ut
891 1200 994 1259 nuilus
1008 1199 1193 1283 Episcopus,
1204 1203 1269 1262 sive

133 1275 206 1360 397.
235 1281 284 1340 De
298 1281 498 1343 Secularibus
512 1283 567 1360 qui
587 1279 679 1362 Epis·
828 1279 1009 1357 Presbyter,
1028 1284 1123 1342 aliam
1139 1305 1268 1344 eausam

237 1365 325 1448 copis
365 1367 430 1425 suis
463 1363 677 1427 inobedientes
830 1361 864 1420 in
886 1362 1017 1439 Synodo
1042 1367 1133 1448 prius
1158 1387 1267 1444 sugge-

239 1447 397 1524 existant,
414 1461 444 1508 et
467 1449 511 1508 ad
530 1444 678 1506 emenda·
736 1483 738 1492 1
831 1455 907 1522 rat,
941 1467 1035 1528 quam
1055 1469 1092 1506 ea
1121 1469 1198 1528 quac
1225 1447 1270 1508 ad

152 1590 161 1601 ἢ
238 1529 354 1604 tionem
375 1533 425 1590 sui
446 1531 574 1590 tardant
586 1521 677 1587 ueni·
829 1525 1074 1588 emendationem
1097 1531 1175 1589 vitae
1190 1551 1267 1614 per-

240 1629 285 1686 re,
308 1612 389 1694 quid
398 1614 552 1692 agendum
565 1612 615 1674 sit.
830 1608 941 1681 tinent,
952 1609 1124 1694 finiantur.

137 1687 210 1768 398.
238 1692 287 1750 De
306 1695 447 1767 Clericis,
467 1709 501 1755 ut
517 1715 578 1755 non
591 1704 688 1780 utana·
726 1688 798 1771 409.
824 1690 874 1750 De
896 1694 944 1752 bis
970 1695 1035 1775 qui'
1042 1693 1267 1774 facultatulam

241 1786 293 1834 tur
305 1781 401 1837 armis
418 1779 472 1837 uel
489 1779 581 1856 sagis,
734 1825 737 1830 .
805 1791 807 1797 ’
828 1771 988 1834 Ecclesiae
1002 1787 1113 1858 petun't
1135 1778 1154 1836 a
1173 1777 1267 1856 Regi-

138 1849 211 1937 599.
241 1855 284 1918 Ut
301 1881 338 1918 ea
356 1879 435 1942 quae
452 1859 629 1944 Episcopus
643 1858 677 1916 in
830 1854 904 1927 bus,
918 1878 1018 1940 prava
1032 1857 1202 1930 cupiditate
1215 1862 1266 1920 iu-

239 1941 442 2002 suadioecesi
450 1945 606 2022 corrigere
615 1959 678 1998 non
829 1937 913 2008 lecti,
936 1938 1015 2022 quid
1027 1938 1181 2018 agendum
1196 1943 1245 2001 sit.

241 2023 345 2096 valet,
372 2022 418 2084 ad
448 2025 528 2084 alios
560 2019 678 2100 reserat
726 2017 797 2094 410.
829 2017 870 2076 Ut
887 2023 991 2080 nullus
1012 2021 1188 2105 Episcopus
1217 2026 1266 2084 al-

160 2131 162 2138 *
240 2105 418 2177 Praesules,
432 2107 489 2182 ael,
511 2109 539 2166 si
554 2123 676 2166 neeesse
831 2103 924 2174 terius
935 2102 1086 2185 Episcopi
1098 2125 1146 2162 res
1160 2104 1268 2166 denas-2

233 2183 349 2265 snen't,
374 2190 595 2266 Regiineimet,
682 2213 685 2217 ·
830 2194 873 2240 tet
895 2199 949 2244 aut
972 2187 1080 2267 plebes
1101 2187 1245 2248 inuadat.

31 2313 37 2318 ,
137 2263 210 2340 400.
230 2267 287 2326 ‘De
304 2270 352 2326 bis
367 2272 421 2353 qui
440 2269 674 2349 Dcofantulan·
724 2263 796 2338 411.
828 2264 873 2326 De
885 2288 921 2328 eo
938 2269 993 2347 qui
1009 2270 1189 2327 munuscula
1206 2271 1268 2331 Ec-

241 2361 304 2421 tur,
320 2353 348 2410 si
365 2355 398 2411 in
414 2353 593 2413 barathrum
599 2351 677 2432 for·
828 2347 941 2409 clesiae
971 2348 1176 2429 fraudaverit
1212 2354 1267 2410 uel

152 2495 156 2502 ,
239 2432 677 2516 nicationisceciderint‚qua-
735 2507 738 2514 ἢ
827 2431 966 2510 quolibet
983 2429 1077 2490 modo
1097 2432 1263 2505 invaserit,

238 2511 311 2572 liter
326 2516 507 2594 corrigendi
530 2527 609 2574 suut.
828 2523 862 2568 ut
886 2515 924 2574 ab
946 2511 1106 2572 Ecclesiae
1128 2533 1266 2573 commu--

134 2591 207 2668 401.
231 2593 283 2654 De
300 2598 348 2655 bis
363 2600 445 2680 quib
458 2599 593 2678 Paganis
603 2597 676 2678 bap·
828 2594 920 2653 nione
938 2607 1091 2653 arceatur.

238 2678 326 2738 tizati
337 2677 472 2760 suerint.
592 2687 594 2690 ’
671 2703 673 2706 ·
723 2673 794 2750 411.
824 2675 872 2732 De
888 2676 1045 2759 Episcopo
1062 2674 1214 2747 iudicato,
1238 2679 1268 2738 si

133 2755 206 2832 400.
234 2758 343 2820 Debis
361 2763 451 2842 qui'ia
471 2761 675 2843 Cborepisco-
829 2757 1035 2838 apostolicam
1062 2755 1176 2816 Scdem
1208 2781 1267 2842 ap-

235 2861 278 2922 po
297 2843 483 2925 confirmata
499 2842 634 2921 suerint.
805 2871 807 2877 Α
821 2839 941 2920 pellace
956 2840 1102 2903 noluerit.

132 2917 205 2995 403·
240 2919 280 2981 Ut
293 2928 347 3006 qui
369 2926 407 2986 ab
426 2926 589 2985 haereticis
604 2927 676 3006 bap·
724 2919 797 2998 415.
818 2920 866 2978 De
876 2923 923 2978 bis
932 2923 986 3002 otei
993 2921 1179 2981 bludicibus
1189 2943 1266 3002 quos

236 3005 348 3078 tt'zatus
365 3006 526 3087 fueritin
551 3009 675 3067 nornine
828 3005 984 3062 Primates
994 3003 1150 3078 dederint,
1162 3007 1273 3086 appel-⁴

235 3086 369 3148 Sanctae
397 3089 579 3160 Trinitatis,
613 3109 676 3148 non
828 3084 1211 3167 laverintquidagendum
1225 3091 1267 3147 sit

237 3169 456 3254 rebaptizetur,
472 3169 530 3228 sed
541 3171 608 3231 sola
622 3172 677 3228 im·
724 3165 797 3242 414.
824 3166 873 3225 De
887 3167 1095 3242 Presbyteris,
1113 3169 1266 3229 1111110011-

233 3253 388 3334 positione
404 3274 512 3312 naanus
523 3249 676 3335 perficia—
786 3308 789 3313 ,
830 3248 910 3308 subto
928 3249 1085 3331 Episcopo
1102 3270 1163 3315 non
1176 3271 1268 3332 prae-

238 3345 299 3392 tur.
651 3371 655 3382 .
830 3343 952 3390 sumant
971 3331 1266 3410 celebrareagenda.

133 3409 205 3490 404.
237 3411 278 3473 Ut
299 3415 479 3501 baptizandi
493 3413 677 3492 Symbolum
724 3408 796 3486 415.
824 3411 872 3472 Ne
894 3414 1007 3496 aliquis
1030 3414 1200 3489 Presbyter
1220 3419 1267 3478 ci-

237 3493 360 3560 discant
370 3497 467 3582 fidei.
827 3495 935 3554 vitatis
943 3498 1008 3554 siue
1018 3494 1168 3578 Episcopi
1171 3520 1267 3580 prac-¹

132 3575 206 3650 405.
239 3576 279 3639 Ut
297 3583 329 3640 bi
343 3579 381 3640 de
395 3579 677 3661 qtaibusdubitatur
828 3590 916 3658 cepto
937 3577 1060 3658 aliquid
1074 3589 1155 3656 agat.
1258 3619 1262 3628 -

238 3676 342 3724 utrum
366 3663 515 3745 baptizati
533 3663 613 3732 sint,
637 3683 676 3722 an
725 3657 798 3735 416.
826 3660 873 3718 Ne
886 3660 1139 3735 Presbyterirern
1154 3659 1266 3718 Eccle-

238 3767 313 3816 non,
324 3747 376 3806 uel
383 3744 595 3820 bPresbytero
607 3745 677 3802 Diis
830 3742 893 3800 siae
908 3743 973 3800 siue
994 3743 1043 3797 sai
1055 3761 1205 3798 consensu
1219 3741 1266 3801 Ε-

239 3828 414 3888 immolanti
436 3827 489 3884 uel
508 3827 677 3885 immolati·
827 3825 951 3905 piscopi
965 3821 1113 3880 vereduni.

241 3911 293 3966 tiis
308 3909 451 3969 carnibus
462 3909 600 3966 uescenti
607 3919 679 3979 suut
726 3903 797 3985 417.
826 3905 874 3964 De
884 3906 1004 3964 abiecto
1014 3903 1135 3964 Clerico
1148 3905 1268 3965 abalie-

241 3991 390 4071 baptizati
423 4001 456 4050 ut
482 3990 677 4072 rebaptizen·
717 4059 719 4062 Ι
829 4009 870 4126 pla
879 3985 1021 4046 Ecclesia
1037 4004 1100 4043 non
1116 3987 1267 4069 recipien-

239 4082 300 4130 tur.
372 4103 373 4106 ¹
857 4090 885 4127 o.

136 4147 207 4230 406.
236 4149 283 4212 Nc
301 4153 581 4238 nullusplusquant
598 4153 678 4229 duas
726 4153 800 4233 418,
830 4149 870 4210 to
889 4167 1009 4228 semper
1027 4145 1070 4208 ad
1090 4145 1267 4212 Patremo-

239 4254 358 4296 uaeorcs
379 4238 522 4321 accipiat.
687 4245 689 4256 '
830 4231 912 4292 rectio
932 4231 1095 4308 dirigatur.
