2926 4984
218 288 292 364 564
640 303 928 366 carmeianen
975 269 980 280 ’

307 443 351 508 Ut
368 454 478 506 contra
495 441 667 530 Episcopos
690 447 795 508 nullus
814 446 952 526 graviter
970 454 1025 506 aut
1045 443 1160 504 leviter
1179 453 1259 524 agat.

302 545 464 615 CCCXV.
508 549 727 634 Praecipimus
743 562 838 632 atque
853 552 997 612 iubemus
1015 571 1056 610 ne
1074 551 1169 627 forte,
1184 550 1273 632 qnod
1292 548 1347 610 ab·

221 641 273 714 sit,
297 632 415 716 aliquis
431 632 516 694 circa
535 634 709 717 Episcopos
727 635 844 698 leviter
862 644 915 694 aut
932 632 1070 716 graviter
1090 643 1175 714 agat:
1197 633 1286 715 quod
1303 631 1347 693 ad

221 720 404 808 perieulum
417 717 513 776 totius
527 715 651 798 imperii
670 717 768 778 nostri
785 717 935 800 pertinet.
975 716 1016 775 Et
1034 724 1069 774 nt
1086 737 1196 776 omnes
1211 737 1347 796 cognos-

222 813 296 867 cant
316 819 445 875 nomen,
466 799 831 881 potestatem‚›vigorem
847 809 879 860 et
892 798 1080 880 dignitatem
1095 797 1345 860 sacerdotalem:

222 885 311 970 quod
335 904 375 943 ex
398 881 505 942 verbis
525 881 658 940 Domini
679 881 774 942 facile
799 881 944 963 intellegi
967 889 1089 961 potest,
1112 881 1229 960 quihus
1249 879 1347 939 heato

220 971 341 1041 Petro,
363 963 455 1023 cuius
478 963 582 1023 vicem
598 963 749 1046 Episcopi
769 974 903 1046 gerunt,
933 963 998 1023 ait:
1032 963 1244 1046 Quodcunque
1267 962 1347 1039 liga·

225 1053 305 1111 veris
331 1057 580 1129 superterram,
604 1049 664 1104 erit
691 1048 819 1125 ligatum
841 1059 871 1104 et
893 1048 926 1104 in
948 1046 1034 1106 coelo
1046 1070 1058 1112 ;
1081 1058 1111 1104 et
1137 1045 1346 1124 quodcunque

221 1131 358 1193 solveris
382 1139 614 1210 superterram,
636 1132 697 1188 erit
717 1129 851 1188 solutum
872 1140 902 1187 ct
922 1127 1069 1190 incaelo.
1121 1128 1163 1188 Et
1178 1127 1256 1186 alibi
1277 1124 1344 1184 dis-

222 1212 338 1295 cipulis
356 1208 551 1291 generaliter
564 1209 659 1268 dicit:
679 1211 823 1293 Accipite
845 1210 998 1292 Spiritum
1019 1223 1180 1269 sanctum:
1204 1210 1347 1290 Quorum

223 1293 406 1357 remiseritis
420 1303 561 1375 peccata,
586 1293 786 1350 remittuntur
798 1294 863 1366 eis;
885 1304 915 1350 et
928 1311 1060 1374 quorum
1078 1292 1283 1361 retinueritis,
1297 1299 1346 1346 're-

222 1391 308 1437 tenta
327 1387 407 1434 sunt.
448 1372 536 1432 Illud
554 1373 648 1432 etiam
674 1376 714 1435 ad
736 1373 918 1454 exemplum
942 1373 1164 1433 reducendum
1185 1383 1233 1433 est
1256 1367 1346 1452 qnod

221 1458 257 1518 in
274 1454 489 1518 ecclesiastica
506 1453 639 1515 historia
654 1456 883 1517 Constantinus
904 1457 1079 1538 Imperator
1098 1454 1265 1538 Episcopis
1284 1453 1345 1514 ait:

221 1541 328 1610 Deus,
353 1537 475 1619 inquit,
497 1539 658 1597 constituit
683 1560 741 1598 uos
763 1537 973 1608 Sacerdotes,
997 1552 1028 1598 et
1046 1549 1232 1622 potestatem
1251 1536 1346 1596 vobis

222 1621 314 1681 dedit
339 1619 490 1679 danobis
513 1639 632 1700 quoque
655 1619 828 1685 iudicandi.
871 1619 914 1680 Et
932 1619 1004 1680 ideo
1032 1619 1128 1678 nosla
1154 1615 1239 1680 volis
1260 1629 1345 1678 recte

222 1702 412 1772 iudicamur,
423 1722 481 1761 vos
493 1714 594 1760 autem
607 1723 669 1763 non
681 1705 812 1786 potestis
829 1704 867 1764 ab
881 1703 1056 1764 hominibus
1074 1701 1221 1765 iudicari,
1243 1703 1346 1782 Prop-

222 1799 271 1846 ter
283 1781 370 1865 quod
384 1783 446 1840 Dei
465 1783 562 1842 solius
582 1785 665 1843 inter
679 1806 737 1843 nos
757 1798 918 1870 expectate
938 1784 1098 1843 iudicium.
1142 1783 1257 1843 Vestra
1275 1783 1345 1840 iur-

219 1869 285 1947 gia,
311 1884 509 1946 quaecunque
538 1867 613 1935 sint,
641 1865 686 1926 ad
709 1867 792 1925 illud
812 1867 955 1926 divinum
979 1878 1175 1926 reserventur
1199 1883 1345 1924 examen.

224 1949 290 2010 Vos
308 1948 421 2005 etenim
436 1947 526 2006 nobis
546 1949 566 2004 la
588 1949 656 2007 Deo
674 1946 744 2028 dati
762 1951 834 2008 estis
856 1949 913 2013 dii.
954 1948 996 2009 Et
1013 1949 1200 2008 conveniens
1220 1968 1283 2006 non
1297 1956 1345 2004 est

220 2044 256 2089 ut
273 2031 364 2088 homo
378 2026 496 2086 iudicet
511 2027 600 2099 deos,
621 2029 680 2088 sed
690 2031 744 2089 ille
761 2032 846 2091 solus
863 2031 976 2112 dequo
989 2032 1139 2112 scriptum
1156 2043 1220 2089 est.-
1238 2028 1344 2086 »Deus

160 2179 163 2185 ,
220 2113 309 2171 stetit
325 2111 358 2168 in
374 2129 530 2186 synagoga
549 2109 689 2178 deorum.
746 2114 786 2174 In
803 2113 906 2172 medio
923 2114 1008 2172 Deus
1024 2125 1126 2172 autem
1142 2111 1218 2171 deos
1237 2108 1346 2169 dicer-

221 2194 295 2256 nit«
339 2191 403 2252 Sed
424 2189 530 2250 ethoc
548 2191 613 2252 illis
634 2193 674 2254 ad
693 2195 879 2256 memoriam
903 2195 1124 2255 reducendum
1143 2204 1206 2270 est,
1236 2190 1346 2273 quali-

221 2283 271 2335 ter
290 2273 402 2334 bestus
417 2274 555 2353 Prosper
567 2273 601 2332 in
620 2274 704 2336 libro
718 2299 816 2357 quem
837 2278 877 2337 de
899 2275 1146 2356 contemplativa
1169 2285 1202 2335 et
1226 2272 1345 2334 actuali

220 2356 288 2420 vita
304 2355 448 2436 scripsit,
461 2355 588 2416 leudem
601 2358 809 2419 sacerdotnm
832 2357 1122 2442 comprehenderit.
1149 2360 1234 2441 Ipsis
1246 2358 1343 2428 enim,

221 2439 352 2518 inquit,
384 2438 417 2496 id
438 2446 503 2514 est,
526 2437 770 2518 Sacerdotibus,
791 2444 923 2527 propria
944 2443 1117 2501 animarum
1132 2439 1346 2500 curandarum

220 2519 404 2582 sollicitudo
424 2521 589 2581 commissa
605 2535 651 2581 est
659 2547 671 2590 ;
688 2526 742 2606 qui
757 2524 882 2606 pondus
894 2524 1007 2607 populi
1020 2523 1081 2583 sihi
1099 2523 1258 2582 commissi
1267 2522 1347 2580 viri·

221 2605 297 2664 liter
311 2604 511 2672 sustinentes,
532 2624 592 2685 pro
610 2607 747 2686 peccatis
762 2607 932 2680 hominum,
952 2606 1040 2664 velut
1053 2625 1113 2686 pro
1133 2606 1210 2680 suis,
1232 2601 1345 2683 infati-

218 2684 368 2763 gabiliter
380 2683 556 2765 supplicant
572 2687 646 2745 Deo
654 2711 666 2755 ;
686 2709 722 2746 ac
737 2688 825 2746 velut
840 2686 970 2770 quidam
980 2686 1089 2756 Aaron
1104 2688 1264 2745 incensum
1274 2706 1346 2744 con-

221 2768 292 2826 triti
311 2764 418 2825 cordis
437 2777 469 2824 et
485 2765 654 2826 humilitati
668 2771 796 2851 spiritns
813 2767 994 2850 offerentes,
1008 2789 1069 2850 quo
1082 2769 1229 2851 placatur
1243 2768 1344 2837 Deus,

221 2859 368 2908 avertunt
384 2848 464 2906 iram
477 2843 608 2921 farturae
626 2850 909 2911 animaduersionis
930 2853 947 2910 la
965 2851 1082 2934 populo
1091 2875 1102 2918 ‚·
1131 2851 1187 2932 qui
1204 2868 1265 2932 per
1278 2849 1347 2908 Dei

219 2926 450 3010 gratiamfiunt
458 2927 582 2988 divinae
591 2931 762 2991 voluntatis
772 2932 910 3009 Iudices,
928 2932 1140 2993 Ecclesiarum
1150 2931 1269 2996 Christi
1272 2942 1347 3012 post

220 3009 389 3094 Apostolos
392 3008 598 3090 fundatores,
611 3011 728 3095 fidelis
739 3015 850 3098 populi
865 3014 971 3085 duces,
996 3014 1134 3073 veritatis
1151 3012 1343 3083 adsertores,

218 3111 340 3176 pravae
354 3089 517 3151 doctrinae
538 3094 653 3166 laostes,
676 3099 818 3158 omnibus
835 3097 926 3157 bonis
942 3097 1109 3170 amabiles,
1131 3108 1161 3154 et
1182 3094 1263 3153 male
1285 3095 1346 3154 sibi

221 3173 355 3233 consciis
372 3175 466 3231 etiam
480 3174 552 3260 ipso⁴
562 3177 634 3235 visu
649 3180 819 3250 terribiles,
831 3179 975 3239 vindices
989 3197 1222 3260 oppressorum,
1237 3189 1345 3250 patres

223 3256 258 3311 in
279 3251 355 3346 fide
388 3255 543 3314 catholica
579 3274 852 3337 regeneratorum,
890 3260 1126 3344 praedicatores
1164 3257 1347 3317 coelestium

219 3354 453 3418 praemiorum,
493 3342 638 3479 eaenyrla
666 3340 839 3421 bonorum,
882 3341 1066 3403 documenta
1101 3343 1270 3412 virtutum,
1317 3351 1347 3398 et

213 3415 326 3496 sorma
343 3413 506 3498 fidelium.
604 3423 632 3479 si
656 3436 727 3482 sunt
745 3423 840 3484 decus
866 3425 1036 3500 Ecclesiae,
1058 3424 1090 3483 in
1116 3423 1228 3505 quibus
1235 3420 1347 3500 fulget

221 3497 375 3558 Ecclesia.
415 3499 485 3580 Ipsi
511 3502 673 3562 columnae
684 3503 910 3584 firmissimae,
933 3507 1043 3588 quibus
1065 3506 1099 3584 in
1118 3505 1242 3564 Christo
1264 3503 1341 3582 sun·

222 3577 308 3638 datis
329 3580 448 3637 innitur
468 3584 569 3641 omnis
598 3585 766 3664 multitudo
798 3588 999 3652 credentium.
1051 3588 1119 3670 Ipsi
1138 3588 1251 3644 ianuae
1269 3585 1349 3644 ciui·

224 3662 298 3720 tatis
333 3674 498 3735 aeternae,
528 3685 588 3744 per
615 3687 692 3748 quos
725 3690 830 3730 omnes
858 3672 913 3751 qui
942 3669 1096 3739 credunt,
1126 3665 1349 3744 ingrediuntur

224 3739 269 3801 ad
286 3739 451 3802 Christum.
494 3745 562 3825 Ipsi
584 3748 748 3820 ianitores,
778 3753 888 3832 quibus
913 3751 1013 3812 claves
1044 3749 1135 3809 datae
1161 3759 1233 3806 sunt
1257 3747 1348 3826 regni

222 3823 391 3888 coelorum.
439 3826 509 3907 Ipsi
528 3828 623 3887 etiam
650 3829 882 3913 dispensatores
914 3835 1017 3911 regiae
1045 3831 1156 3892 domus
1168 3874 1181 3902 ,
1213 3849 1349 3909 quorum

224 3905 358 4044 arlitrio
379 3908 414 3966 in
430 3909 505 3968 aula
522 3909 615 3988 Regis
631 3914 752 3972 aeterni
769 3912 958 3974 dividuntur
970 3913 1087 3994 gradus
1107 3926 1138 3973 et
1159 3907 1271 3989 officia
1286 3913 1349 3972 sin·

220 4005 262 4067 gu
276 4007 375 4047 orum.

326 4093 422 4176 Quod
427 4115 488 4179 per
500 4095 653 4180 Spiritum
665 4111 804 4161 sanctum
823 4101 964 4159 remissio
971 4099 1021 4182 fit
1033 4113 1243 4183 peccatorum.

304 4195 482 4264 CCCXVI.
512 4202 688 4268 Sciendum
706 4215 754 4270 est
766 4203 914 4268 omnihus
929 4205 1240 4292 atqneerede‘ndmn
1259 4207 1351 4289 quod
