2926 4986
223 300 294 375 726
622 373 625 384 ,
649 319 935 380 cnrtruuernun

223 460 430 532 manentibus
447 461 595 532 terminis
614 482 696 544 quos
712 467 893 526 statuerunt
911 467 1034 542 patres,
1056 473 1150 520 nemo
1171 452 1302 534 damnet
1320 473 1361 540 αῖ

223 535 348 625 lienum
370 543 539 604 sedintra
566 541 646 606 fines
667 543 814 629 proprios
834 551 929 623 atque
952 538 1131 621 legitimos,
1160 542 1258 617 prout
1277 536 1355 618 quis

221 624 376 708 soluerit,
398 625 432 684 in
454 625 625 688 latitudine
646 648 678 690 se
702 624 841 688 caritatis
861 633 1018 686 exerceat.
1060 620 1118 682 VI.
1139 619 1210 684 328.

222 730 273 792 De
302 728 530 809 neglegentibus
557 729 669 816 officio
690 730 820 804 diuina,
843 741 875 790 et
892 750 956 790 non
974 725 1164 790 venientibus
1185 721 1231 784 ad
1248 704 1356 784 inatu-
1413 759 1416 768 ·

316 813 428 872 tinalio
443 811 497 872 vel
513 815 750 897 vespertinalia,
772 815 840 874 sine
861 813 982 896 reliqua
1003 809 1116 870 diuina
1136 803 1255 890 officio.

305 914 524 981 CCXXVllI.
566 919 730 980 sancitum
746 928 795 979 est
814 926 850 978 ut
870 915 897 978 si
918 915 990 998 quis
1010 912 1183 996 Presbyter
1202 909 1257 974 vel
1278 909 1357 973 Dia·

221 1023 337 1086 conus,
360 1007 416 1059 aut
438 997 577 1082 quilibet
599 1001 745 1064 Clericus
761 997 925 1062 Ecclesiae
946 998 1128 1081 deputatus,
1149 992 1190 1055 si'
1204 992 1289 1055 intra
1308 994 1358 1054 ci-

222 1084 353 1145 vitatem
372 1081 482 1158 fuerit,
503 1091 559 1143 aut
584 1081 618 1142 in
646 1083 796 1165 quolibet
821 1081 893 1142 loco
911 1079 944 1141 in
964 1100 1030 1161 qno
1058 1075 1205 1139 Ecclesia
1229 1084 1298 1155 est,
1321 1086 1357 1137 et

222 1167 264 1227 ad
291 1163 516 1246 quotidianum
537 1164 697 1246 psallendi
721 1163 913 1228 sacrificium
931 1159 1097 1222 matutinis
1118 1156 1172 1222 vel
1194 1157 1356 1240 vesperti-

222 1249 275 1309 nis
295 1245 384 1307 lroris
402 1247 442 1306 ad
462 1246 638 1308 Ecclesiam
654 1269 719 1310 nou
737 1245 940 1322 convenerit,
962 1244 1142 1327 deponatur
1160 1240 1179 1300 d
1197 1240 1302 1311 clero;
1325 1239 1353 1300 si

221 1339 330 1390 tamen
354 1329 521 1410 castigatus
545 1331 673 1391 reniam
693 1331 732 1393 ab
755 1327 917 1412 Episcopo
936 1347 997 1410 per
1012 1321 1263 1388 satisfactionem
1291 1343 1355 1384 uo-

222 1411 324 1473 luerit
346 1411 552 1494 promereri·
638 1412 642 1418 '

268 1519 318 1578 De
343 1517 391 1576 bis
415 1518 470 1598 qui
490 1518 524 1576 in
542 1518 751 1600 captivitatem
768 1515 857 1578 ducti
878 1527 963 1590 sunt,
982 1513 1063 1598 qaid
1086 1510 1240 1594 egendum
1258 1511 1310 1572 sr't.

305 1619 488 1686 ccxx1x;
525 1621 721 1706 Quicunque
740 1620 928 1692 necessitate
951 1642 989 1683 ca
1012 1617 1146 1681 tivitatis
1169 1616 1354 1682 ductisunt
1396 1619 1399 1628 ⁴

223 1716 255 1768 et
272 1727 339 1766 non
365 1726 421 1766 sua
446 1705 627 1784 voluntate,
649 1705 706 1768 sed
727 1704 839 1767 hostili
865 1643 1115 1786 depraedatione
1141 1699 1182 1759 ad
1205 1699 1354 1761 adversa·

221 1789 287 1849 rios
310 1787 527 1864 transierunt,
556 1793 769 1870 quaecuuque
792 1788 826 1847 in
848 1787 930 1868 agris
954 1786 1008 1848 vel
1029 1784 1062 1844 in
1083 1780 1251 1864 mancipiis
1276 1793 1352 1844 aute

222 1877 417 1946 tenuerunt,
438 1867 503 1928 sire
526 1869 544 1928 a
564 1869 641 1930 fisco
662 1869 895 1952 possideantur,
917 1867 985 1930 sire
1007 1865 1132 1950 aliquid
1155 1883 1201 1924 ex·
1216 1862 1269 1924 his
1292 1885 1354 1946 per

221 1949 408 2032 Principem
431 1949 615 2032 cuicunque
645 1952 754 2013 datum
783 1959 850 2028 est,
872 1949 942 2011 sine
970 1949 1070 2010 ullius
1094 1944 1352 2009 contradictione

220 2051 380 2115 personae
397 2040 539 2113 tempore
560 2053 626 2114 quo
646 2033 815 2110 redierint,
836 2031 1006 2094 vindicent
1024 2053 1070 2096 ac
1083 2037 1302 2112 praesumant;
1325 2027 1352 2090 si

222 2122 327 2173 tamen
360 2113 434 2172 cuin
456 2112 647 2175 adversariis
668 2135 733 2176 non
756 2137 812 2176 sun
827 2115 994 2177 voluntate
1021 2111 1164 2191 fuerint,
1191 2111 1250 2174 sed
1279 2131 1352 2196 cap-

221 2194 347 2257 tivitate
367 2215 401 2256 se
424 2195 571 2256 detentos
594 2215 661 2257 esse
678 2195 894 2279 probaverint.

432 2299 528 2383 Quod
549 2313 659 2362 contra
690 2314 783 2386 caput
804 2323 867 2364 non
886 2301 1144 2390 sitlsurgendum.
1228 2357 1230 2366 ,

228 2471 231 2478 ,
306 2403 466 2468 CCXXX.
509 2407 630 2468 Contra
648 2416 759 2490 caput,
788 2406 910 2472 etiamsi
933 2407 1117 2470 faciendum
1134 2406 1194 2485 sit,
1214 2426 1281 2468 non
1306 2403 1350 2465 li-

222 2487 340 2550 benter
364 2487 568 2556 admittimus.

227 2591 271 2654 Ut
286 2594 468 2671 Presbyteri
480 2614 539 2673 per
557 2594 694 2674 singrelas
714 2594 939 2668 hebdomades,
957 2597 1037 2656 sicut
1049 2595 1088 2656 ab
1106 2594 1273 2678 Episcopo,
1296 2593 1350 2652 vel

246 2677 285 2737 ab
305 2677 362 2737 illo
382 2678 438 2759 qai
458 2677 642 2736 constitutus
662 2688 708 2736 est
726 2678 764 2737 ab
782 2700 831 2750 eo,
847 2693 1006 2750 vocantur,
1026 2675 1071 2736 ad
1088 2679 1242 2737 civitatem
1258 2697 1330 2737 con·

338 2760 503 2832 ..veniant
516 2758 629 2838 absque
648 2756 712 2818 ulla
732 2759 903 2831 dilatione,
925 2758 1071 2820 discendi
1092 2761 1202 2838 gratia.

306 2835 480 2904 ccxxxl.
514 2840 683 2900 ¹statutum
707 2851 755 2902 est
782 2851 819 2904 ut
842 2863 952 2904 omnes
975 2840 1158 2924 Presbyteri
1179 2838 1348 2923 parochiae

224 2921 264 2980 ad
286 2921 447 2982 civitatem
464 2941 523 3004 per
540 2931 670 2997 turmas,
693 2931 724 2981 et
744 2945 802 3004 per
823 2923 1035 2985 hebdomadas
1057 2925 1094 2985 ab
1111 2922 1270 3004 Episcopo
1289 2920 1348 2982 sibi

225 3004 429 3080 constitutas,
460 3003 655 3064 conveniant
676 3001 822 3066 discendi
843 3005 960 3090 gratia,
981 3015 1017 3065 ut
1035 3007 1143 3088 aliqua
1162 3027 1234 3086 pars
1247 3005 1279 3062 in
1295 3025 1348 3084 pa·

223 3085 344 3145 rochiis
364 3085 628 3168 Presbyterorum
648 3097 823 3164 remaneat,
847 3111 886 3150 ne
912 3088 1024 3170 populi
1047 3099 1080 3150 et
1098 3088 1262 3149 Ecclesiae
1286 3085 1348 3145 Dei

224 3168 342 3249 absque
365 3167 471 3228 officio
491 3168 567 3245 sint,
589 3176 622 3230 et
642 3161 750 3250 aliqua
766 3170 858 3231 utilia
873 3171 905 3230 in
929 3171 1058 3231 civitate
1078 3171 1212 3246 discant,
1234 3176 1271 3250 ut
1285 3187 1348 3225 me·

222 3249 321 3310 liores
346 3249 386 3309 ad
409 3249 575 3332 parochias
596 3251 722 3312 demum
747 3263 780 3314 et
800 3253 1020 3333 sapientiores,
1042 3262 1138 3334 etque
1156 3249 1269 3334 populi
1285 3245 1347 3309 uti-

223 3331 333 3400 liores,
357 3331 494 3392 absoluti
516 3343 729 3401 revertantur.
770 3335 812 3395 Et
838 3333 881 3395 ibi
903 3335 942 3394 ab
965 3333 1138 3418 Episcopo,
1163 3333 1282 3409 idest,
1313 3332 1345 3389 iu

217 3414 368 3488 lciritate,
392 3413 457 3474 sive
480 3413 498 3474 ia
518 3413 583 3475 suis
603 3415 686 3476 hene
710 3415 811 3478 doctis
826 3415 980 3478 Ministris
1002 3419 1088 3478 bono
1105 3415 1211 3476 animo
1232 3415 1347 3474 instru-

224 3505 321 3555 antur
341 3495 381 3555 de
401 3497 498 3557 sacris
521 3496 715 3558 lectionibus
736 3509 768 3558 et
796 3499 913 3562 divinis
934 3500 1085 3578 cultibus,
1107 3509 1140 3559 et
1161 3494 1278 3558 sanctis
1299 3517 1346 3555 ca-

222 3578 374 3654 nonibus,
396 3577 462 3639 sive
480 3579 519 3639 de
540 3579 734 3662 baptismatis
747 3583 962 3659 sacramentis,
984 3591 1079 3664 atque
1102 3581 1272 3642 Missurum
1300 3600 1346 3639 so·
1444 3643 1445 3654 χ

222 3659 354 3720 lemniis
376 3669 408 3720 et
425 3661 591 3742 precibus,
620 3671 653 3722 et
678 3663 717 3723 de
742 3664 876 3746 reliquis
903 3665 1018 3726 officiis
1040 3662 1188 3726 omnibus
1206 3659 1266 3722 sibi
1288 3665 1345 3720 ne·
1444 3669 1445 3688 ¹

223 3741 367 3803 cessariis
391 3742 534 3824 pleniter
564 3753 595 3804 et
624 3742 772 3806 distincte
796 3769 832 3807 ec
859 3745 1048 3830 singillatim
1073 3747 1265 3808 imbuantur.
1306 3742 1346 3802 Et

224 3825 331 3884 omnia
355 3846 437 3905 quac
460 3823 509 3884 illi
531 3845 589 3907 pel·
609 3827 775 3907 parochias
794 3828 929 3907 docere,
952 3829 1156 3911 praedicare,
1177 3849 1213 3887 ac
1240 3827 1354 3886 facere'

221 3907 355 3981 debent,
380 3928 432 3968 eos
451 3907 630 3988 Episcopus
650 3910 751 3970 etsui·
765 3911 849 3973 bene
871 3911 957 3988 docti
978 3911 1118 3972 Ministri
1138 3909 1298 3984 veraciter
1317 3916 1347 3966 et

221 3989 357 4051 discrete
373 3991 519 4066 doceant,
543 3991 669 4070 utquid
682 3993 788 4052 facere
807 3994 858 4053 vel
874 3995 954 4073 quid
971 3995 1072 4054 vitare
1087 3993 1215 4068 debent,
1229 3991 1343 4058 sciant,

221 4073 372 4152 quatinus
394 4094 504 4134 eorum
525 4071 730 4150 vitamshene
748 4084 787 4134 -ct
809 4077 970 4158 condigne
985 4085 1081 4158 atque
1105 4070 1345 4155 inreprehensi-

220 4153 332 4214 biliter
352 4156 482 4230 ductant,
504 4165 537 4216 et
557 4157 628 4217 aliis
647 4158 731 4218 bcne
745 4157 1014 4224 rivendobonum
1029 4157 1211 4241 exemplum
1231 4157 1356 4237 absque

219 4237 286 4296 ulla
307 4235 482 4299 offensione
508 4240 699 4322 praebeant,
738 4250 902 4328 eteorum
925 4241 1101 4322 ministeria
1125 4241 1287 4326 sapienter
1316 4247 1354 4314 et¹
