2926 4986
513 333 628 395 claun
663 325 863 398 cernuus
1188 317 1260 394 773

125 471 303 546 defensari;
332 474 522 560 interposita
541 498 647 560 poena
672 475 781 535 damni
803 472 962 558 pecuniae
986 463 1083 558 atque
1114 477 1259 559 honoris,

124 579 190 642 quo
220 576 280 618 uec
306 567 442 620 aetatem
469 581 532 622 ncc
556 580 672 622 sexum
702 558 923 620 excusandum
945 579 1014 621 esse
1035 561 1259 644 praecipimus.

128 687 170 750 Ut
189 708 254 749 non
275 687 332 748 alii
348 689 593 772 Metropolitani
620 691 777 749 Primores
806 687 1021 772 appellentur,
1045 693 1111 752 nisi
1134 693 1186 752 illi
1206 696 1261 776 qui

120 772 242 855 primas
264 769 353 829 sedes
370 781 495 842 tenent}
516 774 591 852 quia
611 773 669 831 alii
689 791 752 831 non
766 783 899 854 possunt
927 784 990 830 tres
1012 785 1131 834 turmas
1150 774 1260 854 facere

123 852 164 914 dc
186 851 371 934 Episcopis,
395 874 487 936 quam
505 856 556 914 illi
569 855 625 937 qui
642 855 764 935 primas
786 850 875 912 sedes
895 865 1021 922 tenent,·
1041 858 1096 936 qui
1118 869 1180 916 tres
1196 871 1261 917 tur·

226 955 293 993 naas
310 933 422 1014 facere
449 934 573 1008 debent,
597 937 678 996 sicut
705 938 739 994 in
762 937 819 994 boc
843 938 997 1011 sententia
1020 938 1154 1008 iubetur.

207 1037 392 1101 CCCCLX.
434 1041 563 1102 Placuit
579 1051 619 1100 ut
639 1040 896 1122 quotiescunque
922 1040 1106 1100 Concilium
1127 1065 1260 1124 congre·

124 1122 266 1209 gaudum
293 1131 356 1198 est,
382 1123 533 1207 Episcopi
559 1124 615 1204 qui
644 1135 751 1202 neque
778 1131 880 1180 aetate
907 1143 1012 1202 neque
1035 1124 1259 1206 aegritudine,

125 1225 232 1287 neque
260 1203 321 1262 alia
341 1206 487 1286 graviore
503 1203 955 1286 ¹necessitateimpediuntur,
972 1203 1194 1290 competenter
1208 1230 1259 1268 oc-

123 1295 266 1351 currant.
307 1287 566 1369 Primatibusque
597 1309 728 1348 suarum
753 1286 993 1369 provinciarum
1027 1289 1196 1348 intimetur
1223 1298 1260 1351 ut

124 1372 164 1433 de
191 1368 352 1428 universis
371 1369 540 1452 Episcopis
564 1371 616 1431 vel
636 1371 716 1430 duae
745 1370 797 1430 vel
824 1378 889 1428 tres
912 1377 1034 1429 turmae
1050 1369 1139 1446 fiant,
1159 1393 1195 1431 ac
1217 1372 1256 1434 dc

123 1451 259 1548 singulis
281 1461 395 1511 turmis
413 1452 555 1512 vicissim
576 1461 737 1534 quotquot
749 1451 843 1512 electi
866 1451 999 1528 fuerint,
1016 1453 1056 1512 ad
1069 1453 1155 1515 diem
1174 1455 1257 1514 Con·

122 1536 191 1598 cili1
214 1534 442 1595 instantissime
462 1545 644 1596 occurrant.
686 1534 794 1618 Supra
815 1555 841 1598 c.
860 1533 909 1608 54.

124 1640 220 1728 Quod
240 1661 309 1700 eum
331 1639 397 1698 illis
422 1641 534 1722 quibus
558 1639 739 1722 Episcopus
763 1659 826 1699 non
857 1636 1020 1719 loquitur,
1055 1661 1119 1700 non
1140 1643 1181 1699 sit
1204 1642 1254 1699 l-

121 1723 300 1810 quendum,
325 1742 380 1781 nec
402 1725 681 1782 excommunicatis
712 1720 1025 1794 communicandumr
1054 1735 1086 1781 ut
1105 1724 1172 1804 ipsi
1198 1725 1253 1784 liu·

253 1804 375 1864 milicnt
399 1806 604 1887 semctipsos,
630 1816 664 1863 ut
683 1802 837 1885 festinius
867 1805 1119 1872 reconcilientur,

205 1908 403 1984 CCCCLXI.
444 1909 495 1970 Ex
516 1909 668 1992 'Epistola
694 1907 795 1969 sancti
820 1895 1007 1968 Clementis*
1024 1909 1137 1988 utilia,
1170 1933 1274 1993 quao-

122 1992 283 2078 praesenti
308 2002 451 2073 tompore
477 1991 630 2052 Ecclesiis
651 1989 827 2050 necessaria
848 1998 940 2066 sunt,
968 1989 1146 2054 honorifice
1173 2015 1252 2075 pro·

123 2076 269 2151 ferenda,
294 2085 327 2134 ct
350 2096 424 2135 cum
446 2073 626 2133 reverentia
652 2073 690 2132 ab
713 2072 860 2132 omnibus
881 2072 1041 2148 fidelibus,
1065 2096 1101 2136 ac
1125 2076 1252 2158 praeci·

121 2183 185 2245 pue
207 2156 354 2232 Clericis‚
383 2155 587 2237 recipienda;
613 2155 793 2237 exquibus
816 2155 905 2235 quotl
924 2155 1108 2235 specialiter
1128 2158 1252 2238 placuit

120 2250 253 2327 propter
277 2239 493 2315 venerandam
509 2239 744 2318 antiquitatem,
773 2238 894 2298 statutis
917 2239 1138 2318 praesentibus
1160 2240 1253 2299 robo-

121 2346 228 2386 remus
251 2322 339 2402 qnod
363 2320 596 2403 suprascriptus
619 2321 730 2381 heatus
753 2322 835 2380 Mart
858 2319 935 2384 rde
964 2319 1137 2380 beatissimi
1162 2321 1252 2382 Petri

124 2404 271 2489 Apostoli
295 2404 522 2475 constitutione
549 2411 792 2478 commemorat,
825 2341 953 2461 licens:
984 2401 1121 2482 Quidam
1148 2414 1251 2462 autem

125 2493 218 2550 etiam
239 2507 282 2546 cx
305 2488 389 2548 vobis
412 2487 488 2569 ipsis
509 2486 689 2565 intellegere
708 2485 875 2545 debetissi
897 2503 960 2565 qua
987 2495 1058 2542 sunt
1103 2505 1160 2543 uae
1182 2486 1250 2566 ipse

121 2583 255 2656 propter
282 2567 415 2628 insidias
440 2567 600 2627 bominum
625 2569 778 2628 malorum
805 2575 995 2646 non‘potest
1020 2505 1194 2623 eviclenu'us
1219 2576 1250 2624 et

125 2651 322 2730 manifestius
346 2651 505 2734 proloqui.
551 2647 650 2710 Verbi
668 2651 789 2729 gratia,
816 2648 960 2706 inimicus
987 2659 1033 2704 est
1059 2648 1156 2706 alicui
1188 2668 1250 2730 pro

29 2759 36 2767 ·
124 2736 243 2798 actibus
264 2735 338 2792 suis.
384 2731 449 2792 Vos
471 2731 758 2816 nolitesexpectare
777 2742 809 2789 ut
829 2731 895 2810 ipse
911 2728 996 2788 uobis
1015 2727 1113 2802 dicat,
1130 2749 1199 2788 cum
1212 2728 1251 2787 il·

124 2821 156 2879 lo
186 2817 284 2877 nolite
312 2815 406 2876 amici
429 2835 524 2882 esse„
548 2813 615 2884 Sed
641 2811 815 2894 prudenter
846 2811 1010 2880 obseruare
1036 2809 1183 2880 debetis,
1220 2821 1250 2870 et

124 2898 282 2960 voluntati
305 2899 391 2967 eius,
426 2895 570 2956 videlicet
591 2898 647 2978 qrti
675 2894 836 2956 Ecclesiae
864 2912 970 2952 curam
993 2894 1094 2970 gerit,
1133 2893 1249 2973 absque

125 2980 330 3042 commotione
353 2977 581 3052 obsecundare,
612 2990 643 3036 et
674 2977 773 3036 averti
800 2976 838 3036 ab
861 2995 897 3033 eo
927 2974 978 3031 cui
1003 2976 1104 3048 ipsum
1129 2975 1251 3034 sentitis

126 3062 301 3132 adversum,
320 3059 380 3121 sed
399 3081 455 3120 nec
475 3051 563 3142 loqui
586 3061 634 3118 liis
655 3059 764 3142 quibus
781 3054 845 3140 ipse
862 3077 926 3115 non
946 3054 1096 3136 loquium·
1113 3067 1147 3115 ut
1160 3075 1253 3115 ianitr-

24 3203 32 3210 ,
127 3145 255 3226 quisque
277 3145 332 3224 qui
356 3145 389 3202 in
412 3143 504 3226 culpa
527 3155 585 3216 est,
612 3139 686 3202 ditm
703 3151 788 3220 cripit
805 3138 942 3198 oninium
961 3139 1015 3196 uel
1035 3150 1172 3198 vestram
1189 3138 1250 3197 sibi

125 3225 259 3304 gratiam
284 3227 449 3308 reparare,
474 3222 609 3303 festinet
636 3222 727 3283 citius
762 3219 964 3280 reconciliari
984 3221 1013 3278 ei
1030 3221 1085 3300 qui
1108 3221 1252 3280 omnibus

123 3317 271 3390 praeest;
296 3320 329 3367 ut
353 3327 413 3388 per
433 3307 490 3366 boc
518 3305 627 3364 redeat
652 3302 842 3364 adsalutem
865 3319 934 3360 cum
962 3301 1088 3362 obedire
1112 3304 1252 3385 coeperit

127 3389 253 3448 monitis
269 3387 490 3472 praesidentis.
532 3389 573 3448 Et
597 3395 721 3447 caetera
744 3383 880 3465 quaein
904 3382 1175 3465 consequentibus
1200 3384 1254 3443 de·

127 3479 280 3531 notantur
304 3471 413 3532 amicis
438 3491 550 3530 eorum
570 3469 626 3551 qui
657 3467 783 3528 veritati
812 3465 934 3526 inimici
956 3476 1040 3526 sunt.
1083 3467 1170 3527 Sciat
1198 3467 1254 3526 ita·

125 3574 189 3634 que
207 3553 360 3636 deinceps
382 3553 488 3614 clerus
508 3552 547 3612 ad
568 3562 708 3624 reatum,
738 3549 793 3610 secl
821 3559 854 3607 et
879 3547 1024 3608 fidelium
1052 3551 1192 3630 populus
1214 3549 1254 3610 ad

125 3636 253 3717 culpam
267 3637 327 3696 sibi
349 3635 583 3708 ascribendum,
599 3633 624 3693 si
649 3632 720 3714 quis
735 3632 766 3690 in
792 3631 852 3690 hoc
869 3631 982 3691 vitium
997 3633 1153 3692 malorum
1170 3654 1254 3694 cotn-

123 3729 267 3800 putatur,
290 3727 321 3779 et
342 3717 532 3798 discipliuae
551 3716 723 3776 subversor
747 3715 815 3773 loro
845 3715 1038 3794 agnoscitur.

165 3824 214 3883 De
237 3845 301 3883 non
328 3820 519 3882 iniuriandis
544 3821 796 3960 Episclopisdaut
819 3818 1015 3893 lacerandis,
1034 3819 1094 3880 sed
1109 3823 1215 3903 potius

476 3913 477 3916 ’
598 3916 719 3963 toeran
745 3903 782 3960 is.

210 4007 435 4071 CCCCLXll.
478 4007 674 4090 Episcopum
701 4025 777 4066 vcro
805 4016 932 4085 oportet
958 4015 1117 4090 oportune
1137 4020 1172 4070 'et
1196 3991 1259 4072 ἱιῃρ

123 4101 284 4176 portuuc',
307 4099 403 4173 atque
430 4089 499 4153 sine
524 4089 779 4165 intermissione,
807 4087 986 4151 Ecclesiam
1010 4111 1098 4157 snam
1126 4091 1255 4170 docere,

125 4193 260 4254 eamque
291 4177 470 4257 prudenter
488 4194 615 4256 regere,
638 4179 669 4233 et
695 4171 867 4232 admonere
889 4184 926 4234 ut
947 4175 963 4232 t
988 4172 1131 4236 sitiisse
1156 4178 1256 4238 absti-

124 4265 209 4336 neat,
234 4265 266 4318 et
287 4259 421 4322 salutem
440 4256 592 4342 consequi
607 4255 714 4340 possit
737 4264 908 4322 aeternam.
950 4257 991 4320 Et
1008 4256 1064 4318 illa
1087 4279 1160 4320 cum
1183 4269 1260 4322 tan-
