2910 4984
237 319 313 411 818
634 307 922 382 caurumriun

240 479 320 557 eius.
361 471 425 534 Sed
447 464 621 530 nunciam
648 475 821 548 utrumque
845 461 1039 530 vocabulum
1058 463 1119 528 sub
1136 483 1202 528 une
1220 461 1378 550 designa.
1440 539 1441 542 Ἴ

239 563 328 652 tione
351 553 497 618 liabetur.
1440 564 1441 650 p

537 657 586 732 De
609 645 738 715 Clericis
759 653 871 714 iniuste
890 654 1070 718 tonsoratis.

322 764 444 832 CXXI.
484 763 533 824 Dc
547 759 689 824 *Clericis
716 781 792 820 vero
815 758 878 820 hoc
901 759 1079 835 statuimus,
1105 767 1141 818 ut
1161 755 1196 817 hi
1218 757 1278 839 qni
1293 755 1377 819 hac·

238 867 333 919 unus
359 847 483 910 inventi
508 855 600 922 suut,
622 843 689 905 sive
716 840 750 900 in
774 840 931 902 canonico
952 842 1019 904 sive
1043 841 1078 899 in
1099 839 1291 902 monachico
1315 863 1375 902 or-

240 939 335 1012 dine,
369 929 523 993 tonsorati
544 927 614 986 sine
638 944 752 984 eorum
776 923 961 1002 voluntate,
983 925 1011 984 si
1033 921 1128 984 liberi
1153 931 1244 999 sunt,
1268 931 1308 982 ut
1329 924 1376 984 ita

238 1022 457 1104 permaneant.
505 1011 548 1070 Et
574 1007 726 1086 deinceps
748 1004 927 1066 cavendum
949 1013 1054 1066 estut
1080 1004 1189 1064 nullus
1210 1006 1374 1064 tondatur

239 1101 303 1162 nisi
332 1094 474 1176 legitima
500 1098 600 1151 aetate
618 1096 858 1172 spontaneaque
882 1089 1067 1166 voluntate,
1093 1087 1146 1148 vel
1169 1107 1245 1148 cum
1264 1087 1374 1148 licen-

238 1177 284 1246 tia
307 1176 430 1244 dommi
456 1172 515 1236 sui.
928 1237 931 1240 ,

480 1281 528 1342 De
556 1295 592 1336 eo
615 1273 694 1358 quid
712 1275 757 1334 sit
782 1271 959 1357 relinquere
979 1269 1139 1334 mundum.

248 1436 253 1452 ,
320 1385 461 1452 CXXII.
481 1435 484 1442 Δ
504 1380 657 1444 Saoulum
681 1388 787 1438 autem
817 1377 1025 1458 relinquere,
1049 1387 1107 1454 est,
1132 1377 1216 1438 sicut
1243 1380 1370 1464 Grego-

237 1476 304 1539 rius
331 1472 431 1544 dixit,
454 1465 554 1528 seculi
580 1459 799 1541 voluptatibus
826 1460 997 1520 contraire.
1045 1461 1129 1520 Hinc
1157 1461 1279 1522 Paulus
1305 1465 1369 1524 ad-

237 1565 360 1624 monet,
384 1552 513 1611 dicens:
546 1545 608 1624 Qui
629 1555 748 1614 emunt,
768 1554 918 1624 tanquam
941 1562 1003 1602 nan
1021 1542 1239 1626 possidente„
1265 1547 1369 1626 “qm-
1440 1561 1441 1604 t

237 1651 368 1700 utuntur
391 1637 447 1694 lioc
471 1625 606 1696 mundo,
646 1637 792 1706 tanquam
815 1643 878 1682 non
899 1637 1036 1689 utantur.
1077 1625 1119 1683 Et
1135 1625 1311 1706 Gregorius
1329 1627 1365 1686 in

238 1723 321 1782 libro
349 1719 537 1778 Pastorum.-
574 1708 627 1767 Sic
658 1707 742 1766 votis
768 1724 807 1763 ea
832 1693 1105 1789 quaffisuppctunt
1130 1709 1271 1766 exten'us
1297 1729 1367 1768 ser·

236 1806 348 1870 uiant,
383 1807 532 1878 quotenus
559 1790 579 1848 t
608 1806 760 1871 supernae
789 1785 966 1848 dilectionis
990 1787 1096 1848 studio
1129 1788 1267 1849 animum
1297 1810 1365 1854 non

226 1882 373 1969 flectant.

242 2007 355 2096 'Quod
377 2010 527 2090 incestum
547 2001 712 2066 committit
737 1998 792 2076 qui
815 2018 847 2059 se
869 2000 1115 2078 consanguineae
1142 2022 1214 2062 suae
1243 2022 1342 2088 usque

549 2082 717 2167 affinitatis
738 2081 853 2162 lincam
874 2081 1040 2160 coniungit.

318 2193 475 2260 CXXIII.
516 2190 632 2252 Nullus
647 2187 792 2249 fidelium
807 2206 907 2268 usque
925 2186 1088 2250 affinitatis
1102 2189 1231 2267 lineam,
1252 2190 1286 2252 id
1301 2203 1362 2270 est,

235 2302 339 2363 usque
364 2280 398 2340 in
425 2275 589 2358 septimam
612 2270 819 2352 progeniem,
849 2269 1118 2349 consanguineam
1145 2294 1235 2332 suam
1263 2273 1363 2336 ducat

235 2382 388 2437 uxorem,
408 2359 460 2420 vel
487 2377 557 2418 eam
581 2373 716 2435 quoquo
740 2351 836 2411 modo
857 2350 971 2411 incesti
991 2354 1115 2414 macula
1146 2355 1282 2434 polluat.
1324 2357 1362 2416 Si

235 2447 308 2531 quis
329 2465 407 2504 vero
428 2441 491 2501 hoo
512 2437 651 2498 scienter
675 2445 830 2495 temerare
854 2436 1111 2516 praesumpserit,
1132 2437 1159 2496 si
1185 2436 1268 2496 liber
1290 2438 1362 2498 fue-

234 2532 293 2606 rit,
320 2527 463 2588 bannum
484 2529 646 2593 nostrum,
669 2515 703 2576 id
728 2524 796 2590 est,
824 2515 990 2595 sexaginta
1012 2517 1130 2579 solidos
1154 2518 1229 2580 fisco
1250 2530 1360 2581 nostro
1439 2513 1440 2522 ¹

258 2610 410 2685 ersolvat,
438 2613 470 2665 et
493 2603 624 2682 insuper
648 2597 803 2658 canonice
827 2606 863 2656 ut
891 2598 1031 2660 incestus
1058 2599 1143 2676 luat,
1165 2623 1201 2660 ac
1226 2601 1358 2682 publice

233 2703 324 2754 auxta
342 2686 515 2751 canonicos
533 2681 652 2764 gradus
669 2679 839 2760 poeniteat.
882 2680 915 2738 Si
931 2689 1037 2740 autem
1055 2703 1164 2742 servus
1182 2686 1234 2745 vel
1255 2686 1358 2744 eccle·

233 2775 377 2838 siasticus
392 2769 500 2842 fuerit,
519 2763 648 2846 publice
667 2761 847 2842 flagelletur
860 2782 895 2822 ac
907 2761 1104 2839 decalvetur,
1119 2775 1150 2824 et
1164 2764 1252 2826 iuxta
1266 2765 1357 2847 Epis·

233 2857 307 2938 copi
322 2852 442 2936 proprii
457 2847 630 2912 iussionem
648 2842 878 2921 poenitentiam
892 2842 1019 2924 publice
1039 2855 1069 2905 et
1082 2847 1236 2908 canonice
1256 2857 1358 2928 gerat.

233 2939 330 3016 Quod
348 2937 375 2997 si
395 2931 522 3012 aliquis,
543 2939 608 2992 tum
627 2925 711 2987 liber
725 2946 823 3008 quam
841 2945 962 3001 servus,
985 2936 1038 2985 aut
1048 2929 1285 2990 ecclesiasticus
1300 2929 1354 2988 rel

233 3021 405 3104 fiscalinus,
428 3007 591 3092 Episcopo
609 3005 746 3098 proprio
765 3007 818 3067 vel
840 3027 896 3066 suo
918 3008 1094 3086 Sacerdoti,
1117 3020 1172 3087 aut
1189 3009 1355 3070 Archidia-

233 3124 327 3180 cono,
348 3095 537 3159 inobediens
559 3091 610 3152 vel
633 3098 805 3152 contumax
822 3088 890 3151 sire
907 3089 946 3172 de
964 3090 1027 3150 hoc
1049 3093 1116 3152 sive
1134 3093 1173 3152 de
1192 3093 1255 3152 alio
1269 3114 1355 3172 qno-

233 3185 313 3245 Iibet
340 3182 461 3243 scelere
487 3171 648 3248 extiterit,
671 3191 780 3231 omnes
799 3191 850 3232 res
873 3171 942 3231 eius
969 3173 985 3232 a
1013 3173 1137 3234 Comite
1162 3181 1226 3234 eta
1255 3173 1354 3234 Misso

233 3266 395 3328 dominico
416 3261 444 3321 oi
465 3251 702 3319 contendantur
726 3273 827 3332 usque
852 3253 927 3314 dum
949 3253 1107 3338 Episcopo
1129 3278 1185 3317 sun
1214 3254 1356 3331 obediat,

233 3359 270 3408 ut
292 3345 447 3408 canonice
468 3339 641 3423 poeniteat.
684 3335 780 3412 Quod
804 3333 829 3395 si
845 3339 907 3396 'nec
930 3356 963 3396 se
984 3338 1026 3396 ita
1039 3340 1237 3414 ‘correxerit,
1264 3339 1356 3398 etad

232 3430 427 3512 Episcopum
440 3434 471 3484 et
486 3419 671 3482 canonicam
683 3415 916 3498 poenitentiam
933 3419 1044 3480 venire
1063 3420 1236 3496 distulerit,
1259 3419 1354 3480 iaCo·

232 3513 308 3589 mite
333 3502 640 3590 comprehendatur,
669 3509 700 3572 et
733 3498 765 3556 in
792 3520 952 3560 carcerem
975 3503 1033 3561 snb
1061 3504 1173 3586 magna
1204 3523 1356 3563 aerumna

230 3596 560 3660 retrusus‘teneatur,
583 3602 642 3642 noc
658 3599 766 3641 rerum
786 3603 914 3642 suarum
928 3593 1112 3664 potestatem
1131 3586 1255 3659 lrabeat,
1273 3606 1355 3665 quo·
1437 3592 1438 3618 ³

233 3697 335 3758 usque
347 3663 667 3754 Episcopusiusserit.
695 3665 793 3738 Quod
809 3668 834 3723 si
849 3666 960 3725 Comes
975 3667 1025 3726 vel
1045 3666 1113 3728 eius
1133 3666 1281 3727 minister
1295 3668 1355 3726 hoc

234 3759 407 3839 adimplere
421 3747 615 3820 distulerint,
626 3745 779 3806 canonice
791 3747 829 3806 ab
841 3745 1000 3828 Episcopo
1011 3771 1068 3810 suo
1085 3749 1164 3809 vcl'd
1173 3749 1354 3809 suo'minis-

233 3854 283 3918 tro
308 3833 618 3901 excommunicatum
651 3837 683 3888 et
699 3848 799 3906 usque
817 3829 893 3887 dum
907 3828 987 3890 haec
1008 3831 1146 3912 pleniter
1168 3831 1352 3911 adimpleat,

228 3913 359 4005 ‘smper
388 3912 611 3978 communione
639 3908 872 3970 catholicorum
893 3923 1024 3988 curem,
1055 3917 1157 3993 usque
1188 3912 1266 3972 duni
1292 3913 1353 3992 ipsi

229 4006 391 4087 'Episcopo
409 3995 579 4060 humanius
592 4011 667 4071 erga
680 4013 751 4051 eum
768 3993 891 4074 aliquid
905 4015 996 4074 agere
1012 3995 1177 4074 placuerit.
1201 3995 1235 4053 Si
1253 4011 1353 4069 vero,

234 4088 322 4168 qu‘dd
349 4104 412 4146 uon
436 4085 596 4160 optamus,
619 4073 685 4154 ipse
704 4075 815 4134 Comes
837 4084 892 4133 aut
916 4077 954 4134 de
975 4077 1144 4156 praedictis
1167 4075 1269 4135 causis
1299 4085 1356 4134 aut

172 4165 173 4170 ἵ
232 4169 367 4250 deipsis
381 4156 708 4226 excommunicatione
727 4157 915 4216 inobediens
936 4167 988 4216 ant
1005 4159 1355 4239 neglcgens'apparue.

232 4251 293 4329 rit,
312 4251 437 4310 honore
459 4241 626 4310 comitatus
649 4238 769 4320 pariter
789 4248 822 4298 et
835 4239 1065 4310 commuuione
1089 4249 1216 4316 ,careat.,
1251 4259 1353 4321 usque
