2948 4990
562 363 676 420 arara
702 363 857 422 sexsus.
1166 353 1167 358 ‘
1188 341 1261 415 613

125 503 230 564 hoca
254 523 416 586 quoquam
434 501 504 565 lieri
523 505 748 587 praecipiatur.
791 507 823 569 Si
842 504 915 588 quis
942 524 1019 565 vero
1048 510 1159 565 contra
1184 503 1264 567 haec

126 607 226 667 agere
246 588 513 668 praesumpserit,
544 588 570 648 si
588 589 785 671 Episcopus,
811 589 1006 670 Presbyter,
1030 596 1085 646 aut
1101 585 1264 648 Diaconus

124 669 247 743 fuerit,
273 668 404 750 proprio
426 670 654 730 submoveatur
678 672 787 752 gradu.
837 671 871 732 si
898 690 975 733 vero
1000 667 1174 732 monachus
1210 678 1265 729 aut

124 750 232 811 laicus
248 751 348 811 fuerit
359 754 586 814 communione
604 753 759 835 privetur.
799 755 843 816 Et
855 753 882 814 si
898 751 1180 836 perseveraverint
1196 751 1265 812 ino-

125 833 311 911 bedientes,
330 834 653 900 anathematizentur.

510 942 559 1000 De
577 941 705 1003 Clericis
719 941 878 1022 falsariis.

210 1045 361 1107 CXXlIl.
406 1047 439 1106 Si
456 1047 628 1130 Presbyter
643 1048 694 1109 rel
717 1047 879 1108 Diaconus
901 1049 934 1108 in
962 1071 1056 1110 causa
1075 1049 1262 1132 pecuniaria

124 1131 245 1192 falsum
259 1128 478 1190 testimonium
500 1130 653 1206 dixerint,
680 1151 739 1206 per
764 1141 827 1190 tres
850 1152 950 1191 annos
971 1144 1162 1212 separentur
1178 1156 1194 1191 a
1211 1154 1262 1192 su-

127 1235 184 1274 cro
209 1211 400 1272 ministerio.
444 1212 476 1272 si
494 1210 526 1270 in
544 1211 703 1271 criminali
723 1232 817 1273 causa
835 1214 951 1274 salsum
968 1213 1129 1292 dixerint,
1160 1215 1261 1294 depo-

126 1304 266 1371 nantur,
288 1305 319 1354 et
344 1292 494 1375 legitimis
516 1295 629 1381 poenis
647 1296 856 1360 subiciuntur.
912 1298 1037 1357 Caeteri
1053 1319 1130 1358 vero
1140 1295 1261 1359 Clerici

125 1378 159 1436 in
183 1397 381 1471 quiscunque
398 1376 536 1437 falsitate
562 1377 704 1438 convicti
728 1379 872 1456 fuerint,
901 1378 1134 1460 degradentur,
1160 1387 1193 1440 et
1212 1377 1260 1440 le·

125 1461 248 1544 gilimis
264 1458 465 1520 subiciantur
480 1459 667 1544 disciplinis.

297 1564 338 1625 Ut
366 1564 482 1624 Clerici
511 1587 575 1626 non
600 1567 732 1628 babeant
765 1563 902 1629 actiones
929 1569 1092 1630 seculares.

207 1671 356 1734 CXXIV.
400 1669 545 1732 Clericus
569 1671 623 1732 vel
641 1673 817 1734 monachus
835 1695 941 1756 neque
961 1684 1090 1735 exactor
1109 1677 1257 1756 publica·

124 1775 216 1830 rum,
246 1775 354 1833 neque
373 1753 569 1829 conductor,
592 1765 647 1813 aut
665 1756 869 1837 vectigalium
887 1756 1054 1838 magister,
1083 1760 1136 1818 vel
1164 1781 1257 1819 curu-

125 1846 175 1896 tor
193 1837 319 1911 domus,
338 1835 388 1894 vel
404 1846 592 1916 procurator
607 1836 681 1913 litis,
706 1839 758 1897 vel
779 1839 947 1899 fideiussor
960 1840 991 1898 in
1017 1839 1134 1900 talibus
1154 1842 1257 1902 causis

124 1921 186 1980 fiat.
232 1919 266 1978 si
287 1917 360 1999 quis
382 1926 494 1978 contra
518 1917 597 1979 haec
625 1929 739 1980 statuta
767 1921 899 1998 feccrit,
938 1921 963 1982 si
987 1921 1164 2004 Episcopus
1188 1932 1255 2000 est,

125 2023 236 2062 omnes
256 2000 391 2060 istorum
411 2021 462 2059 res
481 2023 520 2061 ex
541 2023 735 2083 quacunque
753 2026 844 2063 causa
862 2005 914 2063 vel
932 2025 1079 2083 persona,
1095 2006 1162 2067 sive
1182 2015 1256 2067 ante

126 2084 346 2163 episcopatum
360 2082 428 2142 sire
446 2093 555 2163 postea
572 2085 610 2144 ad
627 2107 699 2146 eum
719 2087 911 2163 pervenerit,
933 2086 1096 2146 Ecclesiae
1112 2109 1187 2148 suae
1202 2110 1254 2150 eas

125 2166 291 2226 vindicare
311 2164 478 2230 sancimus.
522 2167 651 2226 sivero
678 2168 733 2226 alii
758 2168 877 2228 Clerici
901 2168 962 2228 hoc
991 2167 1149 2246 iecerint,
1173 2191 1254 2252 poe-

125 2269 199 2308 nam
214 2247 445 2328 pecuniarum,
472 2249 567 2327 quam
585 2249 761 2331 Episcopus
778 2250 1008 2320 existimaverit
1025 2251 1166 2332 erigere,
1195 2253 1254 2314 Ec-

125 2330 240 2391 clesiae
257 2329 491 2395 vindicandam.
534 2330 574 2390 Hi
594 2353 671 2392 vero
690 2331 746 2414 qui
764 2333 905 2394 actiones
929 2355 1000 2393 suas
1015 2332 1060 2393 eis
1086 2333 1253 2396 commise-

123 2422 217 2488 runt,
241 2412 295 2470 vel
318 2410 520 2473 fideiussores
536 2435 590 2474 eos
615 2436 673 2494 pro
702 2415 892 2492 supradictis
914 2414 1016 2476 causis
1040 2426 1252 2496 aeceperunt,

125 2496 251 2566 nullam
273 2503 383 2553 contra
403 2494 581 2556 Ecclesiam
598 2498 649 2556 vel
667 2497 938 2558 administratores
959 2496 1038 2570 eius,
1067 2497 1120 2557 vel
1137 2496 1253 2558 adrer-

123 2599 174 2638 sus
201 2579 285 2659 ipsas
307 2597 457 2656 personas
478 2579 808 2657 queserediderunt,
841 2579 979 2640 habeant
1000 2579 1168 2642 actionem.
1218 2579 1253 2640 si

124 2680 201 2719 vero
220 2659 295 2740 quis
315 2680 369 2718 eos
383 2680 441 2738 pro
460 2661 592 2741 publico
614 2662 722 2721 debito
746 2663 799 2722 rel
833 2664 957 2723 actione
986 2660 1171 2735 crediderit,
1201 2663 1252 2721 vel

124 2741 328 2802 fideiussores
350 2742 521 2825 receperit,
536 2745 574 2805 de
591 2765 648 2803 sua
664 2744 839 2806 substantia
856 2746 924 2807 fisci
943 2744 1087 2805 debitum
1110 2744 1252 2824 compel-

125 2822 207 2886 latur
222 2825 402 2888 exsolvere.
528 2825 531 2830 ’

361 2930 410 2989 De
424 2930 554 2990 Clericis
567 2935 622 3015 qui
639 2932 678 2992 de
691 2933 834 2994 Ecclesia
849 2932 1014 2996 desistunt.

204 3035 339 3098 CXXV:
389 3036 524 3098 Clericis
564 3038 602 3097 de
636 3039 780 3100 Ecclesia
806 3039 1043 3113 desistentibus,
1072 3049 1104 3099 et
1123 3039 1193 3100 aliis
1216 3042 1250 3101 in

125 3120 194 3179 loco
210 3118 379 3192 revocatis,
397 3119 422 3178 si
445 3118 601 3180 redierint
619 3121 775 3198 discessi,
798 3120 882 3180 nihil
901 3121 946 3183 eis
966 3129 1155 3203 praestetur.
1184 3125 1251 3186 Hoc

125 3223 201 3261 vero
221 3202 309 3282 quod
331 3199 531 3262 discedentes
561 3203 784 3285 reliquerunt,
824 3225 890 3265 non
923 3203 957 3264 in
985 3225 1046 3265 usu
1071 3209 1251 3284 rectorum,

125 3284 180 3343 sed
199 3281 448 3344 succedentibus
472 3284 573 3349 cedat.

505 3391 620 3472 Quales
644 3392 707 3450 sint
734 3392 859 3453 Clerici.

205 3468 357 3534 CXXVI.
409 3471 508 3530 Nemo
537 3473 591 3533 fiat
618 3473 762 3536 Clericus
792 3474 854 3535 nisi
879 3474 935 3557 qui
956 3476 1077 3536 bonum
1106 3478 1250 3540 testimo-

126 3548 214 3612 nium
233 3553 370 3628 habeat,
395 3563 429 3612 et
443 3552 599 3615 litteratus
618 3565 674 3616 est.

441 3659 489 3717 ‚De
513 3659 711 3720 multitudine
744 3661 944 3730 Clericorum.

204 3761 370 3828 CXXVIl.
412 3763 459 3822 Ne
473 3763 588 3845 passim
605 3764 785 3846 Episcopus
801 3768 1252 3834 multitudinemClericorum

127 3840 218 3902 faciat
238 3845 294 3905 sed
312 3844 491 3906 secundum
519 3845 669 3906 meritum
691 3850 744 3910 rel
780 3851 920 3912 reditum
946 3853 1164 3916 Ecclesiarurn
1187 3880 1250 3919 nu-

126 3941 228 3986 merus
253 3927 447 3993 moderetur,

467 4033 514 4092 De
533 4034 786 4098 ordinationibus
801 4043 908 4099 sacris.

145 4211 151 4223 υ
205 4134 396 4208 CXXVIII.
438 4139 574 4217 Lector,
596 4141 835 4222 SubdiaconuS,
857 4146 1037 4226 Diaconus,
1058 4152 1249 4235 Presbyter,

130 4217 349 4307 stflclericatus
374 4221 531 4283 honorem
557 4226 811 4308 contempserint
834 4229 949 4308 curiali
975 4232 1153 4296 conditioni
1179 4257 1253 4297 cum

128 4313 189 4357 sun
212 4302 417 4366 facultatibus
437 4305 646 4370 subiciantur.
