2926 4986
495 391 497 398 Α
522 315 642 390 ,arana
671 301 876 373 'asarinus
1199 297 1280 374 7352
1296 303 1309 373 ⁴.

142 448 191 512 De
214 451 263 511 lais
282 455 337 534 paci
358 473 407 515 res
427 431 589 517 Ecclesiae
611 457 630 518 b
648 437 848 540 Principibus
866 465 989 538 petunt,
1012 467 1046 517 ut
1066 445 1162 528 irrita
1179 457 1272 520 babe-

205 557 220 620 ᾗ
248 549 435 617 nuceranae
448 541 599 610 obtinent,
618 539 722 622 etipsi
738 539 954 598 communione
967 539 1146 620 priventur.

125 641 126 644 ’
188 694 190 702 .
226 639 385 707 CCLXV.
429 643 493 720 Qui
521 643 665 718 reculam
688 641 854 704 Ecclesiae
875 650 992 724 petunt
1020 643 1273 728 bRegibus,et

72 787 75 802 ,
139 719 324 784 horrendae
350 723 532 807 cupiditatis
550 727 691 807 impulsu
709 727 873 807 egentium
891 724 1096 786 substantiam
1120 729 1270 810 rapiunt,

141 803 231 866 irrita
246 805 426 866 habeantur
441 829 523 889 quae
547 809 711 884 obtinent,
736 817 769 868 et
799 809 816 867 a
839 808 1065 870 communione
1090 810 1270 889 Ecclesiae,

140 888 233 948 cuius
249 889 434 950 facultatem
448 893 573 952 auferre
595 892 742 974 cupiunt,
756 890 981 956 excludantur.
1010 892 1146 976 Capitol.
1157 912 1188 954 a.
1200 895 1270 976 744.

141 989 167 1028 c.
189 973 230 1048 8.,
249 971 383 1055 Capitol.
405 978 472 1038 III.
488 997 517 1039 a.
534 975 604 1052 814.
621 997 646 1040 c.
664 975 694 1050 4.

144 1073 187 1137 Ut
211 1077 316 1136 nulius
342 1075 518 1164 Episcopus
546 1079 586 1140 de
608 1071 737 1140 alterius
768 1077 920 1166 Episcopi
941 1065 1079 1146 dicicesi
1103 1082 1269 1167 quicquam

215 1235 225 1245 ,.
613 1173 802 1246 praesumat.
1050 1223 1053 1232 ,
1264 1205 1268 1212 -

223 1262 400 1328 CCLXVI.
441 1267 488 1328 Ne
505 1266 671 1350 parochias
697 1267 870 1328 cuiuslibet
895 1265 1046 1350 Episcopi
1063 1266 1202 1330 alterius
1219 1269 1268 1330 ci-

136 1345 243 1412 vitatis
259 1349 436 1430 Episcopus
454 1372 616 1411 canonum
636 1359 808 1410 temerator
827 1349 965 1427 invadat,
989 1357 1022 1410 et
1039 1371 1175 1427 vesanae
1207 1375 1266 1413 cu-

135 1431 279 1514 piditatis
308 1428 431 1494 facibus
459 1431 682 1510 inflammatus,
705 1431 836 1515 suisque
855 1432 1027 1506 admodum
1043 1453 1109 1492 non
1130 1442 1269 1496 conten·

136 1523 201 1589 tus,
220 1514 322 1596 rapiat
345 1516 459 1577 aliena.

141 1619 186 1681 Ut
204 1621 238 1680 1ιί
260 1622 316 1702 qui
339 1643 389 1682 res
414 1620 579 1686 Ecclesiae,
596 1617 767 1695 invadunt,
795 1631 932 1697 vastant,
956 1617 1012 1680 vel
1036 1617 1210 1704 diripiunt,
1238 1621 1268 1680 si

135 1716 282 1764 monente
294 1703 452 1788 Episcopo
474 1725 537 1764 non
565 1724 597 1763 se
623 1703 835 1772 correxerint,
857 1704 1072 1776 communione
1092 1703 1266 1790 priventur,

135 1866 138 1872 ,
220 1809 407 1872 CCLXVII.
447 1808 482 1870 si
513 1807 586 1890 quis
618 1805 844 1888 cuiuscunque
875 1805 1265 1887 munuscula.Ecclesiac,

133 1890 254 1952 sanctis
271 1891 501 1972 scripturaram
521 1890 628 1951 titulis
646 1889 784 1964 conlata,
812 1890 934 1949 nefaria
957 1888 1132 1950 calliditate
1156 1889 1266 1951 abstu-

132 1973 223 2052 lerit,
240 1973 448 2054 fraudaverit,
464 1973 630 2048 invaserit,
639 1971 861 2043 retentaverit,
877 1981 971 2051 atque
992 1975 1213 2052 suppresserit,
1232 1980 1265 2033 et

131 2077 201 2116 non
232 2055 337 2118 statim
361 2058 377 2117 b
400 2058 572 2117 Sacerdote
603 2051 815 2116 commonitus
829 2055 900 2114 Deo
921 2053 1095 2114 auxiliante
1114 2053 1265 2116 reddide-

130 2139 189 2218 rit,
208 2137 246 2198 ab
264 2137 429 2200 Ecclesiae
450 2137 624 2200 catholicae
645 2131 870 2197 communione
884 2136 1033 2217 pellatur.
1076 2135 1135 2201 VI.
1156 2137 1223 2214 ¹34·

218 2243 260 2334 Ut
275 2245 468 2330 posteriores
488 2244 640 2333 Episcopi
656 2264 719 2304 non
740 2263 772 2300 se
790 2253 989 2323 praeponant
1006 2241 1181 2324 prioribus.

216 2351 433 2419 CCLXVllI.
473 2354 516 2413 Ut
534 2350 644 2412 nullus
661 2347 838 2432 Episcopus
860 2343 1023 2430 prioribus
1047 2345 1113 2408 suis
1139 2367 1173 2410 se
1204 2369 1262 2410 au·

129 2434 208 2496 deut
225 2444 431 2517 anteponere.
973 2495 975 2504 ,
1110 2505 1112 2510 Ι

135 2541 181 2602 Ut
203 2541 320 2601 Clerici
339 2544 394 2624 qui
413 2541 481 2602 sine
503 2538 643 2624 epistolis
663 2535 817 2620 Episcopi
836 2533 887 2594 sui
907 2542 1001 2594 entra
1017 2534 1185 2619 propriam
1204 2555 1262 2617 pa·

128 2625 274 2685 rocbiam
291 2625 430 2709 profecti
442 2623 588 2705 suerint,
612 2621 825 2682 commuuione
837 2613 1023 2698 priventur.
1043 2616 1087 2676 Et
1106 2618 1135 2677 si
1154 2617 1262 2678 incor-

306 2707 446 2788 rigibiles
467 2704 691 2790 apparuerint,
714 2699 897 2784 verberibus
919 2709 1097 2758 arceantur.
1161 2745 1163 2752 ,

214 2809 392 2874 CCLXIX.
434 2809 569 2872 Clericis
583 2807 652 2870 sine
673 2801 938 2865 commendatitiis
955 2801 1099 2878 epistolis
1108 2803 1260 2888 Episcopi

125 2893 182 2957 sui
205 2894 337 2958 licentia
352 2891 424 2954 ¹non
439 2902 547 2976 pateat
562 2887 729 2971 evagandi,
748 2895 781 2947 et
800 2886 833 2945 in
851 2883 937 2946 omni
959 2883 1032 2945 loco
1048 2886 1087 2946 ad
1105 2908 1203 2968 quem
1221 2887 1261 2948 si-

125 2998 172 3049 ne
192 2975 340 3058 epistolis,
352 2977 503 3058 Episcopi
524 2973 585 3052 sui,
606 2982 642 3032 ut
660 2971 782 3031 dictum
806 2976 863 3046 est,
885 2965 1048 3044 venerint,
1073 2966 1091 3027 d
1115 2989 1260 3028 commn-

126 3057 229 3133 nione
247 3059 426 3120 habeantur
444 3055 553 3122 alieni.
594 3056 632 3114 In
647 3050 812 3114 Monachis
834 3068 965 3132 quoque
988 3069 1046 3130 par
1069 3049 1172 3110 forma
1191 3071 1260 3112 ser-

124 3150 241 3212 vetur;
264 3163 345 3222 quos
362 3141 389 3202 si
401 3139 576 3202 uerborum
595 3134 772 3216 increpatio
790 3153 855 3193 non
883 3131 1138 3193 emendaverunt
1164 3132 1260 3194 etiam

125 3223 148 3282 al
166 3223 354 3286 verberibus
370 3223 535 3284 statuimus
548 3217 702 3281 coerceri.

125 3329 178 3390 De
201 3329 353 3402 Clericis,
376 3329 404 3387 si
424 3327 604 3389 ebrictatem
624 3343 687 3384 non
709 3320 897 3393 vitaverint,
928 3323 1257 3384 ut‘esccommunicen-

510 3421 561 3467 tur
580 3408 638 3466 aut'
662 3405 877 3478 verberentur.
952 3413 954 3421 ’
1077 3405 1079 3410 ’

212 3491 371 3557 CCLXX.
412 3489 497 3552 Ante
516 3488 623 3550 omnia
640 3485 774 3547 Clericis
792 3485 912 3546 vitetur
932 3481 1077 3560 ebrietas,
1092 3502 1175 3565 quae
1194 3507 1259 3546 om-

125 3577 220 3640 'nium
239 3576 391 3637 vitiorum
411 3575 512 3634 fomes
529 3593 564 3630 ac
589 3567 700 3629 nutrix
723 3577 778 3632 est.
818 3568 885 3628 Nec
903 3567 977 3648 quis
994 3566 1259 3648 potestgliberum

125 3659 273 3744 corporis
292 3659 342 3719 sui
362 3679 397 3718 ac
418 3656 533 3716 mentis
550 3652 668 3712 habere
691 3649 858 3725 indicium,
888 3649 955 3729 qui,
986 3658 1096 3730 captus
1129 3649 1258 3727 vino,d

125 3767 224 3805 sensu
241 3743 396 3824 probatur
411 3739 553 3806 alienus;
577 3745 608 3796 et
630 3732 807 3816 proclivius
830 3733 869 3791 ud
884 3731 1041 3791 iudicium
1060 3751 1153 3790 mens
1173 3731 1259 3792 labe-

125 3827 212 3886 facta'
231 3825 371 3898 ducitur,
397 3823 644 3904 utplerumque
663 3816 763 3898 possit
779 3823 946 3896 peccatum
960 3821 1015 3872 aut
1032 3810 1167 3886 crimen,
1178 3813 1257 3873 dum

126 3908 241 3984 nescit,
263 3908 441 3970 incurrere.
483 3898 671 3983 ignorantia
686 3918 762 3960 vero
783 3897 856 3956 talis
887 3917 951 3966 non
981 3901 1089 3977 potest
1114 3891 1256 3975 effugere

123 4011 273 4072 poenam,
289 4010 385 4070 quam
397 4009 437 4048 ex
453 3981 634 4047 voluntaria
653 3979 792 4040 amentia
804 3999 945 4038 manasse
969 3973 1158 4038 constiterit.
1189 3977 1255 4036 Ita-

124 4093 190 4152 que
217 4090 442 4153 quemcunque
468 4067 593 4128 ebrium
612 4062 711 4123 fuisse
734 4061 924 4137 constiterit,
949 4069 986 4120 ut
1010 4055 1090 4117 ordo
1122 4056 1255 4138 patitur,

124 4165 182 4216 aut
196 4145 405 4236 quadraginta
425 4149 551 4210 dierum
573 4145 674 4227 spatio
695 4145 713 4204 b
733 4143 959 4203 communione
983 4137 1149 4201 statuimus
1177 4140 1254 4201 sub-

122 4235 334 4320 movendum,
344 4243 400 4296 aut
410 4224 780 4320 corporalisubdendam
789 4247 855 4287 csse
865 4219 1144 4308 supplicio.Supra
1152 4243 1178 4289 c.
1192 4225 1254 4302 218
