2910 4984
499 333 673 389 tanturmv
693 335 843 393 rearis.
1172 323 1246 400 ‘801
1320 310 1327 320 ’

117 465 322 546 sumpserint,
345 468 477 549 reperti,
499 470 614 532 amisso
630 473 755 534 ordinis
773 476 822 534 sui
843 476 953 560 gradu,
966 479 1006 539 in'
1019 481 1250 548 Monastcrium
1269 463 1273 478 ⁸

115 548 338 632 poenitentiae
355 553 594 626 contradantur.
638 555 714 620 VII.
737 577 807 637 ²17·

214 655 312 740 Quocl
329 657 401 718 Lex
423 663 655 743 Imperatorum
677 683 740 722 non
761 664 804 723 sit
830 685 929 749 snpra
947 667 1061 748 Legem
1082 674 1154 740 Dei.

199 761 329 850 XVIII.
372 765 439 844 Lex
452 763 683 848 Imperatorum
701 789 767 828 nou
785 779 832 831 est
848 793 945 856 supra
962 773 1084 860 Legem
1102 781 1176 860 Dei,
1193 782 1251 847 sed

118 847 259 911 subtus.v

138 955 187 1014 De
209 950 404 1034 confessione
423 965 624 1036 peccatorum
644 955 678 1014 in
699 959 843 1019 oratione
867 961 936 1022 Deo
958 964 1075 1026 cotidie
1097 971 1243 1049 agenda.-

198 1059 292 1122 XIX.
334 1059 430 1136 Quod
444 1060 603 1121 confessio
622 1055 855 1144 peccatorum,
868 1051 1003 1151 excepta
1023 1093 1061 1132 ea
1082 1097 1163 1157 quae
1190 1079 1249 1139 Sa‘.

118 1144 304 1205 cerdotibus
329 1143 369 1202 ad
391 1142 563 1202 consilium
595 1144 819 1226 accipiendum
848 1151 1019 1232 Deumque
1055 1156 1250 1238 placandum

117 1228 171 1312 sit,
201 1229 271 1287 Deo
287 1227 477 1306 frequenter
493 1226 526 1284 in
542 1225 687 1288 oratione
698 1227 743 1288 sit
760 1228 918 1299 facienda.
962 1235 1041 1298 VII.
1064 1241 1136 1304 585.

118 1355 216 1442 Quod
236 1356 399 1440 Spiritalis
421 1357 581 1416 examinet
601 1358 724 1434 omnia,
748 1362 862 1444 etipse
882 1363 901 1422 ὰ
924 1366 1013 1428 nullo
1040 1377 1248 1438 exama'netur.

196 1461 272 1529 XX.
315 1460 476 1546 Spiritalis
489 1461 612 1524 iudicat
624 1463 746 1535 omnia;
770 1463 837 1549 ipse
861 1473 999 1532 autema
1018 1477 1147 1542 nemine
1162 1482 1250 1545 iudi.

115 1553 215 1607 catur.

268 1648 309 1712 Ut
331 1663 471 1734 tempore
488 1663 648 1713 menstruo
669 1653 708 1728 ab
728 1656 884 1717 acroribus
902 1659 1104 1744 abstineatur.

198 1757 292 1820 XXI.
332 1757 429 1835 Quod
444 1767 589 1836 tempore
615 1769 782 1820 menstruo
804 1767 938 1826 omnino
958 1767 1008 1828 ab‘
1025 1774 1180 1840 uxoribus
1208 1780 1250 1844 sit
1287 1816 1291 1832 ·

117 1840 352 1906 abstinendum.
398 1839 543 1906 Visos.

117 1949 166 2007 De
188 1948 237 2006 lais
258 1948 313 2031 qui
333 1966 407 2026 erga
428 1943 605 2031 Episcopus
624 1946 680 2006 uel
699 1969 773 2028 erga
785 1950 917 2013 Antores
926 1955 1086 2022 Ecclesiae
1108 1966 1248 2050 aliquam

441 2029 602 2112 quaerelam
623 2029 736 2090 iustam
759 2035 936 2118 habuerint.

197 2135 306 2202 XXII.
327 2136 362 2198 Si
382 2136 438 2218 qui
461 2157 535 2216 erga
550 2134 744 2218 Episcopum
756 2139 808 2199 vel
822 2139 1128 2214 ActoresEcclesiae
1138 2177 1247 2238 quum·
1343 2175 1345 2183 '

115 2219 197 2280 libet
211 2221 376 2319 querelam
389 2219 508 2278 habere
524 2218 639 2278 iustam
652 2240 685 2278 se
700 2220 913 2302 crediderint,
938 2249 1003 2288 nou
1018 2233 1174 2299 Primates
1191 2251 1246 2302 aut

116 2305 196 2363 alios
214 2303 328 2362 adeant
351 2303 478 2362 Iudices
495 2300 680 2382 priusquam
699 2303 783 2385 ipsos
799 2307 1000 2385 conveniant
1023 2315 1245 2400 familiariter,

116 2407 182 2444 non
197 2385 306 2460 semei,
321 2385 375 2444 sed
389 2383 582 2466 saepissime,
598 2384 684 2444 atah
707 2387 751 2446 eis
769 2395 823 2446 aut
837 2410 925 2448 suam
946 2391 1098 2458 iustitiam
1112 2411 1166 2460 aut
1185 2405 1246 2466 ius-

114 2477 178 2528 tam
195 2465 354 2546 recipiant
371 2467 619 2527 excusationem.
662 2467 697 2526 Si
716 2478 824 2528 autem
842 2491 933 2532 secus
955 2477 1091 2557 egerint,
1112 2483 1150 2542 ab
1168 2485 1245 2566 ipsis

115 2559 147 2610 et
160 2551 198 2610 ab
227 2549 297 2610 aliis
314 2550 539 2616 communione
554 2550 740 2630 priventur,
761 2560 914 2632 tanquam
933 2554 1161 2638 Apostolorum
1181 2570 1245 2628 Pa.

112 2641 264 2714 trumque
307 2633 444 2693 aliorum
477 2639 732 2711 contemptores,
766 2633 805 2692 de
840 2635 957 2716 quibus
984 2641 1028 2701 ait
1062 2646 1243 2729 Propheta:

111 2715 216 2859 ilum
230 2718 325 2860 guasi
345 2738 408 2776 non
427 2717 506 2792 sint,
536 2726 565 2774 et
583 2714 731 2796 peribant
752 2715 813 2774 uiri
832 2718 887 2799 qui
907 2724 1127 2790 contradicunt
1149 2729 1244 2794 robis.

146 2800 226 2858 [[,5
250 2820 280 2858 o.

110 2904 159 2962 De
178 2916 332 2989 potestate
353 2902 475 2983 ligandi
503 2915 594 2987 atque
609 2904 775 3046 &alprandi
803 2928 950 2970 concessa
978 2911 1243 2980 Sacerdotibusia

644 3001 743 3053 triste.

108 3105 111 3112 ’
192 3091 316 3154 XXIII.
360 3091 456 3170 Quod
482 3111 573 3151 nosse
590 3102 736 3172 oporteat
750 3093 862 3158 Iaicos
879 3099 1106 3166 Sacerdotibus
1119 3106 1242 3188 ligandi

111 3183 206 3256 atque
227 3175 375 3236 solvendi
401 3183 589 3257 potestatem
607 3175 625 3233 is
646 3175 787 3235 Domino
817 3201 886 3242 esse
910 3184 1077 3265 collatam,
1101 3199 1133 3250 et
1153 3195 1242 3270 quoii

110 3278 222 3318 eorum
236 3256 365 3317 monitis
382 3278 514 3340 parere,
537 3267 632 3340 atque
650 3263 975 3327 excommunicationi
990 3267 1159 3333 humiliter
1170 3279 1243 3336 sub-

110 3341 260 3402 cumhere
279 3340 426 3400 debeant.

113 3445 155 3508 Ut
175 3447 358 3522 Presbyteri
379 3446 434 3528 qui
467 3447 533 3504 sine
558 3461 727 3530 praecepto
756 3449 988 3535 Episcoporum
1018 3455 1063 3514 ad
1091 3471 1240 3524 externas

208 3529 369 3589 Ecclesias
392 3530 590 3606 transierint,
620 3531 874 3592 lacommunione
895 3537 1137 3618 suspendantur.

188 3633 314 3712 XXIV.
355 3633 541 3716 Presbyteri
560 3634 616 3715 qui
636 3635 705 3695 sine
722 3637 861 3698 iussione
885 3642 1008 3722 proprii
1028 3645 1180 3731 Episcopi
1200 3651 1240 3713 de

104 3717 260 3781 Ecclesiis
279 3718 319 3778 ad
334 3717 590 3778 alias'Echesias
607 3719 827 3800 migraverint,
851 3723 999 3784 tamdiuia
1014 3734 1240 3792 communione

105 3801 287 3861 habeantur
307 3800 425 3877 alieni,
448 3799 594 3882 quandiu
617 3803 657 3861 ad
687 3803 815 3862 easdem
836 3805 995 3866 redierint
1019 3810 1180 3875 Ecclesias
1206 3818 1239 3874 in

104 3884 223 3966 quibus
237 3881 388 3966 primitus
408 3893 484 3943 sunt
501 3882 648 3943 instituti.
692 3883 749 3944 VI.
764 3885 814 3950 85.

267 3991 317 4049 De
340 4011 376 4048 eo
399 3991 454 4070 quai
474 3989 536 4049 sibi
557 3989 701 4048 Iudicem
721 3992 916 4050 contrarium
936 3999 1077 4059 senserit.

188 4094 298 4157 XXV.
342 4095 376 4156 Si
400 4095 473 4176 quis
489 4093 633 4154 Iudicem
649 4116 708 4176 pro
728 4096 978 4180 quibuscunque
994 4105 1096 4164 caussis
1125 4105 1241 4168 ariter.

106 4201 177 4242 sum
195 4177 255 4240 sibi
276 4177 425 4253 senserit,
447 4186 501 4236 aut
517 4177 666 4238 habuerit
680 4179 764 4241 forte
786 4191 981 4263 suspectum,
1006 4207 1115 4248 rocem
1136 4193 1242 4275 appel.

56 4294 58 4298 ·
106 4261 236 4325 lationis
253 4259 414 4326 exhibeat.
451 4283 475 4294 ¹*
505 4309 508 4316 ,
721 4275 725 4290 ’

790 4329 822 4345 ‘⁴
897 4380 939 4450 st
