2926 4986
202 289 278 380 730
644 324 931 384 cnrrrunnnwn

203 484 259 548 ges
280 459 333 526 vel
354 461 436 525 iuris
459 461 583 547 species
606 462 717 528 audire
739 463 895 544 noluerit,
916 473 950 527 et
968 471 1079 526 contra
1100 483 1152 525 ess
1173 459 1337 548 iudicare·

202 545 258 625 rit,
280 567 322 608 ex
345 544 406 608 hae
429 565 465 608 re
487 544 666 625 convictus,
688 547 721 628 in
747 569 909 610 carcerem
932 548 1115 632 deputetur.

375 653 426 712 De
445 651 624 736 imperitis,
653 663 688 714 ut
710 653 823 737 peritis
843 673 907 714 nou
929 650 1162 735 praeferantur.

285 755 383 822 CCL.
425 756 530 820 Valde
547 757 697 840 iniquum
713 767 761 819 est
781 766 817 818 ut
833 756 974 840 imperiti
994 754 1166 841 magistris,
1187 756 1265 820 novi
1279 762 1336 819 an-

187 839 313 923 tiquis,
336 841 389 903 rel
411 840 509 903 rudes
537 842 764 924 praeferantur
784 839 936 908 emeritis.

166 997 170 1005 .
206 945 249 1010 Ut
275 943 370 1008 liceat
390 946 602 1027 litigatoribus
626 946 772 1007 uitiatam
793 965 919 1008 causam
947 945 1168 1030 appellationis
1192 943 1334 1010 remedio

242 1031 416 1102 sublevare,
434 1043 466 1090 ct
485 1030 695 1126 appellatores
713 1031 747 1090 in
767 1028 885 1107 nullam
905 1028 1079 1089 custodiam
1097 1027 1291 1106 redigantur.

286 1110 398 1178 CCL'I.
439 1112 566 1174 ludices
587 1112 756 1173 observare
779 1111 901 1180 dehent
919 1120 957 1171 nt
982 1110 1080 1171 liceat
1102 1109 1257 1191 litigatori
1282 1109 1333 1172 vi-

200 1193 311 1256 tiatam
335 1215 463 1260 musam
483 1193 708 1276 appellationis
730 1193 877 1255 remedio
895 1193 1078 1270 sublevare,
1097 1202 1129 1254 et
1154 1193 1334 1273 appellato-

200 1297 253 1340 res
275 1298 336 1350 nec
357 1277 392 1338 iu
415 1297 577 1340 carcerem
597 1276 797 1358 redigantur,
818 1297 880 1337 nec
898 1276 917 1336 d
938 1275 1095 1336 militibus
1116 1275 1238 1335 faciant
1257 1297 1333 1335 cus-

200 1359 320 1432 todire,
342 1359 400 1424 sed
423 1359 586 1442 agendum
606 1359 771 1440 negotium
799 1381 891 1420 suum
919 1356 1015 1419 liberi
1042 1357 1223 1420 observent.
1263 1358 1332 1420 Nec

201 1441 300 1502 etiam
315 1440 357 1503 ,iu
379 1441 576 1526 supplicium
597 1440 763 1504 destinatis
783 1441 967 1524 appellandi
987 1433 1051 1504 voi
1072 1441 1261 1521 denegetur.

204 1545 249 1610 Ut
264 1547 371 1608 nullus
380 1547 504 1629 falsum
519 1548 730 1608 testimoninm
750 1546 845 1612 dicat.
884 1547 928 1608 Et
951 1545 991 1608 cle
1009 1547 1153 1631 periculo
1167 1543 1332 1625 salsorum

323 1697 325 1704 Α
352 1635 490 1702 testium,
508 1650 562 1690 seu
579 1631 773 1714 poenitentia
793 1630 848 1690 vel
870 1631 1042 1692 abiectione
1058 1649 1176 1690 eorum.

285 1708 412 1778 ocull.
453 1711 612 1776 Volumus
638 1720 737 1794 atque
761 1710 975 1793 praecipimus
1001 1719 1038 1772 nt
1062 1730 1173 1772 omnes
1207 1706 1225 1768 d
1249 1707 1333 1770 falso

200 1791 386 1856 testimonio
406 1814 441 1856 se
466 1793 663 1872 abstineant,
687 1793 825 1856 scientes
846 1803 878 1855 et
897 1793 964 1856 hoc·
982 1792 1203 1876 gravissimum
1226 1791 1334 1852 scelus

200 1895 283 1952 esse,
304 1884 338 1936 et
357 1875 397 1936 ab
419 1877 488 1958 ipso
507 1875 650 1938 Domino
670 1875 704 1936 in
725 1886 834 1938 monte
856 1877 946 1939 Sinai
967 1875 1177 1956 prohibitum,
1199 1872 1330 1934 dicente

200 1977 258 2018 eo:
282 1957 356 2018 Non
381 1957 503 2038 falsum
530 1959 740 2020 testimonium
766 1957 901 2020 dixe-ris.
964 1957 1061 2022 Sive:
1095 1957 1210 2018 Falsus
1241 1957 1331 2017 testis

200 2059 265 2099 non
284 2041 347 2099 erit
366 2039 548 2123 impunitus.
603 2039 690 2104 Sciat
711 2041 806 2103 etiam
826 2063 876 2118 se,
894 2039 1042 2124 quisquis
1071 2037 1134 2102 hoo
1161 2046 1331 2121 perpetra-

200 2119 294 2196 verit,
315 2120 371 2181 tali
393 2119 594 2204 poenitentia
613 2124 817 2205 purgandum
841 2123 924 2185 sicut
945 2123 985 2185 de
1003 2121 1168 2206 periurio,
1196 2129 1251 2180 aut
1271 2119 1329 2180 tali

201 2201 406 2264 damnatione
428 2211 461 2264 et
481 2205 813 2267 excommunicatione
832 2205 1017 2268 feriendum
1034 2203 1118 2268 sieut
1134 2203 1174 2264 de
1191 2201 1330 2264 homici-

202 2281 256 2344 dio
277 2285 330 2346 vel
351 2285 505 2368 periurio.
534 2287 663 2347 Summa
684 2287 771 2348 enim
790 2289 969 2350 stultitiast
989 2286 1135 2371 nequitia
1155 2293 1203 2346 est
1223 2295 1259 2344 ut
1273 2283 1331 2344 ali·

202 2365 275 2448 quis
302 2365 400 2450 homo
423 2367 480 2450 qui
501 2367 685 2430 Christiano
711 2371 841 2432 nomine
866 2380 1035 2448 censetur,
1062 2390 1122 2451 pro
1150 2367 1329 2448 cupiditate

200 2448 327 2529 argenti
350 2459 382 2512 et
402 2450 493 2528 auri,
515 2460 572 2511 aut
589 2449 855 2514 'vestimentorum
878 2453 947 2515 sire
965 2457 1121 2534 ‘agrorum
1144 2449 1330 2512 velcuius-

200 2528 280 2591 libet
299 2534 347 2594 rei
368 2531 452 2594 sicut
471 2554 565 2616 saepe
587 2533 775 2616 contingere
796 2536 894 2613 solet,
915 2545 1046 2618 propter
1066 2532 1253 2596 ebrietatem
1273 2537 1329 2612 aut

200 2613 324 2676 ventris
344 2615 538 2698 ingluviem,
558 2614 593 2676 in
620 2626 683 2677 tam
703 2618 823 2698 grande
844 2619 949 2680 scelus
974 2625 1103 2678 corruat
1120 2624 1234 2676 utaut
1253 2635 1328 2694 sep·

198 2697 378 2759 lemensis
399 2699 433 2758 in
456 2706 545 2768 arcta
573 2719 725 2760 aerumna
753 2699 809 2774 sit,
838 2709 895 2760 ant
922 2699 962 2759 ab
987 2699 1132 2759 Ecclesia
1153 2692 1195 2758 sit
1214 2696 1327 2776 repul-

196 2797 261 2854 sus,
283 2778 411 2842 dicente
430 2779 588 2842 Dominus
611 2779 700 2864 Qsaid
716 2781 848 2865 prodest
856 2782 974 2843 homini
993 2781 1023 2840 si
1041 2783 1180 2845 lueretur
1196 2778 1331 2838 univer-'

196 2877 266 2919 surn
280 2861 443 2935 mundum,
465 2864 587 2924 animae
606 2883 774 2940 veronicae
793 2863 1014 2924 detrimentum
1026 2862 1158 2944 faeiat?

199 2965 296 3048 Quod
313 2968 444 3028 eandem
455 2989 589 3052 poenam
600 2989 752 3050 passurus
768 2969 811 3030 sit
825 2982 1015 3041 accrasator„
1030 2969 1059 3032 si.
1074 2967 1256 3030 convincere
1277 2987 1330 3042 ac-

326 3065 465 3111 cusatum
488 3072 551 3111 non
566 3052 721 3134 ‘potuerim
743 3071 834 3134 quam
854 3071 924 3112 reus
945 3070 1095 3134 passurus
1116 3061 1194 3109 erat.

282 3129 430 3197 cctllt.
471 3134 613 3194 Poenam
629 3153 726 3213 quam
742 3155 816 3194 reus
829 3155 976 3215 passurus
994 3141 1074 3210 erat,
1094 3139 1258 3193 aecusator
1272 3152 1327 3192 ex-

198 3213 297 3295 cipiat
317 3214 343 3276 si
364 3213 557 3276 convincere
581 3235 655 3277 eum
679 3236 744 3276 non
767 3217 917 3298 potuerit.
957 3217 1057 3276 Nemo
1079 3223 1184 3295 potest
1204 3213 1326 3274 debito-

196 3316 266 3356 rem
289 3297 371 3380 plus
384 3318 568 3384 agnoscere,
591 3318 686 3380 quam
707 3297 765 3360 ille
786 3296 843 3382 qui
865 3297 1003 3360 iniuriae
1024 3295 1179 3358 sustinuit
1205 3297 1325 3380 nequi-

197 3377 283 3445 tiam.
428 3393 430 3400 “
565 3403 568 3408 ·
1234 3457 1236 3462 Ι

280 3482 377 3630 guod
392 3485 539 3568 prolator
562 3505 683 3569 semper
704 3485 891 3571 scripturam
919 3483 1092 3570 adfirmare
1119 3483 1248 3548 deleat„

311 3565 426 3632 CLIV.
468 3567 628 3628 Statntum
651 3577 699 3630 est
726 3578 763 3630 ut
783 3567 973 3650 scripturum
1000 3567 1144 3648 prolator
1165 3567 1324 3634 adfirmet.

194 3653 275 3714 Nam
307 3649 334 3712 si
359 3649 386 3712 is
412 3649 467 3732 qni
490 3651 678 3734 scripturam
697 3651 850 3732 protulit,
878 3650 946 3712 eius
970 3671 1036 3710 nou
1054 3648 1249 3712 adstruxerit
1267 3671 1326 3714 ve-

194 3733 336 3811 ritatem,
357 3743 394 3794 ut
407 3733 554 3795 falsitatis
573 3744 665 3794 reum
691 3753 758 3794 esse
785 3733 1007 3795 detinendum.
1103 3809 1106 3818 Ι
1169 3747 1172 3752 ·
1199 3729 1202 3736 ’

309 3839 350 3902 Ut
367 3861 472 3900 omnes
488 3839 613 3898 Fideles
635 3839 701 3898 suis
714 3838 1042 3926 Episcopisfideliter
1063 3836 1222 3907 obediant.

277 3921 404 3985 CCLV.
447 3921 513 3998 Qui
526 3921 722 4003 Episcopum
738 3945 831 3982 snum
846 3922 988 3982 noluerit
1003 3919 1126 3997 andire,
1148 3931 1179 3982 et
1195 3944 1324 3985 excom-

193 4005 374 4066 municatus
398 4005 507 4083 luerit,
530 4015 562 4065 et
582 4005 739 4081 renuerit,
760 4027 936 4087 perennem
957 4004 1260 4066 condemnationem
1281 4009 1323 4067 E-.

191 4091 397 4172 piscoporum
417 4088 502 4167 apud
516 4091 621 4147 Deum
640 4087 805 4164 sustineat,
829 4098 861 4148 et
882 4089 1015 4168 insuper
1033 4089 1051 4149 a
1069 4085 1189 4171 palatio
1209 4098 1321 4150 nostro

192 4173 234 4233 sit
260 4171 393 4231 ninnino
423 4180 615 4244 extraneus,
647 4178 679 4230 et
706 4191 816 4232 omnes
846 4171 1013 4232 facultates
1039 4173 1108 4235 eius
1142 4169 1182 4230 ad
1215 4173 1322 4254 legiti-

191 4277 258 4317 mos
285 4264 432 4337 parentes
457 4252 654 4337 perveniunt.
