2910 4986
411 379 440 438 x·
513 363 629 420 0000
666 361 825 420 PRIMUS.
870 435 878 448 Α
1195 343 1266 418 405

141 510 188 585 40.
210 511 262 572 00
307 506 480 596 principali
526 503 676 567 cathedra
724 525 773 586 70.
795 502 1247 587 000000070000000000000.

216 589 454 676 Episcopornm.
726 609 775 668 71.
797 587 854 647 Dc
873 585 1048 646 Abbatissis
1072 599 1181 647 contra
1198 609 1267 650 mo-

138 675 185 750 40.
206 677 260 736 00
270 675 370 756 falsis
388 673 563 736 nominibus
581 671 677 732 Sanc·
808 674 884 732 rens*¹
896 666 1056 754 Ecclesiae
1067 669 1135 732 Dei
1140 666 1266 749 sacien-

157 764 159 770 '
217 769 329 818 torum.
608 801 611 809 .
810 754 901 814 tibns.

137 837 184 912 bn.
206 841 263 901 00
280 859 379 900 onore
393 841 418 910 ,0
437 839 510 898 uiro
535 835 675 896 dimissa.
727 857 775 917 70.
798 837 852 896 00
872 833 1003 896 Clerieis
1024 837 1078 917 qrti
1097 833 1267 918 scfingnnt

135 921 184 994 45.
205 925 262 983 00
290 921 452 984 Indicibus
473 919 675 1001 0140000700-
810 939 875 977 esse
900 920 1076 978 monacbos.

213 1003 312 1062 litano
325 1004 478 1086 probatis.
727 1005 775 1084 75.
799 1003 852 1062 Dc
859 999 1108 1084 pseudographis
1125 1013 1154 1061 ct
1163 1000 1268 1060 dubiis

137 1084 183 1160 44.
206 1089 261 1146 00
270 1088 467 1146 accusatione
483 1083 595 1144 nilinm
605 1105 677 1167 per·
807 1083 1050 1144 narrationibus.

216 1188 372 1227 sonarum.
727 1171 775 1248 74.
796 1167 851 1226 00
873 1178 966 1226 cantu
984 1167 1123 1226 Romano
1155 1169 1173 1225 ὰ
1199 1185 1266 1225 mo-

137 1249 186 1323 45.
208 1253 264 1312 00
282 1252 458 1330 uirginibus
478 1248 627 1310 velandis.
808 1251 915 1308 nucleis
932 1247 1122 1330 peragendo.

137 1331 184 1407 46.
207 1334 261 1392 00
278 1334 391 1392 oblatis
412 1353 595 1416 0007000000.
727 1331 777 1413 75.
793 1331 846 1392 00
858 1330 1002 1413 operibns
1014 1331 1266 1412 servilibnsonac

137 1415 184 1494 47.
206 1417 261 1475 00
291 1417 417 1475 ieiuniis
447 1415 466 1474 lc
493 1412 676 1474 Sacerdoti·
810 1413 920 1474 diebus
939 1412 1106 1474 dominicis
1120 1435 1182 1474 000
1196 1424 1268 1470 sunt

218 1497 275 1555 bns
297 1499 483 1558 constitutis.
809 1494 940 1574 agenda.

137 1576 184 1652 48.
206 1581 262 1638 00
277 1581 326 1638 lais
341 1582 396 1663 qni
412 1593 521 1640 contra
533 1591 677 1638 naturam
728 1579 775 1660 76.
799 1577 852 1639 De
867 1576 1103 1662 praedicatione
1132 1577 1265 1661 Episco-

172 1687 175 1698 ¹
212 1675 356 1744 peccunt.
422 1693 423 1696 ¹
805 1658 918 1741 porum
941 1673 970 1719 ct
996 1662 1266 1736 Presbyterornm.

138 1742 185 1822 49.
205 1745 260 1804 00
283 1743 494 1820 Presbyteris,
523 1763 583 1826 quo
604 1755 678 1804 tem·
727 1765 775 1823 77.
799 1745 853 1803 00
870 1743 961 1802 rebus
985 1742 1155 1804 Ecclesiae.

213 1845 294 1906 pore
315 1817 513 1886 ordinentur.
728 1827 776 1904 78.
799 1825 853 1887 00
874 1823 1040 1908 Episcopis
1063 1823 1223 1906 eligendis,

138 1904 185 1967 50.
205 1909 261 1968 00
276 1928 356 1990 pace
377 1908 494 1968 danda.
728 1928 776 1989 79.
801 1907 854 1968 00
871 1906 964 1966 dictis
983 1909 1115 1968 Potrnm
1135 1925 1264 1987 conges-

139 1988 184 2048 51.
206 1992 261 2049 00
289 2012 405 2075 sponsa
427 1992 567 2051 alterins.
809 1989 848 2052 lis
865 2011 926 2073 pro
936 1994 1086 2056 canonica
1092 1988 1264 2075 professio-

139 2071 185 2130 52.
205 2075 262 2132 De
294 2074 471 2133 nominibus
495 2072 676 2132 recitandis.
807 2093 846 2131 ne
855 2117 867 2143 ,
903 2074 976 2155 qttia
992 2071 1264 2132 dehonestabatur.

139 2151 184 2212 55.
207 2153 260 2212 00
294 2154 455 2215 Canonum
479 2155 631 2216 institutis
658 2156 676 2212 b
726 2156 776 2217 80.
796 2157 851 2216 De
869 2156 1002 2215 conlutis
1028 2155 1186 2215 Ecclesiae
1213 2153 1266 2212 di·

214 2235 415 2312 Presbyteris
430 2259 492 2297 non
510 2236 677 2317 ignoranti.
807 2236 965 2296 videndis.

140 2316 185 2390 54.
207 2319 263 2377 00
278 2318 408 2378 Clericis
424 2320 554 2378 alterins
570 2316 676 2400 Episc.
727 2320 777 2380 81.
799 2321 853 2380 De
868 2320 1050 2381 Abbatibns'
1061 2319 1222 2401 eligendis.

140 2397 184 2459 55.
208 2401 262 2459 00
291 2403 390 2459 seruis
417 2401 557 2461 ulterius.
728 2403 777 2461 82.
800 2403 854 2461 De
869 2393 1068 2464 ordinatione
1092 2424 1263 2463 servornm.

110 2480 185 2541 .56.
205 2487 264 2546 00
305 2482 528 2542 Sacerdotibus
570 2493 679 2543 contra
727 2485 777 2546 85.
798 2484 853 2546 Dc
870 2487 1015 2568 personis
1037 2487 1182 2566 nostibus
1203 2504 1264 2548 non

217 2565 394 2636 decretalia
408 2566 576 2643 agentibus.
807 2578 878 2626 snnt
902 2587 951 2625 res
965 2564 1182 2649 accipiendae.
1197 2581 1198 2588 ’

140 2644 185 2725 57.
206 2650 261 2710 00
292 2644 410 2724 viduis,
437 2647 456 2705 ὰ
483 2649 594 2728 quibus
614 2669 678 2708 non
724 2648 774 2722 84.
799 2647 1265 2726 DePresbyterisc-onstitnend.

221 2729 377 2790 velentur.
726 2729 775 2792 85.
798 2733 853 2790 00
880 2734 997 2790 nznnsis
1026 2732 1264 2811 uniuscuiusque

142 2810 188 2871 58.
213 2815 264 2874 00
269 2809 348 2892 fide
366 2811 520 2871 catholica
532 2825 563 2872 et
571 2813 677 2897 primo
808 2811 977 2872 Ecclesiae.

214 2904 384 2976 praecepto
408 2894 495 2971 legis.
727 2893 777 2957 86.
798 2897 854 2960 De
885 2895 1083 2971 Presbyteris
1119 2897 1264 2956 uniuscn·
1298 2953 1301 2962 .

142 2973 188 3056 59.
210 2979 265 3037 00
286 2997 363 3058 pace
380 2989 410 3034 et
422 2973 593 3050 concordia
609 2997 678 3036 ser·
810 2978 917 3057 iusque
936 2977 1105 3044 Ecclesiae.

219 3055 339 3116 nanda.
727 3058 777 3139 87.
799 3061 854 3120 00
876 3059 965 3118 uillis
986 3061 1078 3119 nouis
1100 3072 1131 3121 et
1153 3059 1232 3121 Eccl
1249 3095 1265 3106 -

141 3139 189 3200 60.
211 3143 266 3201 00
284 3138 457 3200 lodicibus.
583 3169 586 3174 ·
695 3189 697 3196 ,
809 3142 865 3201 siis
884 3141 917 3201 in
937 3142 981 3200 eis
1001 3144 1126 3204 noviter
1147 3145 1266 3206 consti-

140 3223 188 3280 61.
208 3223 263 3283 00
284 3225 445 3305 periuriis.
811 3223 895 3283 testis.

141 3303 187 3363 62.
208 3305 265 3364 De
280 3307 418 3384 auguriis
441 3307 496 3366 vel
516 3304 586 3364 aliis
610 3324 677 3362 ma·
727 3307 777 3370 88
800 3307 855 3368 De
872 3309 970 3368 sacris
996 3313 1079 3370 vasis
1105 3311 1264 3372 Ecclesiae

220 3385 346 3468 lcficiis.
773 3451 774 3458 7
810 3390 844 3446 in
862 3391 974 3470 pignus
995 3393 1088 3453 datis·

142 3465 188 3526 65.
210 3471 277 3529 De.
294 3467 368 3529 odio
387 3470 441 3531 uel
455 3467 590 3530 invidia.
728 3473 777 3554 89.
804 3475 858 3534 00
892 3473 1042 3535 Ecclesiis
1073 3474 1264 3552 destructis,

142 3547 189 3626 64.
209 3549 292 3609 Item
310 3549 348 3610 dc
370 3554 509 3613 auaritia
530 3549 585 3611 uel
609 3569 680 3615 con·
810 3555 864 3614 uel
879 3555 918 3614 de
933 3561 1024 3618 nonis
1038 3571 1069 3626 ct
1089 3557 1230 3618 decimis.

221 3631 421 3714 crepisccntin.
728 3659 777 3720 90.
804 3637 857 3698 Dc
870 3637 1081 3713 Ecclesiarnm
1098 3642 1226 3700 bonore.

142 3711 189 3774 65.
212 3715 268 3774 De
286 3715 403 3776 bonore
421 3727 597 3798 parentum.
728 3740 779 3800 9¹·
804 3721 858 3780 De
877 3721 1043 3805 Episcopis
1062 3722 1186 3781 ltaliae.

143 3793 188 3859 66.
209 3795 626 3876 DcfldePresbyterorum
641 3799 678 3857 ab
728 3823 777 3882 92.
800 3803 854 3862 De
875 3805 1071 3880 Presbyteris
1093 3803 1149 3883 orti
1165 3799 1266 3882 femi-

220 3877 389 3960 Episcopis
408 3878 616 3940 discutienda.
810 3904 865 3942 nus
879 3887 913 3944 in
931 3885 1073 3946 domibus
1094 3885 1215 3946 babent.

144 3955 189 4034 67.
212 3962 267 4020 00
293 3964 409 4033 bonore
430 3962 679 4024 EcclesiaeDei.
728 3965 778 4046 95.
802 3968 855 4027 00
888 3967 1087 4044 Presbyteris
1121 3968 1176 4046 70ιὶ
1205 3986 1265 4048 pro

144 4039 190 4100 68.
212 4043 267 4102 00
288 4045 441 4108 ministris
459 4045 582 4110 altcaris.
599 4046 678 4121 Dei,
810 4049 976 4109 chrismate
1012 4053 1045 4108 in
1071 4049 1175 4108 Coena
1197 4049 1267 4107 Do·

222 4137 252 4193 et
281 4123 325 4184 de·
342 4127 460 4186 schola.
811 4131 888 4188 mini
909 4132 1084 4192 veniebant.

145 4201 192 4282 69.
215 4209 268 4267 00
290 4219 364 4266 voto
393 4208 621 4270 blonncborum
650 4221 680 4272 et
728 4212 777 4296 94.
801 4213 856 4272 00
875 4211 1112 4296 proedicationc
1138 4224 1167 4272 et
1192 4234 1267 4273 con-

225 4287 265 4352 cie
284 4289 441 4352 clericatu.
800 4289 988 4381 firrrenticne
1008 4293 1246 4380 Episcopomuit.
