2910 4984
216 155 232 192 θ

175 194 194 227 a

179 272 252 348 862
568 293 726 352 enutrio
760 291 920 366 ancara

68 453 71 464 ·
180 435 267 492 inter
284 449 337 491 eos
352 430 534 492 convenerit
550 445 583 492 nt
608 455 668 516 pro
695 456 789 520 opere
805 431 963 518 faciendo
989 445 1151 514 argentum
1174 436 1317 512 donent,

181 515 274 574 iuxta
287 515 532 574 aestimationem
547 519 651 598 operis
663 519 698 578 in
715 527 842 597 argento
858 516 1061 599 persolvant.-
1081 539 1151 578 cunt
1163 541 1226 601 qeeo
1242 541 1318 604 pre·

181 597 226 657 tio
253 593 370 657 Hector
388 595 549 656 Ecclesiae
571 598 616 658 aa'
635 599 832 682 praedictam
861 600 1122 660 restaurationem
1148 605 1319 683 operarios

181 675 358 740 conducere
376 691 407 738 et
427 680 589 738 materiam
605 701 705 742 emere
725 683 835 762 possit.
877 680 920 741 Et
937 680 991 762 qui
1010 701 1108 742 nonas
1126 697 1157 743 et
1173 683 1318 744 detineas

181 757 260 819 dare
279 761 474 837 neglexerit,
495 763 632 842 priunum
649 762 774 846 quidem
795 763 868 824 illas
889 783 957 821 eum
973 762 1039 840 lege
1059 784 1116 834 sua
1148 766 1315 844 restituat,

181 842 310 924 insuper
330 856 361 901 et
382 841 517 903 bannum
529 857 669 904 nostrum
689 845 807 914 solvam
829 857 864 904 ut
882 845 928 903 ita
943 845 1109 923 castigatus
1125 859 1239 908 caveat
1256 867 1313 922 ne,

180 924 306 1006 saepius
323 923 467 986 iterando
477 967 490 996 ,
513 923 699 1008 beneficium
719 930 851 988 amittat.
890 925 975 987 ibid.
988 945 1015 992 c.
1035 945 1100 986 toa.
1127 955 1129 961 Α

185 1027 228 1092 Ut
244 1029 278 1089 ta·
295 1029 350 1112 qui
368 1041 468 1088 terras
487 1027 693 1092 dominicatas
707 1044 877 1116 propterea
898 1030 1045 1108 excolere
1064 1032 1174 1093 nolunt
1194 1043 1228 1091 ut
1249 1053 1312 1094 no-

180 1132 238 1174 nas
255 1122 287 1173 et
301 1110 437 1172 decimas
455 1110 529 1171 inde
544 1131 607 1172 non
622 1111 759 1184 soleant,
769 1113 906 1198 pleniter
924 1114 1175 1190 constringantur
1187 1127 1222 1174 ut
1234 1116 1313 1177 haee

406 1253 413 1262 ,
456 1193 495 1252 de
512 1193 611 1254 tribus
622 1196 711 1254 annis
725 1195 841 1274 legibus
855 1194 1048 1278 persolvant.

266 1272 414 1338 CLXIX.
456 1278 505 1336 De
527 1275 591 1336 iilis
609 1276 666 1358 qui
682 1297 772 1360 agros
787 1276 995 1338 dominicatos
1010 1284 1179 1359 propterea
1195 1277 1312 1360 negle-

181 1366 263 1442 gunt
282 1360 430 1420 excolere
450 1367 486 1418 ut
501 1378 601 1419 nonas
624 1368 655 1419 ct
674 1359 813 1421 decimas
831 1357 949 1419 exinde
966 1379 1031 1417 non
1046 1361 1252 1440 persolvunt,
1277 1369 1312 1420 et

181 1441 303 1502 alienas
323 1450 423 1502 terras
442 1441 482 1500 ad
499 1441 714 1503 excolendum
728 1449 858 1524 propter
874 1439 935 1500 hoc
954 1440 1135 1522 accipiunt,
1158 1443 1310 1505 volumus

181 1532 217 1585 ut
236 1521 276 1583 de
296 1521 397 1583 tribus
417 1521 509 1583 arinis
524 1521 623 1604 ipsam
637 1545 752 1584 nonam
770 1533 802 1585 et
818 1522 972 1586 decimam
991 1544 1065 1583 oum
1080 1546 1137 1584 sua
1153 1525 1227 1606 lege
1238 1545 1311 1606 per-

180 1606 316 1670 solvant.
361 1607 407 1666 Et
433 1603 460 1666 si
488 1606 560 1686 quis
589 1615 791 1688 contemptor
812 1615 866 1668 ant
891 1605 1024 1666 Comitis
1057 1615 1113 1666 aut
1136 1607 1311 1668 Missurum

181 1691 364 1748 nostrorum
389 1691 521 1770 propter
535 1687 598 1750 boc
614 1689 780 1768 extiterit,
799 1709 859 1773 per
873 1687 1074 1750 fideiussores
1091 1687 1132 1749 ad
1150 1689 1309 1773 palatium

183 1770 297 1832 venire
313 1769 534 1854 compellatur.

474 1873 525 1936 De
539 1874 681 1950 teloneis,
698 1876 753 1938 ubi
771 1897 834 1938 non
846 1875 1022 1956 exigantur.

263 1977 407 2044 CLXX..
437 1981 598 2043 statutum
607 1984 660 2044 'est
674 1992 711 2042 ut
725 1981 781 2044 ubi
805 1991 948 2064 tempore
972 1981 1024 2043 avi
1050 1978 1151 2040 nostri
1172 1981 1306 2042 Domini

180 2063 312 2148 Pippini
329 2064 528 2126 consuetudo
545 2064 607 2124 suit
626 2065 788 2125 teloneum
809 2065 884 2125 dare
901 2063 946 2122 ihi
963 2069 996 2124 et
1019 2062 1052 2122 in
1073 2062 1218 2122 futurum
1246 2065 1307 2126 de-

180 2155 248 2208 tur:
272 2167 346 2206 nam
365 2146 423 2208 ubi
443 2147 572 2211 noviter
586 2146 770 2229 incoeptum
785 2157 832 2209 est
841 2191 854 2220 ,
877 2144 1095 2224 ulterius‘no'u
1115 2153 1235 2226 agatur.
1261 2147 1306 2206 Et

180 2227 383 2310 uhinecesse
406 2239 535 2290 nonest
553 2227 689 2291 fluvium
719 2230 861 2311 aliquem
884 2236 1217 2310 pontevtransmeare,
1250 2229 1306 2291 vel

181 2309 237 2372 ubi
256 2311 344 2373 navis
363 2333 423 2394 per
440 2312 577 2372 mediam
592 2333 705 2394 aquam
723 2321 754 2374 et
770 2313 828 2373 sub
846 2319 944 2393 ponte
964 2309 1060 2387 ierit,
1072 2318 1115 2369 et
1140 2309 1180 2368 ad
1202 2310 1310 2393 ripam

181 2412 247 2454 non
266 2393 593 2478 adpropinquaverit,
617 2415 677 2455 nec
698 2394 741 2454 ibi
763 2394 886 2476 aliquid
901 2401 1043 2474 emptum
1062 2391 1114 2453 vel
1137 2393 1311 2454 renunda-

180 2483 249 2536 tum
265 2475 381 2554 fuerit,
403 2477 539 2537 ulterius
556 2476 719 2537 teloneum
733 2495 799 2537 non
820 2477 923 2536 detur.
964 2475 1006 2535 Et
1021 2483 1225 2554 nemoeogat
1248 2474 1311 2537 ali·

180 2576 237 2618 um
256 2556 295 2617 ad
319 2568 450 2641 pontem
472 2559 518 2620 ire
536 2556 591 2618 uhi
612 2558 699 2619 iuxta
711 2569 843 2640 pontem
857 2579 971 2640 aquam
986 2565 1179 2616 transmeare
1194 2566 1312 2638 potest.

178 2639 295 2722 thui
316 2640 451 2702 ulterius
470 2641 503 2700 in
523 2639 639 2702 talibus
659 2641 758 2720 locis,
788 2642 841 2702 rel
869 2640 908 2700 de
937 2639 989 2698 his
1012 2637 1070 2720 qui
1091 2637 1131 2697 ad
1154 2639 1315 2720 palatium

179 2722 290 2782 souin
313 2719 436 2784 hostem
456 2731 613 2806 pergunt,
636 2722 798 2785 teloneum
822 2720 1035 2796 exactaverit,
1057 2741 1132 2780 cum
1156 2742 1213 2782 sua
1238 2723 1313 2802 lege

179 2803 285 2886 ipsum
304 2806 470 2866 teloneum
487 2805 613 2882 reddat,
637 2816 669 2866 et
682 2806 824 2865 bannum
840 2812 1002 2881 nostrum,
1022 2802 1058 2864 id
1075 2810 1141 2880 est,
1163 2803 1312 2886 sexagin-

179 2891 213 2945 ta
228 2885 364 2965 solidos,
387 2896 566 2969 componat.
610 2887 648 2949 V.
671 2889 719 2948 51.

179 2993 229 3066 De
252 2992 343 3074 rebus
361 2991 520 3053 Ecclesiae
542 3014 619 3075 quae
633 2993 746 3072 absque
767 2991 832 3050 ulla
854 2987 1039 3074 repetitione
1062 2986 1225 3072 abeodem
1242 2988 1309 3049 Ec-

181 3074 276 3136 clesia
298 3094 359 3158 per
388 3076 518 3153 triginta
542 3097 639 3135 annos
661 3089 822 3158 possessae
853 3085 936 3150 sunt,
958 3085 992 3132 ut
1017 3071 1104 3132 nulla
1128 3071 1310 3132 testimonia

345 3177 439 3240 super
450 3157 529 3218 lanc
546 3156 697 3241 deinceps,
706 3156 934 3240 possessionem
950 3156 1150 3237 recipiantur.

262 3260 410 3326 CLXXI.
452 3265 494 3323 Ut
519 3261 557 3324 de
580 3263 675 3324 rebus
693 3261 912 3324 Ecclesiarum
937 3273 1019 3342 quac
1040 3260 1078 3319 ab
1100 3257 1144 3320 eis
1165 3279 1226 3340 per
1246 3258 1310 3317 tri-

189 3345 277 3429 ginta
292 3367 449 3406 annornm
465 3346 564 3427 spatia
578 3346 647 3406 sine
669 3345 737 3406 ulla
751 3343 1012 3425 interpellatione
1032 3354 1192 3424 possessae
1206 3349 1304 3416 sunt,

182 3427 367 3492 testimonia
383 3449 448 3488 non
463 3427 674 3510 recipiantur;
691 3428 797 3490 sedeo
810 3426 903 3486 modo
920 3423 1145 3500 contineantur
1157 3423 1242 3485 sicut
1255 3443 1311 3484 res

184 3510 226 3572 ad
243 3509 355 3652 fisppm
381 3519 526 3653 nostppm
546 3511 745 3596 pertinentes
771 3508 932 3570 contineri
957 3507 1071 3570 solent.
1115 3505 1254 3590 Capitul.
1281 3528 1311 3565 a.

185 3595 256 3676 829.
308 3593 341 3653 it.
369 3612 392 3658 r.
412 3611 438 3653 c.
480 3641 487 3655 .
1174 3595 1178 3602 '
