2948 4990
205 270 287 380 'ott
507 411 510 419 Ι
615 269 927 414 *caerretanus

187 482 189 486 ·
212 467 438 548 obsequentes,
459 465 493 527 in
515 463 762 546 metropolitana
780 461 869 542 sede,
890 473 1118 547 temporeque
1140 473 1359 550 omnes·pro-‘

191 549 367 611 ,vinciales
382 546 544 630 elegerint
562 545 747 628 Pontifices,
769 545 811 610 ad
829 545 1001 632 ‚Syuodum
1012 539 1200 612 ‚faciendam
1216 537 1350 601 devotrs

211 631 325 695 studiis
347 631 562 695 conferamus.
668 655 670 658 ·

248 735 291 800 Ut
310 734 495 816 dignitatem
517 734 661 796 amittant
680 755 787 796 omnes
807 736 862 818 qui
884 733 930 796 ad
954 731 1188 818 expeditionem
1217 747 1317 792 euer-

373 818 452 880 citus
477 839 540 880 non
560 829 712 901 pergunt,
741 830 795 879 out
824 816 864 876 de
887 820 1029 879 exercitu
1041 816 1183 900 fugiunt.

292 922 504 988 cccxxvt
544 921 672 986 Placuit
686 931 722 984 ut
741 923 844 987 omnis
859 922 917 1006 qui
933 923 968 984 iu
990 924 1233 1006 expeditionem
1253 946 1352 990 exer·

212 1010 294 1071 citus
311 1007 430 1090 absque
449 1006 537 1090 gravi
559 1005 747 1069 necessitate
768 1027 835 1068 uon
858 1004 1083 1089 progreditur,
1106 1015 1162 1066 aut
1182 1011 1222 1072 de
1249 1029 1351 1071 exer·

212 1093 278 1153 citu
298 1090 401 1174 fugit,
429 1087 614 1150 testimonio
642 1087 805 1170 dignitatis
830 1109 906 1152 suae
929 1087 971 1150 sit
997 1087 1263 1154 inrevocabiliter
1291 1113 1351 1152 ca·

210 1196 302 1245 reus;
333 1174 377 1233 ita
397 1180 434 1232 ut
459 1171 493 1232 in
520 1168 712 1252 quibusdam
736 1169 861 1234 viltulis
888 1169 943 1234 vel
970 1171 1143 1236 territoriis
1174 1173 1241 1236 sive
1265 1172 1351 1234 vicis

163 1315 168 1322 .
233 1257 378 1333 ectasis),
399 1252 496 1315 huius
514 1251 731 1315 infamationis
744 1249 939 1316 habitatores
962 1251 1103 1336 ipsorum
1122 1255 1269 1318 locorum
1281 1255 1353 1318 sirit

209 1278 407 1422 degeneres,
435 1343 468 1400 et
497 1333 690 1398 testificandi
712 1335 764 1398 vel
787 1332 959 1399 accusandi
990 1337 1115 1398 nullam
1139 1337 1280 1402 babeant
1304 1337 1350 1400 li-

217 1420 367 1482 centiam.
829 1439 833 1449 ·

259 1523 301 1587 Ut
317 1522 489 1586 Christiani
508 1543 551 1588 ex
564 1524 798 1667 propinqub'tote
814 1515 864 1588 sui
886 1523 1046 1608 sanguinis
1066 1509 1222 1590 connubio
1241 1543 1307 1591 nott

295 1687 527 1754 cccxxvll.
570 1691 613 1749 Ut
633 1620 867 1752 Christlidltex
885 1690 1125 1776 propinquitate
1147 1691 1199 1755 sui
1219 1691 1350 1776 sangui·

213 1774 263 1834 nis
285 1772 447 1834 connubia
466 1793 533 1834 non
559 1769 696 1849 ducant,
726 1792 787 1834 nec
814 1772 884 1834 siue
904 1771 1135 1838 benedictione
1162 1773 1349 1844 Sacerdotis

215 1855 339 1916 nubere
365 1855 513 1917 audeant.
555 1850 659 1938 Supra
674 1873 701 1914 c.
725 1855 792 1916 130.

283 1961 325 2024 Ut
345 1981 408 2023 non
429 1962 594 2022 varientur
607 1979 685 2041 quae
707 1972 840 2046 propter
856 1948 1022 2024 utilitatem
1040 1975 1112 2024 sunt
1131 1964 1284 2025 instituta.

296 2064 543 2130 CCCXXVIII.
587 2065 678 2142 Quae
699 2065 741 2128 ad
764 2077 953 2148 perpetuam
968 2067 1138 2130 utilitatem
1157 2081 1234 2132 sunt
1254 2068 1351 2132 insti·

214 2159 305 2228 tutas
317 2149 408 2210 nulla
428 2147 677 2210 commutatione
697 2150 880 2216 varientur:
904 2171 965 2212 nec
987 2151 1028 2210 ad
1043 2152 1203 2233 priiatum
1216 2152 1350 2214 trahan-

214 2242 269 2293 tur
292 2231 506 2310 eommodum,
528 2253 610 2315 quae
630 2228 671 2290 ad
689 2232 812 2294 bouum
829 2243 905 2294 sunt
925 2253 1094 2296 commuue
1115 2235 1265 2318 praefixa.
1307 2236 1351 2296 Et

215 2313 422 2376 manentibus
438 2314 583 2382 terminis
597 2333 677 2395 quos
689 2322 871 2376 statuerunt
880 2323 996 2396 patres,
1013 2336 1108 2378 como
1125 2318 1256 2380 damnet
1271 2318 1351 2380 alie·

217 2419 312 2468 nums
334 2392 392 2458 sed
415 2395 500 2458 intra
515 2396 595 2462 fines
615 2394 762 2481 proprios
777 2407 873 2481 atque
893 2397 1068 2478 legitimos,
1085 2409 1182 2483 prout
1201 2400 1275 2485 quis
1289 2422 1349 2464 vc·

217 2479 327 2554 luerit,
349 2478 382 2537 in
404 2478 576 2541 latitudine
597 2500 630 2541 se
657 2479 796 2542 caritatis
818 2489 977 2546 exerceat.

219 2584 268 2643 De
276 2582 352 2667 fide
377 2583 517 2648 Nicnena
538 2583 701 2649 servande.
742 2585 786 2646 Et
798 2599 832 2646 ut
851 2585 1025 2670 pru'an'leqiu⁴
1039 2584 1252 2651 Ecclesiemm
1272 2590 1338 2656 inte

664 2689 723 2748 gro
746 2681 902 2731 maneant.
955 2715 964 2730 .

304 2691 513 2812 CCCXXlX.
554 2753 595 2813 Ut
612 2749 693 2814 fides
708 2749 850 2812 Nicaena
867 2759 1024 2830 servetur,
1047 2759 1080 2813 et
1099 2750 1269 2836 privilegia
1284 2753 1349 2816 Ec·-

220 2831 391 2896 etesiarum
408 2830 543 2896 inlibata
557 2841 777 2916 permaneant.

383 2947 386 2956 ’
448 2937 546 3022 Quod
566 2952 677 3000 contro
696 2951 789 3024 eaput
810 2959 874 3000 non
896 2939 938 2999 sit
958 2937 1121 3019 agendum.

307 3041 504 3106 CCCXXX.
546 3045 667 3116 Contra
686 3054 782 3130 caput
798 3045 922 3110 etiamsi
943 3044 1129 3108 faciendum
1150 3055 1208 3128 est,
1226 3069 1292 3111 non
1311 3050 1348 3113 li·

220 3127 336 3187 benter
355 3125 560 3189 admittimus.

222 3231 271 3290 De
291 3231 489 3309 Presbyteris
504 3235 561 3314 qui
581 3247 691 3294 contro
712 3233 852 3296 Canones
870 3233 915 3296 ad
926 3236 1106 3298 comitatum
1124 3238 1171 3298 ire
1194 3237 1348 3301 voluerint

271 3315 439 3398 susceptis,
468 3317 523 3399 qui
542 3313 702 3378 dominico
730 3315 856 3379 decreto
881 3321 1094 3382 communione
1119 3320 1217 3381 alieni
1237 3321 1296 3382 de·

672 3446 674 3448 -
700 3411 878 3461 cernuntur.

304 3500 506 3566 CCCXXXI.
547 3503 598 3566 Ex
610 3503 768 3568 relatione
795 3506 999 3587 quorundam
1017 3505 1187 3571 didicimus
1208 3510 1348 3590 qualiter

221 3585 404 3668 Presbyteri
426 3585 483 3674 qui
505 3596 616 3648 contra
639 3608 779 3666 canones
810 3589 979 3652 adversum
1003 3612 1061 3652 noa
1084 3590 1124 3652 ad
1149 3593 1346 3668 comitatum,

223 3668 333 3730 nescio
358 3689 421 3750 qua
445 3667 556 3728 audaci
583 3669 772 3747 temeritate,
793 3670 841 3732 ire
863 3671 1062 3749 voluerunt,
1097 3674 1235 3756 suscepti
1264 3688 1346 3745 sunt.

223 3750 316 3811 Unde
339 3748 394 3811 has
421 3749 530 3810 advos
554 3751 677 3812 litteras
694 3752 899 3832 destinamus,
923 3753 956 3814 in
981 3754 1097 3835 quibus
1123 3757 1261 3818 decreto
1279 3782 1349 3823 nos·
1449 3763 1450 3776 ¹

171 3865 177 3882 ·
222 3843 273 3893 tro
286 3831 443 3893 sancimus
462 3843 650 3893 memoratos
664 3834 900 3914 perturbatores
917 3835 933 3895 is
950 3837 1175 3898 communione
1190 3859 1256 3901 esse
1275 3841 1349 3904 alie·

223 3936 290 3976 nos·
304 3913 430 3980 debere.
473 3913 515 3974 Et
532 3914 605 3976 illos
620 3915 677 3996 qui
699 3915 851 3978 effrenato
874 3915 952 3978 huic
972 3919 1056 3980 sacto
1078 3918 1216 3981 consilio
1241 3945 1346 3984 assen-

222 4018 292 4056 sum
312 3995 512 4074 commodare
527 3995 710 4077 voluerunt,
729 4009 849 4072 vestrae
865 3999 1004 4062 caritatis
1023 4010 1070 4061 est
1087 4000 1252 4064 aestimare
1271 4029 1347 4086 qua·

223 4078 299 4138 liter
318 4077 506 4139 habeantur.
550 4078 676 4160 Quibus
695 4079 823 4142 obicere
847 4081 970 4144 debetis
989 4083 1078 4165 quod
1100 4084 1190 4146 iuxta
1211 4107 1347 4150 canones

226 4175 589 4206 nnn—nam·

254 4233 290 4301 t)
309 4214 422 4298 ansuis.
439 4231 529 4304 pratis.
566 4229 599 4286 In
618 4221 774 4304 aliislc'odd.
791 4231 843 4286 hoc
858 4218 941 4304 caput
961 4232 1071 4314 omnino
1091 4233 1176 4294 deest.
