2926 4986
531 369 644 436 trees
669 369 867 429 susurros.
1132 365 1133 368 ‘
1178 348 1259 434 ³757

129 509 175 570 eis
200 528 260 589 pro
278 506 411 570 viribus
428 508 467 569 ad
487 530 601 574 eorum
621 512 803 594 peragendo
821 507 1023 586 ministeria,
1045 517 1078 570 et
1098 507 1139 566 ad
1160 508 1261 570 melos

128 603 161 650 et
184 599 381 672 peccatores,
399 601 494 672 etque
511 595 720 678 neglegentes
745 593 891 655 homines
906 589 1155 674 distringendos,
1177 611 1261 650 sum·

128 693 259 752 irrepere
282 671 468 735 obedientes
482 675 632 738 existent.
674 676 739 754 Qui
765 685 872 736 autem
900 675 932 734 in
963 672 1034 750 his,
1056 671 1145 754 quod
1170 671 1263 749 absit,

130 765 186 816 eut
208 755 416 836 neglegentes
443 757 563 838 eisque,
585 759 809 820 inobedientes
835 757 960 828 fuerint
988 754 1132 830 inventi,
1160 754 1266 831 sciant

130 861 164 900 se
188 857 248 896 nec
272 837 305 896 in
330 847 438 897 nostro
461 839 601 923 lm-perio
624 841 767 902 honores
788 841 950 915 retinere,
981 837 1058 897 licet
1081 835 1178 897 etiam
1205 835 1265 896 filii
1326 867 1327 872 κ

131 918 235 982 nostri
257 919 390 996 fuerint,
413 941 474 982 nec
487 922 527 981 in
539 923 658 1004 palatio
673 923 791 998 locum,
813 943 919 1004 neque
934 919 1101 980 nobiscnm
1118 927 1172 976 aut
1193 937 1268 979 cum

128 1000 249 1066 ‚nostris
267 1002 453 1065 societatem
474 998 529 1066 aut
554 1006 814 1066 communionem
840 1004 940 1064 ullum
960 1002 1099 1080 habere,
1125 1000 1181 1060 sed
1203 1023 1267 1060 ma·

127 1084 181 1168 gis
198 1085 258 1144 sub
275 1106 387 1166 magna
403 1084 603 1148 districtione
627 1098 659 1149 et
674 1087 820 1148 ariditate
851 1107 971 1168 poenas
999 1085 1101 1150 luere.
1144 1083 1183 1142 ln
1215 1081 1266 1143 his

135 1187 274 1248 namque
301 1167 446 1226 omnium
475 1179 658 1230 nostrorum
681 1169 827 1230 fidelium
855 1166 1004 1228 volumus
1028 1185 1201 1246 agnoscere
1229 1165 1267 1222 fi-

134 1249 209 1309 dem
230 1271 266 1308 ac
287 1249 571 1322 benevolentium
603 1252 758 1334 quoniam
784 1252 809 1312 si
834 1251 914 1310 baec
939 1248 1078 1309 fideliter
1092 1257 1124 1306 ct
1142 1245 1268 1308 utiliter

135 1331 367 1412 impleverint,
398 1342 477 1394 tuuc
503 1337 574 1394 Deo
610 1343 642 1396 et
672 1335 763 1394 uobis
786 1333 897 1394 fideles
928 1341 1032 1392 erunt.
1083 1328 1121 1390 Si
1148 1335 1266 1406 nutem,

135 1413 225 1493 quod
245 1413 343 1490 absit,
365 1414 617 1496 secusegerint,
638 1426 717 1478 tunc
744 1438 808 1476 non
830 1415 938 1476 solum
957 1411 1116 1486 infideles,
1140 1411 1195 1472 sed
1214 1411 1266 1470 iu-

135 1499 235 1556 l’ames
259 1505 354 1576 atque
384 1497 514 1579 reprobi
545 1499 714 1560 manifeste
742 1505 931 1580 apparentes
958 1495 1177 1586 notabuntur,
1209 1515 1266 1553 eo-

136 1598 285 1723 rnlmqup3
304 1578 417 1724 qomus
437 1578 714 1664 publicabuntur,
746 1591 779 1644 et
805 1579 866 1664 ipsi
891 1577 1126 1642 exiliabuntur.
1150 1574 1267 1666 vCupi·-

137 1672 193 1722 tu.
215 1683 235 1720 a
287 1683 306 1722 o
329 1711 337 1728 .
839 1705 842 1712 »

137 1764 188 1826 De
207 1763 362 1846 infantum
389 1767 555 1852 baptismo,
586 1781 619 1842 et,
635 1768 850 1831 Ecclesiorum
867 1767 924 1830 eei
944 1762 1091 1829 altarium
1110 1787 1165 1826 seu
1176 1761 1266 1849 fide·

219 1847 297 1907 lium
318 1851 604 1929 consignandorum
619 1853 830 1932 dubitatione,
852 1851 933 1936 quid
953 1848 1107 1932 agendum
1130 1849 1181 1909 sit.

124 2013 126 2016 .
222 1951 393 2018 CCCXCl.
435 1956 563 2018 Placuit
588 1965 625 2018 ut
651 1956 813 2034 infantes,
842 1958 973 2040 quando
998 1975 1062 2016 non
1091 1953 1267 2015 inveniun-

140 2044 194 2098 tur
216 2035 384 2107 certissimi
404 2046 499 2098 testes
519 2037 576 2119 qui
598 2060 652 2100 eos
674 2038 743 2100 sine
771 2038 972 2100 dubitatione
997 2035 1171 2119 baptizatos
1201 2055 1268 2096 csse

140 2126 309 2194 testentur,
333 2140 438 2200 neque
458 2119 518 2200 ipsi
538 2131 613 2182 sunt
633 2141 692 2202 per
710 2129 845 2180 aetatem
865 2121 974 2182 idonei
997 2121 1036 2181 de
1060 2118 1185 2180 traditis
1206 2117 1279 2177 sibi
1303 2139 1305 2146 ’

133 2201 356 2282 ¹sacramentis·
370 2203 584 2284 respondere,
612 2205 731 2284 absque
754 2204 822 2263 ullo
842 2203 995 2286 scrupulo
1021 2212 1163 2281 tempore
1191 2199 1271 2280 legi-

141 2283 220 2342 timo
240 2282 404 2364 baptizari.
448 2285 603 2345 Similiter
624 2295 657 2347 et
679 2285 718 2346 de
744 2285 898 2346 Ecclesiis
919 2281 972 2348 vel
993 2283 1155 2358 altaribus,
1172 2291 1267 2362 etque

144 2364 371 2446 consignandis
395 2359 563 2446 fidelibus,
595 2368 743 2452 quotiens
771 2367 939 2449 superbis
962 2367 1146 2438 dubitatur,
1169 2382 1268 2444 agen-

144 2449 221 2508 dum
238 2457 301 2519 est;
329 2447 439 2525 idest,
464 2449 500 2508 ut
521 2449 591 2512 sine
618 2445 685 2511 ulle
710 2449 924 2531 trepidatione
954 2455 1200 2518 consecrentur,
1236 2449 1268 2501 et

142 2531 254 2590 fideles
273 2531 525 2602 confirmentur;
547 2535 700 2612 quonism
726 2533 812 2612 quod
838 2552 903 2593 non
926 2531 1112 2594 ostenditur
1135 2535 1268 2610 gestum,

141 2612 224 2675 ratio
253 2633 318 2672 non
345 2612 422 2692 sinit
447 2623 484 2672 ut
505 2613 652 2675 videatur
671 2616 828 2678 iteratum,

183 2716 233 2778 De
259 2715 435 2808 Advocatis
459 2719 514 2778 vel
539 2716 1001 2858 Defensorq‘buplsscclesiarum
1027 2714 1046 2775 ir
1075 2709 1226 2802 Principe

225 2879 412 2942 CCCXCll.
453 2883 518 2944 Pro
538 2815 757 2946 Ecciiiiiidvir
773 2822 879 2943 biinsis
904 2901 941 2942 ae
959 2877 1268 2940 necessitatibusea-
1323 2949 1324 2954 ἵ

142 2983 233 3041 rum,
264 2975 358 3046 atque
384 2985 554 3027 servorum·
570 2968 643 3046 Dei,
665 2965 833 3043 Advocati,
852 2985 910 3025 seu
934 2965 1152 3038 Defensores,
1185 2983 1268 3042 quo-

143 3048 226 3107 tiens
251 3045 420 3107 necessitas
447 3046 617 3130 ingruerit,
645 3050 662 3109 ir
692 3047 844 3128 Principe
872 3045 1093 3129 postulentur,
1115 3054 1146 3104 et
1169 3045 1207 3103 eb
1231 3061 1269 3104 eo

144 3127 286 3273 {depiter
312 3139 407 3214 atquc
428 3129 572 3194 libentur
590 3131 679 3194 iuxta
702 3130 872 3192 canonicas
891 3127 1071 3214 sanctiones
1092 3125 1269 3232 fidelissimi

131 3239 133 3242 ’
169 3231 209 3272 en
225 3233 274 3273 ur.

335 3318 377 3380 Ut
401 3319 602 3404 aliquisque
625 3319 805 3394 ordinetur,
828 3319 881 3384 ibi
894 3329 1086 3405 permaneat.

141 3395 145 3402 Ι
226 3420 430 3493 CCCXCIII.
473 3426 593 3487 Clerici
624 3427 796 3488 cuiuslibet
826 3425 942 3508 gradus
967 3423 1001 3483 in
1024 3423 1270 3508 quibuscunque

145 3504 225 3567 locis
249 3507 388 3569 ordinati
416 3510 536 3569 lueri-ut
553 3511 704 3586 Ministri,
726 3510 773 3575 ad>
789 3510 899 3572 eadem
914 3509 985 3569 loca
1009 3507 1208 3592 pertineant,
1227 3518 1272 3569 at·

144 3609 209 3669 que
235 3589 267 3649 in
292 3589 368 3672 ipsis
393 3591 472 3653 locis
496 3603 715 3674 perseverent.
995 3592 1000 3602 “

166 3697 216 3755 De
238 3697 434 3772 Presbyteris
450 3711 481 3758 et
499 3696 850 3770 MinistrirEcclesioe,
873 3697 947 3757 etri
973 3697 1057 3768 seis,
1079 3707 1109 3762 et
1131 3716 1193 3756 nen
1211 3694 1250 3754 at

142 3775 146 3782 ’
187 3777 258 3837 aliis
281 3777 460 3862 Episcopis,
484 3779 801 3862 cbrismnpetantvel
820 3781 985 3862 succipiunt⁸
1019 3777 1232 3838 Etdector-

392 3864 609 3947 episcoporum
633 3861 787 3922 cessando
808 3863 1041 3945 superstitione.
1082 3941 1084 3944 ι

228 3962 432 4035 CCCXClV.
473 3968 509 4026 lu
538 3966 673 4050 singulis
696 3967 928 4048 Episcoporum
953 3961 1114 4047 parochiis
1144 3964 1277 4048 Presby-

146 4043 210 4106 teri
228 4067 403 4126 eorumque
431 4049 589 4125 Micioni,
620 4071 686 4109 non
710 4050 728 4109 d
752 4048 951 4132 quibuslibet
972 4046 1151 4129 Episcopis,
1173 4047 1230 4108 sed
1258 4049 1276 4106 ai
1346 4066 1347 4070 ’

146 4129 212 4206 suis
240 4128 396 4211 propriis,
429 4129 566 4193 chrisme
599 4141 719 4214 petant,
738 4133 790 4194 vel
821 4131 991 4213 occipiunt.
1032 4131 1099 4190 Nec
1126 4129 1190 4190 alio
1218 4151 1278 4190 un·

145 4232 241 4294 quam
272 4220 439 4292 tempore,
472 4213 563 4276 iuxta
586 4224 711 4276 sanctos
739 4217 903 4290 (lenones,
924 4212 1191 4284 velsccundurn
1212 4233 1277 4271 rno-

146 4304 215 4356 rem
237 4295 435 4372 Romanum,
448 4295 510 4358 nisi
535 4296 569 4358 iu
590 4297 699 4360 Coeno
719 4295 863 4375 Domini,
885 4303 1029 4360 serretum
1047 4293 1183 4358 chrisme
1203 4315 1277 4358 cous
