2910 4984
507 313 852 380 aumuoouanrs.
1161 272 1236 374 &tt

114 445 243 535 gratias,
267 445 365 526 dona,
380 454 586 537 virtutesque,
606 457 670 537 ipsi
682 454 761 514 tale's
778 475 842 514 esse
865 449 1057 526 desiderant,
1076 465 1106 515 et
1116 452 1234 538 fidem,

117 539 225 614 vitane,
248 548 339 616 atque
355 536 543 612 industriam
562 557 689 609 eorum,
709 557 769 618 per
791 556 869 618 quae
886 535 942 594 illa
960 551 1160 609 meruerunt,
1183 541 1243 598 ni-'

115 630 223 677 tantur
239 619 376 688 imitari,
399 631 432 676 ut
456 620 578 699 possint
602 639 639 677 ea
661 637 780 700 quoque
804 618 886 676 lorea
909 618 1113 678 aemulatione
1139 619 1235 698 digna

115 701 280 782 consequi,
302 699 402 780 magis
422 709 614 780 quaerentes
630 699 782 780 spiritalia
798 718 893 779 quam
912 699 1070 776 carnalia,
1094 709 1137 778 ,ut
1164 723 1235 783 per·

116 779 271 841 severanti
292 781 392 860 gradu
413 783 452 842 ad
473 779 569 841 finem
587 782 665 841 boni
689 781 793 864 operis
810 779 981 861 pervenire
1003 782 1134 862 possint.
1166 784 1234 842 Au-

116 862 278 943 guatinas,
301 863 335 920 in
357 863 439 923 libro
452 858 557 945 primo
578 865 617 924 de
633 885 732 944 agone
754 862 1027 940 Christianorum,
1050 863 1133 924 hane
1159 886 1233 924 sen-

115 944 248 1004 tentiam
264 944 496 1028 interpretans,
518 945 575 1011 ait:
598 949 775 1005 Imitatores
794 947 987 1015 maiestate,
1010 948 1089 1006 sicut
1117 959 1147 1006 et
1178 968 1232 1025 ego

118 1025 244 1086 Christi.
287 1028 393 1103 Quare
414 1027 662 1108 intelligendum
686 1038 733 1088 est
749 1027 843 1085 etiam
859 1027 961 1107 ipsum
982 1025 1170 1108 Apostolum
1198 1030 1232 1086 iu

115 1108 284 1188 semetipso
308 1109 517 1190 triumphasse
534 1109 573 1168 de
595 1108 807 1170 Potestatibus
825 1109 921 1168 huius
937 1110 1069 1186 mundi,
1093 1110 1175 1170 sicut
1194 1110 1239 1189 de¹

114 1191 253 1250 Domino
280 1189 420 1266 dixerat,
443 1191 533 1250 cuius
554 1213 587 1252 se
605 1191 793 1250 imitatorem
811 1211 877 1250 esse
896 1191 1087 1271 profitetur„
1118 1189 1235 1264 lmitef¹

71 1293 74 1304 ·
115 1282 396 1352 murergoetuos
415 1272 525 1348 illum,
548 1274 631 1336 sicut
654 1273 819 1349 hortatur,¹
848 1282 879 1332 et
900 1273 1085 1350 castigemus
1117 1294 1232 1354 corpus
1260 1338 1262 1342 ,

115 1361 276 1426 nostrum,
300 1355 379 1414 etin
406 1355 591 1414 servitutem
611 1355 811 1436 redigamus,
841 1355 866 1414 si
894 1355 1049 1423 mundum
1087 1357 1233 1424 colurnus

113 1434 273 1500 'sincere'
298 1435 482 1516 Aliquando
517 1437 647 1517 quidem
674 1460 731 1498 suo
757 1437 903 1516 exemplo
933 1430 1053 1496 Christi
1075 1459 1132 1498 nos
1162 1436 1233 1496 fieri
1313 1503 1317 1514 ¹

114 1516 288 1577 imitatores
305 1519 408 1594 iubet,
432 1518 585 1579 dicendo:
607 1521 783 1579 Inritatores
802 1521 865 1577 mei
889 1532 1002 1591 estote,
1024 1523 1105 1584 sicut
1122 1532 1152 1581 et
1176 1538 1231 1596 ego

114 1597 239 1669 Glaristi.
280 1599 462 1682 Aliquando
479 1601 608 1680 quidem
623 1601 661 1662 de
682 1622 713 1660 se
727 1601 916 1682 resipiscens
935 1601 973 1659 ad
992 1603 1112 1677 Deum,
1135 1601 1174 1661 ad
1186 1601 1220 1680 ip

112 1679 177 1744 sius
196 1701 252 1740 nos
269 1681 460 1742 imitatorem
481 1683 640 1759 hortatur,
664 1683 791 1744 dicens:
821 1682 929 1742 Estote
952 1684 1123 1742 imitatores
1149 1684 1232 1758 Dei,

111 1763 191 1820 sicut
199 1761 273 1842 filii
287 1766 451 1825 carissimi.
491 1767 557 1826 Iam
572 1786 650 1826 vero
670 1765 886 1824 demonstrans
900 1765 975 1843 quia
995 1763 1076 1824 nihil
1092 1764 1230 1824 ita‘hanc

114 1843 326 1904 imitationem
344 1847 463 1927 pariat,
486 1855 581 1928 quam
602 1847 628 1908 si
649 1845 691 1906 ita
705 1848 790 1908 viva-t
813 1845 929 1924 aliquis
956 1854 995 1904 ut
1015 1843 1136 1905 honum
1162 1845 1231 1905 eius

112 1924 147 1982 in
169 1929 517 2006 communeproliciat,
539 1938 634 2010 atque
651 1928 820 1990 universis*
830 1928 958 1987 utiliora
974 1928 1166 2008 praevideat,
1179 1926 1234 2006 adj

113 2005 236 2065 iunxit:
258 2007 420 2070 Ambulare
441 2013 473 2068 in
488 2013 627 2070 caritate.
672 2011 747 2070 ldeo
770 2031 847 2090 cum
868 2009 1019 2085 dixisset,
1052 2011 1230 2070 Im'itatores

112 2090 173 2146 inei
187 2102 299 2166 estote,
322 2094 476 2152 continuo
492 2092 530 2152 de
551 2092 678 2152 caritate
692 2091 856 2168 disseruit,
878 2091 954 2172 quia
967 2089 1046 2152 haec
1059 2089 1229 2174 praecipue

114 2170 214 2232 virtus
231 2171 377 2234 homines
395 2177 463 2234 Deo
488 2175 647 2254 proximos
672 2175 757 2238 facit.
1149 2199 1152 2207 ·

296 2279 345 2338 Dc
367 2279 534 2341 Canonicis.
553 2279 701 2352 Clericis,
730 2293 763 2340 ut
783 2281 930 2340 canonice
945 2283 1061 2340 uiuant.

171 2444 173 2448 ,
194 2381 346 2448 xtvllt.
389 2384 429 2445 In
445 2385 590 2446 omnihus
615 2385 722 2467 igitur,
745 2393 900 2465 quantum
914 2383 1053 2446 humana
1074 2381 1230 2464 permittit

112 2463 282 2546 fragilitas,
306 2467 506 2527 decrevimus
522 2477 556 2526 ut
575 2468 732 2528 Canonici
749 2466 866 2526 Clerici
883 2465 1038 2525 canonice
1055 2467 1162 2526 vivant
1178 2465 1232 2523 obss

112 2556 273 2608 servantes
292 2547 419 2609 divinae
436 2549 618 2631 Scripturae
637 2549 816 2610 doctrinam
836 2558 869 2607 et
889 2549 1081 2620 documenta,
1105 2555 1249 2632 sancto·-

110 2653 182 2690 rum
197 2632 346 2706 Patrum,
372 2640 402 2690 et
428 2631 509 2690 nihil
533 2633 601 2692 sine
631 2631 763 2692 licentia
784 2629 933 2710 Episcopi
949 2627 998 2690 sui
1015 2629 1067 2690 vel
1087 2627 1230 2710 Magistri

112 2712 523 2795 eorumcompositeagere
544 2723 756 2795 praesumant.
801 2713 840 2774 V.
861 2713 926 2777 185.

262 2819 322 2880 ,Ile
337 2820 386 2882 lis
398 2819 453 2898 qui
467 2840 570 2879 servos
593 2840 664 2879 suos
681 2832 774 2879 extra
794 2815 932 2879 Iudicem
946 2829 1066 2882 necant.

191 2923 303 2988 XLIX.
344 2921 378 2982 si
394 2921 465 3002 quis
483 2945 612 2986 servum
627 2921 793 3005 proprium
816 2921 884 2981 sine
903 2919 1099 2981 conscientia
1111 2922 1229 2982 Iudicis

113 3003 285 3080 occiderit,
316 3005 646 3070 excommunicatione
678 3005 736 3070 rei
753 3004 952 3088 poenitentia
967 3003 1092 3064 biennii
1108 3005 1231 3065 reatuin
1282 3025 1285 3030 ·

113 3085 278 3170 sauguinis
302 3086 498 3154 emundabit.

344 3193 388 3252 De
410 3193 458 3252 tis
476 3175 530 3275 qui
542 3191 587 3253 ad
595 3215 705 3276 pacem
720 3215 784 3255 uon
805 3205 1013 3253 revertuntur.

194 3300 230 3366 Ι».
270 3297 397 3360 Placuit
414 3308 467 3376 ut,
489 3298 571 3359 sicut
585 3300 775 3381 plerumque
791 3299 843 3377 fit,
866 3298 1051 3380 quicunque
1079 3301 1153 3362 odio
1176 3311 1230 3362 aut

113 3385 289 3464 longinqua
307 3381 397 3440 inter
409 3401 441 3442 se
459 3381 515 3442 lite
536 3383 756 3458 discesserint,
780 3392 812 3441 et
833 3382 872 3442 ad
896 3401 1006 3462 pacem
1022 3383 1166 3444 revocari
1179 3384 1229 3442 di«

112 3477 229 3526 uturna
249 3464 427 3523 intentione
456 3464 674 3544 nequiverint,
696 3463 864 3526 aciuitatis
886 3463 1031 3544 primitus
1047 3465 1232 3526 Sacerdoti-

112 3550 171 3608 bus
190 3556 373 3628 arguantur.
415 3546 480 3622 Qui
499 3547 524 3606 si
550 3547 732 3608 inimicitias
752 3545 914 3625 deponere
934 3546 1112 3628 perniciosa
1128 3547 1235 3604 inten-

111 3633 198 3692 tione
220 3630 405 3706 noluerint,
425 3629 464 3689 de
477 3630 640 3692 Ecclesiae
665 3640 760 3692 coetu
782 3626 951 3690 iustissima
972 3629 1230 3690 excommunica·

112 3715 201 3773 tione
223 3712 395 3795 pellantur.

112 3819 161 3880 Dc
175 3821 223 3880 tis
237 3819 291 3902 qui
304 3819 422 3878 intrant
441 3821 474 3876 in
500 3817 690 3896 Ecclesiam,
719 3831 749 3878 et
770 3830 902 3901 propter
923 3819 1050 3880 nimiam
1071 3817 1237 3877 luxuriam

390 3921 477 3958 suam
497 3901 723 3960 lasacramento
740 3921 772 3959 se
792 3901 955 3960 abstinent.

194 3981 249 4044 LI.
292 3981 410 4061 Siquis
431 3982 528 4040 intrat
541 3981 573 4039 in
589 3981 766 4042 Ecclesiam
781 3979 860 4056 Dei,
884 3991 914 4040 et
933 4003 1035 4042 sacras
1054 3977 1233 4058 Scripturas

114 4084 178 4122 uon
198 4065 310 4139 audit,
334 4075 366 4124 et
385 4085 443 4144 pro
460 4064 655 4123 luxuriaeue
672 4065 787 4124 avertit
803 4083 835 4123 se
857 4063 1116 4122 acommunione
1135 4081 1242 4120 sacra.

113 4145 231 4220 menti,
254 4157 285 4204 et
301 4145 333 4203 in
352 4145 557 4206 observandis
578 4146 735 4228 mysteriis
754 4144 896 4207 declinat
912 4145 1120 4209 consumtum
1142 4163 1243 4223 regu·³

113 4227 180 4289 lam
201 4227 389 4310 disciplinae
399 4268 411 4306 ,
431 4227 528 4292 istum
545 4227 641 4291 tatem
656 4227 881 4312 proiciendum
901 4226 941 4289 de
958 4226 1112 4292 Ecclesia
1123 4224 1245 4288 catho-¹
