2910 4986
537 289 652 390 ciana
685 300 841 390 antuus
985 419 988 426 1
1183 313 1257 388 425

125 475 272 540 omnibns
295 481 403 558 pateat
430 480 587 556 quantum
609 472 730 533 malam
751 470 811 549 sit,
832 479 866 544 et
886 491 952 533 non
973 470 1079 534 solnm
1099 468 1258 549 humant,
1357 483 1361 490 “

123 560 288 622 sedetiam
305 558 412 618 divina
432 556 620 618 auctoritate
637 553 820 633 constricti,
841 552 880 615 ab
899 553 980 617 hinc
1000 554 1064 618 hoc
1078 555 1200 618 malum
1218 555 1259 618 ab

124 643 271 704 omnibus
285 649 445 702 caveatur.
486 637 571 707 Jbtd.
591 660 619 708 c.
634 660 684 700 aa.

338 746 387 806 De
401 743 518 830 puellis
540 745 662 830 raptis,
684 743 818 807 necdum
839 741 1048 831 desponsatis.

202 849 365 916 XCVIII.
405 854 454 912 De
470 851 589 934 puellis
602 852 719 935 raptis,
738 851 878 914 necdum
897 848 1114 934 desponsatis,
1128 850 1161 912 in
1176 847 1262 913 Con·

124 937 200 1000 cilio
233 935 513 1012 Chalcedonensi‚
546 934 604 994 ubi
631 956 732 996 ncxxx
757 936 872 996 Patres
889 933 1065 995 adfuerunt
1075 978 1085 1011 ,
1118 933 1261 1017 capitulo

126 1041 264 1093 xxxviii,
294 1018 339 1078 ita
356 1016 511 1078 habetur:
541 1016 606 1078 Eos
633 1018 688 1099 qui
707 1019 835 1100 rapiunt
849 1017 972 1100 puellas
993 1016 1049 1077 sub
1069 1019 1194 1077 nomine
1214 1018 1261 1077 si-

126 1102 192 1162 mul
212 1100 398 1171 babitandi,
430 1113 634 1183 cooperantes
651 1111 681 1158 et
701 1100 879 1161 conibentes
895 1099 1092 1181 raptoribus,
1118 1097 1263 1160 decreuit

124 1181 415 1256 sanctaSynodus,
439 1183 467 1240 si
483 1180 610 1266 quidem
633 1181 748 1260 Clerici
768 1193 860 1255 sunt,
885 1179 1034 1241 decidant
1057 1179 1161 1260 gradu
1180 1201 1262 1266 pro-

120 1266 216 1350 prio;
243 1265 271 1322 si
291 1285 367 1324 vero
393 1265 489 1334 laici,
518 1265 828 1330 anathematizentur.
868 1263 993 1342 Quibus
1021 1262 1128 1325 verbis
1150 1261 1261 1346 aperti.

124 1347 219 1408 datur
251 1345 397 1428 intellegi
421 1346 563 1428 qualiter
580 1345 677 1407 huius
697 1345 773 1406 mali
795 1356 943 1408 unctores
965 1343 1139 1406 damnandi
1164 1354 1261 1424 sunt,

123 1429 257 1510 quando
281 1428 451 1526 participes
473 1437 507 1489 et
531 1429 720 1490 conibentes
743 1437 832 1492 tanto
856 1427 1056 1490 anathemate
1077 1428 1261 1506 feriuntur,

90 1547 95 1562 ·
123 1521 156 1572 et
178 1512 276 1571 iuxta*
290 1526 478 1572 canonicam
501 1511 723 1572 auctoritatem
748 1511 789 1572 ad
811 1510 964 1594 coniugia
985 1509 1129 1590 legitima
1156 1520 1262 1596 raptus

121 1594 184 1656 sibi
202 1593 275 1654 iure
293 1591 459 1656 vindicare
474 1595 661 1655 nullatenus
677 1601 822 1678 possunt.
863 1593 949 1659 Ibid.
963 1615 990 1660 c.
1004 1594 1054 1660 25.

383 1726 433 1786 De
451 1724 670 1828 desponsatis<
689 1737 721 1786 et
739 1724 781 1787 ab
799 1723 872 1784 aliis
890 1723 1001 1806 raptis.
1097 1719 1099 1726 ’

204 1829 330 1894 XCIX.
372 1832 422 1892 De
443 1830 640 1915 desponsatis
667 1833 786 1917 puellis
812 1842 845 1895 et
865 1831 905 1893 ab
928 1831 1000 1894 aliis
1025 1832 1125 1914 raptis
1152 1832 1197 1894 ita
1225 1831 1260 1893 in

123 1913 272 1976 ConciIIo
299 1913 514 1996 Ancyritano‚
545 1917 686 1999 capitulo
713 1915 856 1993 decimo,
882 1913 1024 1998 legitur:
1044 1918 1261 1999 Desponsatas

118 1999 264 2080 puellas,
297 2007 328 2056 et
353 2009 428 2077 post
449 1996 487 2056 ab
509 1997 582 2057 aliis
603 2013 731 2083 raptus,
759 1999 882 2083 placuit
910 1999 999 2071 erui,
1033 2013 1064 2059 et
1091 2001 1135 2059 eis
1165 1995 1262 2058 reddi

121 2081 234 2160 quibus
258 2077 330 2137 autb
344 2075 478 2155 fuerant
506 2079 732 2162 desponsatae,
755 2080 880 2141 etiamsi
899 2082 945 2141 cis
966 2082 985 2140 b
1007 2082 1187 2166 raptoribus
1208 2081 1260 2140 uis
1290 2145 1293 2151 ,

121 2161 222 2219 inlata
252 2162 436 2220 constiterit.
476 2161 619 2222 Proinde
642 2171 797 2223 statutum
823 2163 907 2224 estis
928 2184 1018 2226 sacro
1038 2172 1206 2225 conventu
1226 2169 1263 2222 ut

121 2251 232 2322 raptor
247 2242 377 2322 publica
395 2242 597 2324 poenitentia
619 2246 784 2306 multetur.
826 2245 945 2327 Raptae
963 2267 1059 2324 vero,
1082 2246 1108 2308 si
1126 2267 1263 2328 sponsus

122 2345 193 2384 eam
208 2325 355 2405 recipere
376 2325 538 2403 noluerit,
558 2335 590 2386 et
606 2326 673 2409 ipsa
687 2328 793 2388 eidem
811 2327 941 2389 crimini
963 2329 1171 2390 consentiens
1194 2349 1261 2388 non

122 2407 203 2483 suit,
227 2407 360 2468 licentia
382 2408 525 2468 nubendi
540 2408 597 2468 alii
617 2431 683 2470 non
707 2420 853 2494 negetur.
895 2411 992 2488 Quod
1011 2411 1036 2472 si
1054 2411 1165 2493 etipsa
1181 2430 1263 2470 con-

107 2489 242 2568 ¹sensit,
264 2489 362 2551 simili
383 2490 562 2550 sententiae
582 2491 753 2554 subiaceat.
796 2493 892 2571 Quod
911 2492 937 2554 si
955 2502 1025 2576 post
1041 2493 1122 2552 lsaec
1137 2513 1170 2552 se
1187 2505 1264 2552 con-

123 2571 262 2654 iungere
275 2573 566 2656 praesumpserint,
579 2575 708 2657 utrique
723 2574 1046 2641 anathematizentur.
1068 2572 1154 2639 Ibid.
1170 2594 1198 2639 c.
1212 2574 1263 2652 ad.

289 2702 338 2762 De
357 2702 405 2760 bis
424 2703 479 2785 qui
495 2703 671 2782 uirginibus
690 2705 764 2766 Deo
782 2704 897 2766 dicatis
916 2725 948 2766 se
968 2706 1101 2766 sociant.

208 2805 246 2868 C.
287 2809 336 2868 Dc
358 2806 409 2868 his
432 2828 511 2868 vero
540 2808 597 2889 qui
626 2810 723 2870 saeris
742 2810 924 2893 virginibus
948 2833 982 2872 se
999 2812 1140 2886 sociant,
1162 2812 1206 2872 ita
1228 2811 1261 2872 in

127 2890 267 2950 decretis
291 2890 394 2969 Papae
419 2889 559 2967 Gelasii,
590 2891 734 2973 capitulo
756 2915 815 2970 xx,
838 2893 1047 2955 continetur:
1079 2895 1263 2974 Virginibus

126 2974 225 3032 saeris
251 2969 364 3030 tembre
382 2993 413 3030 se
428 2971 580 3053 quosdam
599 2976 720 3034 sociare
741 2977 945 3054 cognovimus
953 3019 965 3049 ‚
988 2989 1107 3059 etpost
1123 2976 1263 3038 dicatum

127 3055 195 3113 Deo
218 3055 416 3136 propositum
443 3055 561 3114 incesta
582 3053 722 3140 foedera
751 3059 966 3138 sacrilegaque
994 3061 1147 3129 miscere;
1185 3081 1264 3144 quos

124 3138 271 3219 protinus
292 3155 423 3215 aequum
444 3146 489 3194 est
509 3133 528 3195 ai
548 3158 639 3197 sacra
656 3141 871 3200 communione
892 3139 1043 3216 detrudi,
1066 3155 1096 3202 et
1116 3143 1180 3202 nisi
1200 3165 1264 3226 pu·

129 3218 241 3278 blicam
261 3217 486 3299 probatamque
510 3221 631 3298 egerint
650 3222 897 3302 poenitentiam,
918 3223 1046 3284 omninb
1066 3246 1130 3285 non
1144 3227 1247 3309 recipi
1253 3250 1263 3292 ,-

129 3312 180 3358 uut
194 3300 244 3356 iris
266 3295 349 3357 certi
370 3299 528 3360 Viaticum
541 3300 581 3360 de
600 3301 703 3361 seculo
721 3305 970 3376 transeuntibus,
993 3307 1021 3364 si
1035 3318 1138 3367 tamen
1149 3307 1264 3390 poeni-

130 3382 263 3452 tuerint,
287 3401 349 3439 non
364 3394 501 3460 negetur.
544 3382 671 3444 sivero
691 3383 731 3444 de
753 3385 958 3467 copulatione
982 3409 1145 3449 sacrarum
1161 3388 1264 3470 virgi-

129 3483 208 3521 num
230 3472 297 3521 tam
320 3465 432 3524 serere
450 3464 633 3543 feriuntur,
656 3475 777 3547 quanto
796 3469 942 3531 severius
958 3469 1100 3532 feriendi
1115 3480 1192 3532 sunt
1207 3471 1265 3553 qni

130 3567 180 3604 eas
196 3545 349 3625 rapiunt?
392 3545 484 3623 Ideo,
506 3547 591 3608 sicut
617 3549 824 3629 praemissum
849 3559 916 3628 ost,
940 3573 1070 3614 necesse
1094 3560 1144 3614 ost
1163 3562 1199 3612 ut
1225 3551 1265 3613 ab

130 3627 277 3686 omnibus
297 3625 329 3684 in
348 3626 534 3688 Christiana
554 3629 714 3712 religione
732 3631 981 3703 consistentibus
997 3635 1104 3719 rigore
1122 3635 1265 3696 auctori-

129 3709 204 3852 papi}
227 3708 356 3853 divipae
378 3709 433 3771 vel
457 3709 618 3774 humanae
647 3712 711 3774 hoc
732 3715 854 3775 malum
882 3717 1039 3782 radicitus
1070 3725 1265 3802 amputetur.

167 3813 177 3850 ι
203 3841 220 3856 .,
234 3811 260 3852 c.
277 3811 295 3851 a
319 3834 326 3851 .
1030 3816 1038 3834 ¹

382 3901 439 3963 De
448 3900 585 3982 puellis,
608 3921 668 3983 quo
690 3913 830 3988 tempore
849 3906 1005 3972 celentur.

208 4001 264 4066 CI.
307 4003 355 4064 Ne
377 4026 455 4066 vcro
481 4007 611 4088 puellae
640 4009 816 4073 indiscrete
835 4013 1006 4091 velentur,
1028 4009 1152 4094 placuit
1172 4008 1266 4074 nobis

110 4135 112 4142 .
132 4085 224 4144 etiam
239 4086 279 4146 dc
298 4085 395 4147 sacris
409 4089 586 4151 canonibus
604 4092 746 4174 qualiter
759 4092 996 4158 obscrvbndum
1008 4096 1050 4156 sit
1061 4093 1116 4154 hic
1131 4093 1266 4154 inferre.

132 4169 177 4227 De
203 4177 349 4250 ternpore
368 4170 579 4232 velandarum
592 4175 776 4256 puellarum
795 4175 830 4234 in
847 4177 1001 4256 Africano
1016 4175 1166 4238 Concilio
1182 4176 1268 4259 capi-

134 4249 200 4311 tnlc
222 4273 294 4329 xvi,
321 4252 509 4317 continetur
538 4264 574 4317 ut
603 4278 667 4318 non
691 4266 765 4318 ante
792 4279 853 4321 ur
885 4281 986 4323 annos
1024 4267 1266 4324 consecrentur.
