2926 4984
213 305 288 392 584

228 495 283 578 49.
320 493 363 558 Ut
385 499 541 564 eumubus
562 503 666 564 atritis
688 513 753 562 tes·-

313 580 418 640 ticulis
462 581 638 644 Ecclesiam
691 585 756 648 Da·

313 681 377 723 non
398 664 506 726 intret.'

229 741 281 808 50.
310 746 366 806 De
398 751 532 827 pecunia
557 746 602 808 ad
626 765 753 808 usuram

312 830 591 912 uousoeneruudu.

230 905 281 970 51.
303 909 352 968 De
369 926 439 975 uoto
457 935 518 976 non
529 912 723 998 differendo.

231 987 281 1056 52.
315 990 463 1058 Utitomo
480 998 535 1080 qui
549 1017 682 1057 uxorem
701 1018 751 1056 uc·

310 1080 450 1157 ceperit,
473 1101 536 1141 nort
556 1073 686 1141 accedit
707 1077 752 1142 ad

231 1207 236 1221 2
312 1156 438 1222 betium.

228 1234 278 1300 55.
313 1236 355 1300 Ut
370 1264 433 1303 non
447 1241 633 1305 occidantur
641 1255 748 1324 patres

306 1341 368 1406 pro
379 1325 489 1409 filiis,
518 1345 574 1389 uec
589 1322 664 1410 fitis·
685 1345 747 1412 pro

307 1410 466 1487 panibus⁰

229 1481 278 1564 54·
296 1487 361 1545 'De
388 1512 425 1551 eo
451 1494 506 1574 qui
526 1495 592 1553 vim
619 1515 639 1551 a
669 1510 747 1574 pcr-

310 1575 503 1636 secutoribus
536 1575 678 1660 patitur‚
712 1585 746 1638 ut

309 1655 507 1736 suscipiatur.

229 1727 279 1794 55.
309 1733 499 1799 Deszatiere'
512 1759 668 1827 quaecum
678 1741 745 1799 uiro

312 1833 368 1875 suo
392 1839 453 1880 non
470 1834 576 1905 potest
598 1823 722 1885 nubere.

227 1891 276 1957 56.
310 1892 351 1955 Ut
366 1901 479 1979 absque
494 1925 643 1963 consensu
654 1903 747 1987 Epis·

308 1981 381 2074 copi
394 1983 567 2046 oblationes
589 2009 653 2048 non
668 1987 747 2047 acci·
793 1989 798 1996 '

331 2077 445 2125 sentiar.

225 2137 275 2221 57.
305 2081 353 2203 Pisi
389 2147 574 2228 Presbyteri
606 2151 744 2213 ciuitatis

307 2224 374 2288 sine
408 2229 495 2292 iussu
519 2234 568 2292 sui
594 2233 746 2320 Episcopi

307 2309 389 2368 nibil
406 2312 540 2380 iubeant,

224 2385 282 2456 58.
305 2391 353 2451 Nc
370 2393 552 2474 Presbyteri
566 2395 745 2458 remEccle-

306 2471 372 2533 siae
393 2478 508 2559 absque
541 2479 744 2539 ir'centia‘sui

304 2552 457 2638 Episcopi
470 2559 611 2620 vendant.

224 2629 275 2713 59.
305 2636 343 2696 Si
364 2638 535 2718 Presbyter
555 2643 604 2700 vel
623 2643 743 2705 Diaco-

305 2740 363 2778 nus
381 2719 557 2784 deseruerit
567 2722 742 2785 Ecclesiam

304 2821 401 2878 sitam,
417 2802 601 2884 deportatur.

220 2875 271 2940 60.
303 2882 351 2942 De
365 2885 561 2963 Presbyteris
584 2891 638 2949 oet
662 2893 743 2951 Dia-

303 2968 430 3028 cunibus
452 2984 507 3031 aut
531 2971 742 3034 Subdiaconi-

304 3047 360 3108 bus
387 3076 406 3111 a
438 3053 586 3136 Propriis
606 3053 742 3140 Episco-

299 3130 351 3212 pis
366 3138 590 3196 exauctoratis.

222 3204 272 3272 61.
301 3211 340 3270 Si
356 3216 425 3298 quis
439 3215 626 3301 Episcopus,
649 3219 742 3281 Pres-

303 3291 404 3366 byter,
416 3298 589 3371 Diaconus,
601 3302 654 3361 cel
663 3303 742 3364 Sub·

303 3372 455 3438 diueonus
469 3380 514 3439 ad
532 3383 647 3443 bellum
661 3405 741 3470 pro·

301 3460 447 3532 cesserit,
471 3463 657 3542 deponatur.

220 3533 272 3598 62.
309 3537 350 3600 Ut
359 3542 542 3620 Presbyteri
549 3548 677 3606 alterius
693 3571 741 3611 re·

299 3623 402 3700 gionis
454 3645 518 3686 non
560 3629 740 3711 sacrificent

296 3707 515 3788 praesentibus
542 3712 739 3788 Presbyteris

302 3786 401 3865 ipsius
417 3791 563 3864 regionis,

217 3864 268 3932 63.
297 3869 347 3929 De
369 3873 523 3931 uxoribus
549 3885 580 3932 et
601 3875 680 3934 ciris
706 3897 738 3936 se

300 3949 537 4014 dimittentibus.

218 4032 269 4112 64.
291 4033 340 4092 De
354 4033 521 4116 Episcopis
544 4037 737 4118 iitigantibus

272 4115 352 4176 'vel
370 4113 527 4178 iudicatis.
622 4135 634 4166 ³

217 4193 268 4260 65.
297 4197 346 4258 Ab
376 4197 533 4262 haeretico
555 4200 659 4264 nullus
685 4201 739 4265 bc·

300 4277 510 4344 sedictionem
525 4283 676 4370 accipian

636 333 927 404 cnrtwtntuun

818 501 876 568 166.
907 504 1349 570 DeucalionibusadPatrem

906 586 1095 668 dirigendis,
1203 607 1206 612 '

823 665 872 748 67.
905 669 950 728 De
988 673 1177 748 Presbytero
1206 671 1245 731 ab
1280 668 1347 730 alio

904 749 1062 836 Episcopo
1079 754 1234 818 ordinato.

821 829 871 895 68.
899 834 949 893 De
975 837 1039 896 illis
1060 836 1260 912 Presbyteris
1287 832 1346 910 qui

900 919 1042 979 nesciunt
1073 921 1166 978 iuxta
1187 935 1344 1000 praecep-

904 1010 967 1058 tum
981 1000 1154 1061 Salvatoris
1178 996 1344 1081 baptizari.

819 1075 871 1161 69.
900 1084 956 1142 De
977 1084 1086 1142 Missis
1106 1083 1235 1156 uostris,
1263 1097 1346 1160 qua-

901 1163 976 1223 litet·
987 1185 1057 1224 cum
1071 1165 1241 1248 Episcopis
1274 1160 1344 1218 sin-

897 1245 1042 1324 gularum
1065 1249 1229 1326 regionum
1258 1243 1349 1302 circa

899 1325 1058 1387 Ecclesias
1074 1329 1137 1388 Dei
1149 1329 1274 1406 eiusque
1284 1321 1348 1381 Sa-

898 1406 1042 1471 cerdotes
1057 1429 1148 1489 agere
1169 1407 1318 1467 debeant.

817 1511 866 1573 70.
899 1491 947 1548 De
982 1513 1017 1551 eo
1050 1494 1105 1575 qui
1140 1489 1345 1570 semetipsum

898 1573 1036 1650 occidit,
1066 1586 1121 1635 aut
1152 1572 1264 1652 laqueo
1309 1588 1343 1628 se

899 1656 1073 1738 suspendit.

815 1755 864 1818 7¹·
900 1733 942 1795 Ut
963 1739 1075 1798 incesti
1101 1750 1132 1796 et
1155 1731 1342 1819 parricidae

897 1821 1045 1881 canonice
1064 1830 1277 1881 coerceantur,

817 1919 865 1980 72.
900 1897 941 1959 Ut
966 1922 1021 1961 nec
1058 1925 1078 1961 u
1105 1901 1225 1961 Cicrico
1254 1899 1342 1978 pisy-

898 1979 1029 2042 lactert‘a
1048 2003 1103 2043 nec
1122 1983 1160 2042 ab
1178 1979 1342 2064 ulloflant

898 2063 1085 2130 Christiano,

814 2143 863 2227 73.
898 2144 939 2206 Ut
953 2147 1056 2208 nulius
1079 2147 1250 2224 Presbyter
1270 2165 1341 2204 am-

892 2228 978 2311 plius
1000 2251 1093 2312 qitum
1112 2253 1205 2288 unam
1223 2225 1340 2288 Eccle-

895 2311 973 2368 siam
994 2315 1055 2373 sibi
1071 2312 1220 2372 vindicet.

815 2389 864 2473 74.
893 2391 942 2449 De
972 2393 1089 2454 letania
1128 2395 1275 2463 maiore,
1304 2403 1338 2450 ut

896 2493 981 2533 more
996 2476 1134 2536 Romano
1151 2477 1337 2536 celebretur.

815 2555 863 2645 75.
891 2551 932 2616 Ut
949 2559 1051 2618 nuilus
1064 2561 1157 2616 vitam
1174 2560 1240 2616 sine
1255 2577 1339 2615 corn·

895 2642 1041 2700 utrcnione
1040 2640 1155 2724 finiat,
1172 2659 1227 2698 nec
1237 2639 1339 2696 uncti·

895 2739 953 2780 one
976 2721 1132 2783 benedicti
1143 2723 1206 2781 olei
1219 2729 1337 2778 careat.

812 2800 861 2885 76.
885 2789 931 2860 De
949 2806 1147 2880 Presbyteris
1177 2799 1337 2880 degrada·

895 2886 934 2944 tt's
968 2901 998 2946 et
1028 2900 1100 2969 post
1128 2882 1336 2964 degradatio-

895 2988 963 3030 rtem
973 2971 1080 3031 nescitis
1089 2967 1257 3029 sceleribus
1274 2965 1334 3025 im-

893 3052 1030 3129 plicatis.

813 3152 862 3214 77.
891 3130 929 3192 Si
943 3135 997 3216 qui
1015 3135 1115 3194 velint
1135 3150 1247 3212 aqctam
1260 3150 1335 3189 con·

894 3215 1208 3296 secrctamuccipere.

813 3293 862 3377 78.
890 3297 1073 3358 DeCiericis
1085 3295 1334 3369 etPresbyteris,

893 3381 922 3438 si
935 3379 1101 3462 Episcopis
1113 3378 1177 3436 suis
1205 3376 1335 3435 obedire

881 3453 1007 3534 Ιηοίἰηι,
1020 3459 1332 3522 utexcommunicen-

893 3557 953 3606 tur.

811 3647 861 3710 79.
893 3629 942 3688 De
967 3625 1124 3712 Episcopo
1147 3624 1332 3710 metropoli-

894 3725 976 3774 iano.

810 3794 861 3857 80.
894 3791 937 3853 Ut
956 3791 1161 3873 unusquisque
1180 3785 1336 3870 progeni*

893 3895 941 3933 em
961 3895 1049 3932 suam
1065 3891 1167 3959 usque¹
1193 3863 1237 3928 ad
1257 3887 1330 3949 sep-

893 3957 999 4018 timam
1019 3953 1251 4034 generationem
1272 3949 1329 4010 cb-

891 4049 1005 4102 servet.
1394 4103 1397 4115 Α

808 4123 860 4187 81.
890 4120 939 4180 De
953 4118 1150 4196 Presbyterts
1164 4116 1202 4178 ab
1213 4117 1329 4196 ignotis

891 4201 1057 4284 Episcopis
1078 4199 1244 4270 ordinatis.

809 4287 861 4356 sa.
887 4281 930 4348 Ut
944 4285 973 4346 si
990 4279 1061 4368 quis
1083 4282 1202 4348 itcmini
1220 4280 1326 4362 utiquo
