2926 4986
210 305 285 384 774
669 315 959 377 carrroeaarun

209 476 242 527 ta
265 459 451 525 reverentia
472 457 543 524 eins
568 455 749 521 doctrinam
766 457 862 521 debet
881 453 1058 537 suscipere,
1080 464 1219 529 eumque
1241 464 1355 508 amare

210 557 244 608 et
266 546 402 628 diligere
424 552 461 603 nt
476 541 623 626 ,legatum
647 543 710 607 Dei
733 551 767 604 et
786 559 981 624 praeconem
1005 531 1168 602 veritatis3
1190 527 1259 610 qui,
1282 537 1356 588 tes-

210 638 298 690 tante
321 625 476 703 Veritate,
499 623 719 708 quodcunque
741 622 894 706 ligaverit
918 639 1016 702 super
1035 611 1250 692 terram,.erit
1272 609 1357 690 liga-

151 761 154 766 .
209 719 334 772 tumet
361 708 395 768 in
418 704 529 778 coelo;
553 715 585 768 et
616 708 837 790 quodcunque
860 702 994 782 solverit
1013 717 1111 780 super
1131 704 1262 768 terram,
1287 691 1356 754 erit

209 794 354 856 solutum
377 799 409 850 et
433 789 466 850 iu
494 786 600 852 coelo.¹
637 789 740 864 Nimis
766 786 911 848 timenda
938 793 986 846 est
1012 779 1093 842 haec
1116 777 1299 852 sententia,
1323 782 1359 832 et

209 873 451 1020 providendum
473 869 628 934 vobisne
657 871 826 932 offendatis
859 889 914 930 eos
939 866 995 948 qui
1019 871 1139 924 tantam
1163 861 1182 920 a
1207 857 1356 919 Domino

237 960 333 1020 abent
356 963 556 1038 potestatem.
598 955 640 1015 Et
662 953 735 1016 ideo
755 953 862 1036 potius
883 945 1060 1014 obediendi
1088 953 1119 1004 et
1146 959 1357 1021 summopere

212 1050 289 1103 suot
312 1035 500 1111 venerandi,
524 1058 589 1096 non
615 1035 819 1111 detrahendi,
844 1031 896 1095 vel
921 1027 1097 1106 lacerandi,
1120 1035 1176 1086 aut
1197 1019 1357 1096 eiciendi,

211 1123 270 1188 sed
293 1119 445 1204 portandi
470 1127 502 1178 et
521 1119 660 1196 amandi,
682 1117 752 1201 ipso
781 1117 910 1177 dicente
934 1112 1095 1176 Domino:
1127 1106 1190 1190 Qui
1212 1127 1274 1186 pos
1296 1125 1359 1161 au-

213 1205 275 1274 dic,
298 1225 345 1262 ane
367 1199 483 1270 cecedit,=
512 1203 616 1282 etqui
637 1222 696 1262 vos
727 1200 865 1284 spernit,
896 1217 944 1256 me
976 1185 1117 1276 spernilss'
1159 1187 1240 1250 ldeo
1265 1185 1358 1244 haec

215 1285 306 1348 vobis
334 1293 366 1343 et
389 1283 537 1344 omnibns
566 1283 716 1344 fidelihus
743 1277 957 1363 praecipimus
987 1285 1023 1336 ut
1052 1273 1091 1334 ab
1122 1271 1173 1332 bis
1201 1267 1357 1343 careatis,

215 1379 247 1430 et
272 1365 409 1450 posteris
433 1366 546 1427 restris
568 1387 633 1426 non
661 1365 791 1440 malum,
813 1363 869 1424 sed
897 1363 1019 1422 bonum
1041 1354 1228 1435 exemplum
1247 1350 1358 1410 relin-

215 1451 340 1532 quatis,
372 1449 526 1530 quoniam
547 1447 665 1506 iniuria
686 1447 922 1527 Episcopornm
949 1443 990 1503 ad
1013 1437 1177 1500 Christum
1197 1433 1357 1517 pertinet,

215 1534 307 1595 cuius
333 1531 404 1591 vice
426 1531 616 1612 funguntur.
659 1530 751 1590 Unde
771 1538 804 1588 et
834 1549 911 1603 ros,
933 1525 989 1606 qui
1020 1521 1090 1581 reri
1109 1517 1171 1580 Dei
1196 1515 1272 1577 estis
1292 1515 1358 1574 dis-

216 1615 332 1696 cipuli,
353 1612 469 1675 abicite
490 1615 507 1674 l
531 1611 682 1673 cordibus
702 1621 780 1671 ante
796 1609 903 1670 omnia
922 1602 1097 1670 discordias
1118 1610 1153 1662 et
1171 1600 1359 1658 animorum

217 1696 453 1772 dissensiones,
499 1716 539 1755 ex
572 1695 689 1776 quibus
718 1713 812 1754 omne
841 1713 922 1773 opus
958 1688 1079 1750 malum
1114 1682 1282 1766 procedit,
1326 1687 1358 1738 et

217 1778 451 1859 benignitatem
470 1799 506 1838 ac
524 1776 764 1858 simplicitatem
785 1783 853 1836 tota
871 1781 979 1834 mente
1008 1775 1144 1830 servate.
1186 1765 1360 1828 Verunta-

217 1883 291 1922 men
323 1860 437 1919 scitote
466 1860 576 1918 cuncti
606 1859 694 1942 quod
719 1880 815 1940 supra
838 1877 948 1916 omnes
977 1874 1035 1913 vos
1068 1849 1193 1910 laboret
1216 1845 1360 1926 Episco-

217 1965 290 2026 pus,
312 1941 387 2021 quia
409 1941 632 2022 utiusquisque
651 1950 794 2002 vestrum
817 1959 910 2000 suum
929 1933 1098 2019 proprium
1118 1933 1181 1990 fert
1195 1928 1358 1996 laborem,

218 2027 276 2087 ille
301 2044 379 2084 vero
402 2031 434 2082 et
455 2045 549 2083 suum
573 2033 604 2082 et
623 2024 835 2105 singulorum.
876 2022 920 2081 Et
942 2019 1016 2078 ideo
1041 2014 1124 2074 sicut
1142 2012 1199 2071 ille
1217 2031 1278 2090 pro
1304 2031 1361 2067 vo-

191 2099 194 2110 ’
217 2108 268 2169 bis
293 2104 459 2180 omnibus,
488 2105 531 2162 ita
554 2113 586 2164 et
609 2127 665 2165 vos
689 2127 800 2166 omnes
827 2125 886 2186 pro
912 2124 950 2163 eo
973 2116 1174 2177 summopere
1203 2092 1359 2154 laborare

219 2187 355 2263 debetis,
379 2187 413 2246 iu
434 2196 560 2247 tanturn
580 2196 616 2246 ut
638 2187 663 2248 si
686 2188 781 2247 etiam
804 2207 933 2246 necesse
955 2183 1066 2255 fuerit,
1088 2177 1208 2235 animas
1232 2183 1360 2234 vestras

218 2292 279 2355 pro
298 2291 338 2330 eo
359 2269 501 2350 ponatis;
533 2269 616 2330 sicut
636 2269 754 2350 etipse
779 2269 918 2328 animam
938 2287 1026 2327 suam
1047 2282 1105 2343 pro
1128 2258 1229 2334 vobis,
1253 2257 1281 2316 si
1302 2277 1362 2316 ne·

220 2373 308 2415 cesse
331 2351 447 2428 fuerit,
468 2371 591 2432 ponere
616 2351 729 2429 dehet,
764 2351 833 2434 ipso
864 2350 991 2411 dicente
1023 2345 1206 2406 salvatore:
1248 2340 1363 2398 Bonus

216 2448 331 2520 postor
350 2437 487 2493 animam
514 2455 603 2493 suam
627 2433 683 2494 dat
700 2454 759 2518 pro
781 2434 889 2494 ovibus
911 2434 985 2490 stris.
1028 2429 1094 2489 Vos
1121 2443 1199 2483 vero
1224 2421 1363 2481 obedite

221 2517 278 2592 eia,
302 2525 334 2576 et
361 2515 492 2596 vigilate
512 2538 571 2597 pro
590 2516 652 2585 eis;
676 2517 752 2596 quia
771 2515 832 2596 ipsi
858 2514 995 2596 vigilant
1010 2507 1100 2592 quasi
1119 2505 1280 2582 rationem
1298 2524 1363 2586 pro

214 2599 388 2659 animabus
414 2598 529 2659 vestris
550 2597 727 2676 reddituri,
758 2607 796 2658 nt
823 2619 896 2658 cnm
923 2594 1038 2680 gaudio
1061 2591 1123 2652 hoc
1155 2587 1298 2664 faciant,
1330 2593 1366 2646 et

222 2701 287 2740 non
314 2689 489 2762 gementes.

593 2761 643 2822 De
668 2759 804 2840 legitimo
825 2761 980 2840 coniugio.

308 2841 536 2904 CCCCLXlll.
577 2844 751 2904 Decretum
775 2853 823 2905 est
842 2853 878 2902 nt
903 2864 986 2904 uxor
1011 2835 1155 2919 legitime
1183 2832 1253 2914 viro
1278 2852 1366 2892 con-

222 2926 384 3007 iungatur.
429 2925 534 2986 Aliter
560 2925 647 2985 enim
672 2926 867 3008 legitimum,
897 2935 934 2984 nt
961 2925 977 2983 l
1000 2921 1150 2983 Patribus
1176 2915 1366 2995 accepimus

223 3019 256 3069 et
280 3011 297 3068 al
319 3007 438 3068 sanctis
469 3005 630 3086 Apostolis
663 3027 839 3088 eorumque
869 3004 1106 3068 successoribus
1133 3001 1291 3060 traditum
1315 2998 1366 3054 in-

222 3092 385 3165 venimus,
407 3110 473 3149 non
498 3089 534 3148 fit
559 3089 758 3171 coniugium,
781 3090 841 3150 nisi
866 3090 968 3166 abhis
985 3087 1041 3168 qui
1059 3105 1163 3164 super
1182 3083 1286 3163 ipsam
1311 3080 1365 3137 fe·

224 3174 346 3232 minam
368 3172 620 3231 dominationem
649 3171 767 3249 habere
801 3173 969 3242 videntum
998 3179 1032 3229 et
1059 3169 1075 3226 a
1100 3166 1219 3248 quihus
1249 3169 1365 3223 custo-

225 3257 331 3331 ditur,
355 3275 438 3313 arnor
457 3264 595 3335 petatur,
619 3257 688 3314 era
712 3255 899 3337 parentibus
919 3249 1205 3337 propinquioribus
1231 3263 1367 3326 sponse·

223 3347 290 3413 tur,
313 3347 345 3396 et
364 3336 488 3416 legibus
507 3337 647 3414 dotetur,
671 3347 703 3398 et
718 3359 776 3397 suo
792 3347 935 3419 tempore
960 3331 1211 3405 sacerdotaliter,
1235 3337 1271 3386 ut
1294 3345 1366 3384 mos

224 3425 291 3492 est,
315 3440 388 3479 cum
413 3419 562 3498 precibus
592 3429 625 3479 et
651 3418 868 3480 oblationibus
895 3420 913 3478 a
939 3415 1111 3478 Sacerdote
1135 3409 1366 3481 benedicatur,

226 3513 259 3564 et
283 3502 300 3560 al
322 3502 561 3582 paranymphis,
583 3511 620 3560 ut
642 3501 845 3562 consuetudo·
866 3501 969 3576 docet,
993 3495 1162 3572 custodita,
1184 3505 1218 3556 ct
1240 3491 1367 3552 sociata

225 3585 243 3646 a
267 3582 442 3663 proximis,
472 3603 553 3664 quae
578 3592 722 3665 tempore
749 3603 893 3664 congruo
918 3582 1017 3666 petita
1047 3578 1174 3659 legibus
1199 3575 1302 3637 detur
1334 3581 1368 3632 et

225 3665 414 3728 solemniter
442 3666 627 3747 accipiatur.
668 3667 711 3727 Et
732 3665 833 3726 biduo
860 3665 914 3726 vel
937 3665 1044 3724 triduo
1071 3659 1272 3721 orationibus
1308 3677 1367 3718 va-

226 3758 317 3824 cent,
340 3757 372 3808 et
401 3747 579 3809 castitatem
604 3749 803 3818 custodiant3
833 3757 870 3808 nt
891 3748 981 3809 honi
997 3745 1124 3805 soboles
1150 3749 1367 3824 generentur,

226 3829 258 3892 et
278 3830 418 3891 Domino
445 3831 510 3892 suis
535 3831 569 3889 in
595 3831 718 3891 actibus
741 3832 898 3914 placeant.
941 3829 1065 3889 Taliter
1085 3825 1172 3888 enim
1195 3833 1228 3884 et
1247 3822 1368 3882 Domi-

226 3935 269 3974 no
292 3913 479 3994 placebunt,
504 3923 533 3974 et
556 3913 651 3992 lilios,
679 3935 745 3974 non
772 3913 908 3997 spurios,
927 3912 984 3974 sed
1002 3908 1162 3992 legitimos
1182 3914 1282 3989 atquc
1312 3904 1369 3964 he-

224 3996 412 4082 reditabiles
435 3996 645 4074 generabunt.

247 4080 296 4138 De
318 4081 366 4136 leis
389 4079 445 4161 qui
467 4077 506 4138 de
534 4081 729 4160 Serapieione,
753 4077 807 4138 vel
832 4078 952 4158 ubsque
979 4075 1117 4152 legitimo
1144 4083 1345 4146 accusatore,

528 4161 651 4237 aliquos
673 4161 814 4220 indicare
833 4169 1046 4242 praecurrunt.

312 4242 539 4309 CCCCLXlV.
579 4244 709 4309 Placuit
732 4251 774 4332 ut
797 4243 920 4304 nullus·
936 4252 1130 4324 quemquam
1160 4235 1369 4300 clericorum
