2926 4984
190 279 263 356 588

192 440 259 524 176.
295 441 336 507 Ut
354 445 516 509 silentium
535 453 568 514 in
585 451 728 515 Ecclesia

291 540 450 603 teneatur,
478 544 509 591 et
527 534 639 596 devote
659 554 728 597 ver-

195 625 197 631 ‘
256 609 363 674 ubam
381 615 443 672 Dei
466 615 623 677 audiatur.
648 653 650 660 v
676 611 679 616 ¹

192 710 258 774 177.
286 691 328 752 Ut
341 693 502 780 Episcopo
517 693 668 780 infantuli
684 697 729 758 ad

289 775 542 861 confirmandum
574 803 726 866 praesen-

291 871 404 920 teretur.

191 939 256 1022 178.
290 938 332 1001 Ut
344 943 528 1022 Presbyteri
548 949 614 1009 sine
636 969 726 1009 sacro

290 1026 454 1086 chrismate
475 1030 607 1103 ‚oleoque
633 1033 727 1093 bene·

289 1105 374 1168 dicto
391 1128 454 1169 nou
472 1112 726 1196 proficiscantur.

192 1207 258 1270 179.
291 1187 333 1250 Ut
356 1191 538 1270 Presbyteri
558 1199 726 1258 olenmin-

279 1273 455 1357 firmorum
488 1277 527 1339 ab
567 1279 725 1365 Episcopo

291 1367 451 1438 expetant.

192 1436 258 1500 180.
291 1436 333 1497 Ut
353 1439 458 1500 nullus
479 1441 650 1520 Presbyter
665 1465 729 1526 pa-

290 1521 458 1581 rochianus
478 1525 580 1587 aliubi
594 1546 728 1608 praesu-

288 1613 353 1660 mat
366 1603 502 1666 chrisma
518 1610 672 1687 accipere,
682 1611 728 1667 ni·

290 1684 319 1741 si
326 1684 364 1744 ab
373 1683 529 1771 Episcopo
540 1711 595 1750 suo
608 1692 642 1750 in
653 1688 729 1750 Coe·

186 1777 195 1794 ¹
287 1785 329 1824 na
346 1767 485 1830 Domini.

191 1847 258 1910 181.
292 1846 335 1908 Ut
347 1848 506 1932 baptizare
522 1875 585 1915 non
593 1877 726 1938 proesu-

288 1942 402 2008 matur,
418 1936 480 1994 nisi
495 1937 528 1994 in
543 1939 648 2016 vigilia
661 1939 726 1998 Pa-

290 2013 364 2071 scba
381 2026 411 2073 et
431 2018 644 2078 Pentecosten.

80 2163 91 2180 x
191 2093 257 2159 181.
294 2093 726 2184 Utinstruanturfidelesqui

285 2183 448 2262 paruulos·
464 2181 503 2241 de
525 2204 615 2244 sacro
629 2183 724 2265 sonte

285 2261 443 2342 suscipere
463 2267 600 2348 cupiunt.

191 2342 257 2408 185.
293 2339 334 2402 Ut
350 2347 437 2405 nulla
446 2347 550 2431 pretia
567 2344 607 2406 de
620 2350 725 2431 bapti-

288 2425 400 2486 zandis
447 2431 727 2515 consignandisque

279 2505 438 2591 fidelibus
457 2513 633 2590 exr'gantur.

190 2590 257 2667 184.
284 2591 334 2650 De
371 2615 503 2677 quorum
545 2595 727 2678 baptismate

288 2675 404 2755 absque
413 2675 661 2737 dissimulatione
671 2675 729 2738 clu-

289 2755 394 2817 biatur
406 2802 418 2828 ,
463 2770 497 2818 ut
532 2759 728 2845 baptizentur

287 2855 488 2924 praeceptum
507 2855 562 2901 est.

192 2918 258 2982 185.
291 2919 332 2982 Ut
344 2923 528 2999 Presbyteri
537 2927 570 2983 in
585 2921 728 2985 Ecclesia

281 3002 390 3086 fidem
409 3016 534 3067 sanetae
562 3007 726 3067 Trinitatis

290 3085 433 3147 doceant.

192 3165 258 3229 186.
291 3168 332 3228 Ut
343 3169 526 3246 Presbyteri
543 3173 729 3234 adnuntient

288 3250 408 3332 populo
429 3265 564 3333 quatuor
590 3255 729 3334 legitima

292 3331 478 3410 Temporum
493 3339 619 3401 ieiunio.

194 3414 261 3494 187.
296 3411 337 3474 Ut
359 3416 476 3477 ieiunia
502 3422 565 3479 tria
588 3419 729 3498 legitima

291 3498 324 3554 in
345 3519 425 3557 anuo
444 3513 585 3579 agantur.
655 3537 657 3544 ·

193 3579 259 3642 188.
294 3577 335 3638 Ut
351 3581 499 3662 populus,
523 3584 585 3642 nisi
606 3580 729 3641 duobus

290 3663 492 3743 temporibus,
513 3664 728 3745 infantessuos

290 3743 729 3826 adbaptismumuonofferat.

192 3829 258 3909 189.
293 3826 333 3886 Ut
351 3827 419 3886 dies
440 3829 615 3890 dominicus
642 3848 729 3887 reac-

291 3923 397 3968 renter
414 3913 544 3975 colatur.

191 4015 258 4078 19ο.
292 3990 333 4052 Ut
347 3991 532 4052 adnuntient
548 3992 731 4067 Presbyteri

289 4074 398 4134 eodem
414 4077 508 4136 modo
525 4077 603 4134 sicut
616 4074 730 4134 sabba·

290 4171 355 4216 tum
371 4157 509 4218 Paschae
520 4177 588 4218 eum
601 4156 658 4215 'suo
671 4155 731 4213 Pa·

290 4241 375 4313 scba,
399 4241 559 4301 sabbatum
576 4239 730 4302 Penteco-

593 303 881 366 cselweemttu

879 463 946 512 sten
961 473 1031 516 cum
1044 474 1100 515 suo
1114 452 1165 514 dte
1179 449 1320 516 domini-

879 554 915 598 co
930 537 1108 598 observare.

781 635 847 696 191.
882 614 922 676 Ut
940 617 1125 678 adnuntient
1139 615 1321 692 Presbyteri

838 705 839 712 ’
874 702 991 781 populo
1011 722 1044 759 se
1068 701 1105 762 ab
1121 700 1252 760 inlicitis
1267 698 1322 760 ob*

879 783 994 842 stinere
1014 783 1187 843 connubiis.

780 881 846 945 ¹9²·
881 861 921 922 Ut
934 865 1059 948 publice
1074 862 1258 939 Presbyteri
1264 861 1324 920 acl-

877 949 1020 1007 nuntient
1028 947 1115 1028 plebi
1134 945 1272 1003 decimas
1288 955 1319 1002 et

874 1030 1032 1111 primitias
1042 1031 1178 1088 om'nium
1184 1025 1321 1106 frugum

878 1110 923 1168 acl
934 1109 1177 1171 benedicendam
1189 1105 1320 1188 offerre.

782 1191 849 1274 193.
883 1191 924 1255 Ut
928 1192 1051 1276 fideles
1061 1192 1321 1270 intellegantpac-

880 1288 944 1335 tum
952 1274 1113 1357 quodcum
1122 1274 1191 1332 Deo
1202 1273 1235 1330 in
1245 1271 1324 1354 bap-

879 1359 1001 1416 tismate
1014 1353 1172 1435 fecerunt.

782 1438 847 1521 ¹94·
883 1435 1321 1499 UtSaeerdotesadmoneant

879 1521 962 1581 viros
976 1534 1007 1580 et
1017 1520 1161 1578 mulieres
1177 1531 1210 1575 ut
1224 1518 1320 1574 lumi-

877 1606 968 1662 naria
986 1601 1031 1662 acl
1047 1599 1321 1682 basilicasdepor·

881 1698 953 1745 tent.

780 1768 846 1848 195.
881 1767 922 1827 lit
934 1766 1123 1827 admoneant
1138 1764 1324 1844 Presbyteri

874 1845 1321 1933 plebemneinEchesiaeon-

878 1933 1065 1992 tentionibus
1081 1942 1111 1990 et
1124 1930 1326 1996 verbositati--

880 2015 935 2073 bus
953 2012 1144 2075 deserviant.

780 2095 846 2180 196.
881 2094 1320 2170 UtPresbyterisollieitecu·

875 2177 1320 2257 rentneinbonestactturpm
1380 2231 1388 2244 ,

877 2258 1033 2342 quaelibet
1039 2255 1129 2342 fiunt
1149 2259 1183 2316 ire
1205 2258 1320 2319 Eccle-

878 2362 944 2405 1111.

782 2446 847 2509 ¹97·
874 2426 922 2486 Ne
938 2425 971 2480 in
984 2434 1176 2481 mortuorum
1186 2421 1321 2500 funeri-

881 2507 936 2565 bus
954 2505 1045 2564 tunsa
1062 2505 1260 2582 Pagauorum
1277 2507 1321 2564 ri·

880 2598 1080 2663 tamugatur.

781 2669 847 2753 198.
880 2668 921 2730 Ut
936 2689 998 2751 pro
1022 2665 1178 2747 defensetis
1200 2671 1321 2726 antico-

878 2774 948 2813 rum
960 2763 1104 2830 pnrentes
1128 2769 1235 2806 eorum
1256 2752 1320 2808 tri-

876 2837 965 2916 ginta
979 2831 1047 2890 dics
1069 2829 1243 2913 adimplere
1258 2831 1321 2914 fa-

881 2919 973 2977 ciant.

781 3022 849 3084 199.
879 3001 927 3059 De
937 2999 984 3055 bis
994 3015 1070 3075 auos
1080 2995 1255 3078 Episcopus
1267 3009 1323 3056 aut

878 3077 1035 3139 Sacerdos
1062 3079 1321 3136 excommunica-

878 3163 969 3230 verit,
994 3180 1032 3219 ne
1046 3157 1225 3244 eosfidelcs
1236 3161 1322 3219 reci-

880 3245 978 3322 piant.

777 3349 846 3396 200.
875 3325 915 3387 Ut
932 3324 1036 3384 nullus
1055 3324 1224 3401 Presbyter
1232 3346 1322 3384 suam

878 3407 1053 3469 Ecclesiam
1076 3407 1143 3463 siae
1165 3427 1320 3465 consensu

879 3489 1031 3568 Episcopi
1044 3489 1094 3547 sui·
1110 3488 1319 3569 derelinquat.

778 3596 848 3638 201.
881 3573 922 3634 Ut
942 3591 1033 3630 sacra
1049 3571 1196 3648 mysteria
1214 3569 1320 3627 nullus

880 3654 1067 3729 Presbyter,
1098 3653 1161 3711 nisi
1187 3652 1221 3710 in
1248 3652 1319 3712 loco

879 3746 1070 3808 consecrato,
1094 3745 1174 3812 agat.

779 3843 849 3884 202.
878 3821 925 3882 Ne
944 3813 1035 3877 aliud
1045 3815 1143 3874 altare
1157 3817 1190 3873 iu
1206 3813 1320 3874 Eccle-

881 3904 929 3963 sia
948 3910 1140 3968 consecrata,
1159 3899 1221 3955 nisi
1234 3895 1324 3978 qseod

881 3986 919 4046 ab
930 3981 1088 4064 Episcopo
1107 3991 1322 4038 consecratum

884 4079 941 4136 est,
965 4061 1078 4144 aliquis
1098 4061 1269 4137 Presbyter
1287 4082 1322 4118 c·

883 4150 974 4226 rigat.
1219 4195 1223 4203 .

781 4234 851 4297 203.
884 4230 924 4317 Ut
940 4227 1127 4313 Episcopus,
1149 4180 1325 4304 Presbyter
