2926 4984
192 273 266 345 524
602 302 891 364 cismarinum

192 429 314 526 dicium
333 430 598 530 subvertendum,
612 449 780 524 postquam
795 443 834 504 de
851 442 952 527 gradu
977 463 1035 503 sao
1058 440 1230 524 depositus,
1245 442 1324 504 fue-

192 522 258 592 rit,
280 535 411 574 manum
426 525 564 580 amittat.
610 523 695 583 Ibid.
720 546 744 589 c.
765 525 814 587 55.

553 627 602 685 De
624 628 741 710 placito
763 629 949 689 Centenarii.

278 724 346 786 CV.
368 728 411 788 Ut
433 729 543 792 nullus
562 732 657 793 homo
679 735 712 793 in
731 734 850 817 placito
865 737 1051 796 Centenarii
1066 739 1171 818 neque
1188 736 1228 796 ad
1239 757 1326 796 mor-

193 815 277 884 tem,
300 829 361 870 nee
383 810 423 870 ad
437 811 618 874 libertatem
634 818 964 895 summittendum,
988 830 1042 880 aut
1056 819 1095 878 ad
1112 838 1163 878 res
1179 818 1325 878 redden-

194 890 248 983 das
263 889 316 949 vel
337 893 518 974 mancipia„
534 896 712 969 iudicetur;
734 900 790 959 sed
813 899 864 960 isti
880 909 936 960 aut
956 899 1188 979 inpraesentia
1211 899 1325 960 Comi-

193 979 233 1032 t1s
253 971 305 1033 vel
323 974 493 1036 Missurum
508 988 691 1040 nostrorum
713 981 906 1043 iudicentur.
947 984 1033 1046 laid.
1046 1005 1073 1044 c.
1097 1003 1145 1064 79.

566 1087 615 1146 De
635 1100 728 1170 raptu
741 1087 919 1153 viduarum.

265 1182 363 1278 ’CVL
407 1189 471 1264 Qui
495 1189 624 1250 viduam
658 1191 741 1250 intra
762 1194 879 1274 primos
906 1192 1040 1274 triginta,
1060 1192 1128 1252 dies
1156 1191 1324 1254 viduitatis

193 1265 247 1360 pel
263 1268 393 1328 invitam
408 1271 461 1330 vel
476 1274 639 1335 volentem
664 1273 723 1334 sibi
745 1276 967 1356 copulaverit,
986 1276 1129 1335 bannum
1155 1283 1321 1349 nostrum,

194 1348 229 1408 id
242 1357 307 1425 est,
329 1353 493 1432 sexaginta
513 1357 630 1418 solidos
653 1357 686 1415 in
713 1358 810 1438 triplo
832 1368 1008 1436 componat.
1051 1357 1115 1420 Vel
1137 1357 1163 1416 si
1186 1355 1323 1416 invitam

195 1448 263 1486 earn
282 1430 393 1510 duxit,
416 1434 518 1516 legem
538 1460 626 1498 snam
643 1439 673 1498 ei
687 1451 877 1521 componat,
896 1440 984 1499 illam
1005 1438 1234 1501 veroulterius
1255 1459 1321 1497 non

195 1509 348 1592 adtingat.
391 1515 495 1600 Supra
511 1519 580 1584 Lib.
591 1521 688 1585 W.c.
706 1544 749 1602 17.

288 1619 337 1678 De
357 1621 479 1680 bomine
500 1625 657 1707 publicam
677 1628 901 1710 poenitentiam
921 1639 1029 1706 agente
1050 1623 1225 1704 interfecto,

197 1802 205 1819 ·
279 1722 384 1786 CVll.
427 1728 492 1802 Qui
522 1730 687 1791 bominem
724 1731 887 1812 publicam
914 1731 1146 1814 poenitentiam
1174 1738 1326 1811 agentem

195 1807 417 1883 inteulecerit,
439 1809 582 1872 bannum
603 1823 745 1874 nostrum
764 1814 795 1872 in
820 1814 917 1895 triplo
937 1821 1124 1895 componat,
1146 1819 1178 1872 et
1198 1811 1327 1894 wirgil-

197 1885 274 1948 dum
296 1889 450 1969 proximis
469 1893 535 1954 eius
550 1896 722 1976 persolvat.
763 1895 846 1956 Ibat.
861 1919 887 1961 c.
903 1897 939 1958 18

360 1995 413 2054 De·
429 1997 653 2059 observatione»
661 2005 900 2084 praeceptorum
916 2001 1155 2062 dominicorum.

277 2097 404 2193 etlll.
446 2103 494 2162 De
517 2104 738 2166 observatione
759 2116 1004 2187 praeceptorum
1017 2115 1199 2166 nostrornm
1214 2114 1246 2165 et
1263 2104 1322 2166 im»

103 2221 106 2228 «
195 2190 369 2260 munitate,
391 2185 603 2266 praecipimus
619 2187 711 2246 atita
731 2188 940 2248 observentur
957 2189 1076 2249 sicuti
1105 2186 1196 2249 nobis
1228 2195 1261 2248 et
1281 2187 1321 2246 ab

196 2265 449 2325 antecessoribus
466 2267 581 2328 nostris
606 2266 814 2329 constitutum
831 2281 885 2335 est.
927 2271 974 2331 ΙΙ).
996 2293 1021 2335 c.
1045 2269 1094 2332 ta.
1263 2279 1268 2286 “

277 2369 325 2430 De
347 2369 424 2431 locis
443 2369 626 2430 iamdudum
642 2373 738 2431 sacris
757 2386 787 2432 et
807 2375 1048 2456 nuncspurcitia
1061 2372 1215 2454 foedatis.

281 2473 369 2537 CIX.
410 2479 458 2536 De
474 2476 554 2536 loeis
569 2476 753 2536 iamdudum
771 2478 883 2554 sacris,
905 2488 937 2538 et
960 2500 1052 2538 nune
1073 2476 1226 2559 spurcitiei
1248 2476 1321 2535 foe-

199 2557 298 2635 datis,
320 2568 356 2618 ut
373 2558 462 2619 iuxta
476 2559 721 2640 possibilitatem
734 2558 772 2619 iu·
782 2561 951 2644 antiquum
965 2569 1085 2621 statum·
1095 2561 1321 2620 reformentur.

198 2640 283 2702 Ibid.
300 2663 325 2702 c.
341 2641 391 2704 53.

198 2747 248 2807 De
260 2748 549 2809 commutationibus
563 2749 692 2810 utilibus
703 2746 934 2832 permanendis,
942 2748 1161 2829 inutilibusque
1169 2745 1325 2809 delendis.

282 2853 352 2921 CX.
394 2854 586 2934 Ubicunque
619 2852 907 2928 commutationes,
938 2861 1001 2910 tam
1036 2863 1177 2933 tempore
1212 2862 1322 2912 nostro

198 2957 359 3018 quamque
375 2937 528 3016 genitoris
547 2936 663 3009 nostri,
686 2935 847 3017 legitimae
865 2946 898 2994 et
914 2934 1118 2994 rationabiles
1146 2943 1240 3016 atque
1263 2933 1327 2992 uti-

200 3019 252 3078 les
265 3020 349 3078 inter
369 3018 527 3078 Ecclesias
542 3017 603 3076 Dei
620 3019 719 3090 factae
745 3028 839 3092 sunt,
872 3027 1090 3098 permaneant.
1131 3016 1322 3096 Ubicunque

200 3119 280 3160 vero
297 3100 429 3162 inutiles
447 3109 478 3158 et
499 3099 716 3160 incommodae
733 3109 827 3180 atque
847 3096 1088 3162 inrationabiles
1113 3099 1212 3156 factae
1230 3105 1322 3172 sunt,

202 3180 440 3258 dissolvantur,
463 3191 494 3240 et
513 3181 647 3261 recipiat
662 3182 882 3262 unusquisque
909 3179 996 3257 quod
1021 3181 1119 3243 dedit.
1162 3179 1222 3237 Ubi
1246 3199 1324 3237 vero
1357 3172 1360 3180 ’

201 3272 327 3322 mortua
346 3285 456 3322 manus
476 3263 654 3340 interiacet,
678 3273 732 3322 aut
750 3263 810 3322 alia
828 3259 989 3341 quaelibet
1011 3284 1114 3336 causa⁷
1128 3283 1210 3342 quae
1224 3259 1322 3317 ratio·

202 3343 319 3402 nabilis
337 3366 400 3404 non
423 3365 489 3406 esse
510 3345 678 3419 rideatur,
701 3345 834 3405 inventa
853 3343 952 3402 fuerit
964 3387 973 3418 ‚
996 3344 1169 3424 diligenter
1204 3340 1324 3401 deseri·-

201 3425 315 3501 batur,
339 3436 370 3485 et
391 3426 430 3484 ad
446 3436 585 3486 nostram
607 3427 753 3486 notitiam
772 3425 965 3506 perferatur*
1006 3425 1198 3508 capitata.
1216 3447 1243 3480 a.
1264 3423 1326 3497 814

204 3528 230 3566 e.
254 3527 291 3583 1.,
313 3505 444 3588 Capital.
464 3531 491 3572 a.
510 3511 580 3590 829.
605 3509 665 3566 Tit.
686 3529 714 3572 2.
736 3530 761 3571 c.
777 3507 805 3570 5'.

225 3613 273 3673 De
291 3610 450 3672 Ecclesiae
467 3613 697 3672 consecratione
712 3615 745 3671 i'n
768 3633 829 3690 que
846 3623 1039 3672 mortuorum
1054 3610 1212 3670 cadavera
1235 3620 1306 3668 sunt

703 3694 831 3776 sepulta.

288 3801 379 3864 CXt.
418 3797 595 3862 Ecclesiam
617 3797 650 3855 in
672 3818 733 3877 qua
751 3808 948 3857 mortuorum
971 3795 1123 3858 cadauera
1147 3794 1326 3857 infidelium

206 3884 425 3966 sepeliuntur,
455 3880 652 3942 sanctificare
677 3880 845 3943 nonlicet.
889 3879 952 3940 Sed
976 3879 1002 3938 si
1030 3887 1101 3958 apta
1128 3879 1261 3938 videtur·
1288 3878 1326 3936 ad

207 3967 476 4041 consecrandum,
498 3961 571 4022 inde
588 3961 696 4022 evulsa
719 3982 868 4043 corpora,
891 3969 924 4020 et
946 3961 1022 4021 rasis
1047 3959 1099 4020 vel
1123 3958 1197 4020 lotis
1232 3959 1326 4038 lignis

124 4050 126 4058 ’
208 4048 300 4126 eius‚'
316 4048 547 4109 reaedificetur.
590 4043 623 4102 Si
637 4042 717 4102 haec
732 4052 917 4104 consecrata
945 4042 1034 4122 prius
1061 4041 1139 4117 fuit,
1162 4041 1271 4102 Missas
1294 4041 1327 4098 in

209 4152 244 4190 ea
263 4131 425 4192 celebrare
443 4129 541 4204 licet,
563 4123 590 4186 si
609 4133 716 4185 tamen
737 4123 849 4188 fideles
871 4124 994 4186 fuerint
1012 4123 1069 4209 qui
1097 4121 1130 4182 in
1152 4143 1190 4182 ea
1213 4121 1328 4204 sepulti

209 4221 292 4280 sunt.
