2910 4986
203 319 276 395 ⁴³8
630 348 916 412 cantumerula

201 480 327 577 ceptio,
349 491 405 544 aut
439 485 579 549 amicitia
602 490 795 570 cuiuslibet,
816 489 870 556 rel
891 487 1021 572 odium,
1058 500 1116 555 aut
1139 489 1255 572 timor,
1277 493 1335 557 vel

200 572 318 660 gretip,
341 565 381 627 ab
402 577 487 630 statu
500 570 704 637 rectitudinis
722 573 928 638 vos'deviare
946 573 1118 658 compellat
1141 575 1220 657 quin
1244 575 1335 638 inter

194 667 381 729 proximum
408 662 442 712 et
463 654 646 733 proximum
665 679 790 740 semper
812 657 894 719 iuste
921 657 1080 720 iudicetis.
1127 658 1335 741 Pupillorum

200 750 277 790 vcro
301 739 333 791 et
346 733 515 794 viduarum
533 747 566 797 et
593 749 794 802 caeterorum
815 761 994 824 pauperum
1022 739 1186 801 adiutores
1212 761 1249 801 ac
1272 739 1332 802 de-

198 813 363 891 fensores,
386 825 417 878 et
432 827 558 879 sanctae
578 821 743 885 Ecclesiae
764 822 817 884 vel
844 843 1010 884 serrorum
1037 821 1126 883 illius
1153 819 1334 884 honorato-

197 914 249 988 res
272 895 361 956 iuxta
376 909 513 960 vestram
525 903 769 982 possibilitatem
787 904 864 966 sitis.
906 905 983 966 lllos
998 925 1129 987 quoque
1153 903 1210 985 qui
1229 913 1334 964 teme-

197 985 293 1038 ritate
312 989 345 1040 et
365 981 521 1042 violentia
538 984 570 1043 in
594 986 688 1048 furtis
705 997 737 1048 et
756 986 936 1049 latrociniis
950 985 1017 1048 sive
1042 985 1164 1068 rapinis
1188 1007 1334 1047 commu-

199 1079 273 1118 nem
289 1083 400 1143 pacem
414 1063 525 1145 populi
544 1069 732 1148 perturbare
752 1069 950 1147 moliuntur,
973 1078 1079 1131 vestro
1096 1066 1204 1129 studio
1218 1077 1250 1129 et
1263 1087 1334 1129 cor·

198 1142 362 1236 rectione,
384 1145 468 1206 sicut
489 1148 602 1226 decet,
626 1153 829 1236 compescite.
869 1151 957 1214 Etsi
982 1152 1091 1234 aliqua
1111 1170 1248 1232 persona
1272 1169 1333 1211 vo-

197 1223 246 1286 bis
261 1225 491 1307 impedimento
507 1230 606 1291 fuerit
626 1234 706 1315 quin
732 1255 768 1295 ea
790 1256 872 1316 quae
894 1233 1029 1296 dicimus
1052 1235 1160 1294 facere
1186 1252 1252 1291 uon
1274 1251 1333 1293 va·

198 1307 309 1384 leatis,
332 1310 424 1372 nohis
442 1312 482 1372 ad
499 1321 625 1397 tempus
643 1316 727 1378 illud
744 1326 858 1379 uotum
880 1317 951 1387 fiais
974 1313 1333 1376 Ul1¹⁰⁵l¹³³⁸¹¹⁰l⁰sll⁸l⁰

198 1389 311 1469 adiuti,
325 1392 539 1454 ministerium
553 1406 693 1458 vestrum
713 1399 809 1482 digne
828 1399 1004 1481 adimplere
1017 1395 1155 1482 possitis·
1175 1394 1258 1457 Ibid·
1268 1393 1333 1456 0·6·

198 1495 247 1566 De
266 1496 481 1560 admonitione
499 1501 544 1560 ad
555 1502 653 1564 laicos
665 1526 725 1588 pro
740 1507 857 1566 leonore
874 1505 1083 1565 ecclesiastico
1101 1499 1332 1564 conservando.

280 1602 358 1666 Vll.
400 1608 521 1668 Omnes
545 1631 621 1670 vero
636 1610 735 1672 laicos
755 1631 921 1671 monemus
940 1619 976 1670 ut
991 1609 1148 1671 honorem
1162 1605 1334 1668 ecclesias·

197 1687 299 1748 ticum
314 1699 519 1767 conservent,
540 1699 572 1750 et
597 1692 727 1775 diguam
745 1692 987 1768 venerationem
1015 1689 1183 1773 Episcopis
1212 1697 1245 1750 et
1270 1686 1334 1749 Dei

127 1799 130 1810 ι
199 1770 425 1832 Sacerdotibus
454 1772 648 1853 exhibeant,
678 1787 711 1837 et
740 1776 779 1836 ad
807 1796 917 1837 eorum
946 1772 1222 1859 praedicationem
1258 1791 1335 1832 cum

199 1852 264 1913 suis
285 1853 399 1914 devote
421 1865 611 1934 occurrant,
634 1866 666 1917 et
684 1857 807 1920 ieiunia
830 1855 951 1918 abillis
973 1854 1187 1918 communiter
1210 1852 1336 1912 indicta

199 1944 389 1996 reverenter
404 1935 585 2014 observent,
605 1949 636 1999 et
651 1961 724 2001 suos
739 1939 908 2002 observare
925 1939 1062 2001 doceant
1075 1946 1108 1999 et
1127 1933 1333 2018 compellant.

200 2017 242 2076 Et
268 2026 304 2076 ut
322 2018 417 2078 etiam
432 2019 501 2079 dies
520 2019 700 2083 dominicus
716 2023 798 2084 sieut
816 2021 911 2083 decet
930 2021 1111 2081 honoretur
1131 2026 1164 2078 et
1185 2017 1311 2078 colatur
1322 2060 1333 2094 ,

200 2119 311 2161 omnes
334 2101 493 2161 studeant.
534 2103 577 2161 Et
599 2114 635 2164 ut
660 2105 792 2165 liberius
818 2103 888 2164 fieri
906 2104 1023 2186 possit,
1051 2108 1189 2165 mercata
1209 2105 1242 2160 et
1260 2097 1333 2179 pla·

200 2182 262 2242 cita
283 2181 301 2240 d
320 2182 516 2259 comitibus,
539 2184 622 2246 sieut
636 2208 730 2270 saepe
745 2185 943 2249 admonitum
957 2185 1038 2265 tuit,
1059 2183 1119 2245 illo
1141 2180 1193 2245 die
1219 2177 1333 2263 prohi-

199 2264 346 2325 beantur.
388 2263 544 2346 Itide7.

200 2372 249 2432 De
271 2368 486 2432 admonitione
505 2370 551 2432 ad
572 2372 707 2434 Abbates
729 2385 760 2433 et
781 2374 879 2434 laicos
901 2391 963 2456 pro
993 2368 1190 2434 monasteriis
1211 2387 1256 2428 ex
1286 2386 1334 2427 re·

513 2454 580 2534 gali
595 2456 742 2534 largitate
757 2457 819 2517 sibi
837 2455 1019 2516 commissis.

282 2557 377 2622 VIII.
419 2556 595 2622 Abbatihus
612 2583 742 2645 quoque
762 2571 795 2623 et
811 2561 902 2623 laicis
921 2560 1106 2702 specialiter
1124 2558 1271 2620 iubemus
1296 2562 1333 2616 ut
1445 2559 1446 2600 Ὗ

200 2643 233 2702 in
252 2641 454 2704 monasteriis
474 2665 557 2725 quae
580 2665 620 2704 ex
642 2653 748 2705 nostra
769 2643 915 2727 largitate
961 2643 1074 2721 abent,
1095 2642 1334 2724 Episcoporum

201 2726 337 2787 consilio
361 2734 393 2786 et
410 2724 602 2787 documento
625 2748 661 2787 ea
682 2747 765 2867 (puae
785 2727 825 2787 ad
855 2724 1046 2807 religionem
1072 2723 1331 2797 canonicorum,

200 2807 450 2884 Monachorum,
473 2808 688 2868 sanctimonia
705 2808 770 2868 ium
785 2809 967 2891 pertinent,
988 2815 1151 2888 paragant,
1174 2815 1332 2866 eteorum
1444 2859 1445 2874 ,

201 2890 363 3034 paplplbrepn
377 2890 633 2953 admonitionem
655 2890 689 2950 in
705 2889 768 2951 boc
787 2891 927 2954 libenter
955 2888 1088 2949 audiant
1113 2897 1145 2951 et
1170 2882 1332 2948 obediant

241 2994 250 3030 t
278 2993 319 3031 .c.
351 3017 357 3030 .

202 3077 252 3136 De
265 3076 478 3140 admonitione
500 3076 545 3138 od
564 3078 758 3163 Episcopos,
788 3077 940 3147 Abbates,
967 3073 1070 3144 etad
1093 3094 1198 3136 omnes
1207 3071 1332 3157 fideles

544 3183 604 3245 pro
634 3161 788 3222 Comitum
810 3157 989 3219 adiutoriis.

286 3261 345 3323 lx.
386 3264 552 3348 E'piseopis
578 3266 713 3342 iterum,
740 3263 933 3340 Abbatibus,
963 3271 995 3324 et
1021 3259 1128 3324 Vassis
1149 3259 1277 3339 nostris,
1300 3269 1334 3322 et

205 3344 352 3406 omnibus
368 3346 517 3408 fidelibus
532 3347 621 3409 laicis
640 3349 775 3410 dicimus
796 3356 832 3408 ut
848 3344 1024 3406 Comitibus
1046 3343 1087 3405 ad
1111 3341 1247 3405 iustitias
1281 3341 1331 3403 sa-

204 3426 333 3488 cicndas
349 3428 510 3490 adiutores
532 3430 611 3490 sitiss
652 3430 735 3493 Ibid.
750 3452 775 3490 e.
788 3451 818 3512 9.

206 3536 254 3594 De
278 3534 491 3595 adntonitione
514 3534 560 3595 ed
576 3535 750 3620 Episcopos
775 3536 830 3596 vel
850 3534 985 3595 Comites
1007 3554 1067 3614 pro
1089 3529 1262 3593 concordie
1290 3531 1336 3594 ad

461 3617 592 3676 invicem
612 3631 643 3678 et
666 3638 735 3676 cum
758 3619 888 3678 coeteris
908 3613 1076 3698 fidelibus.

285 3719 328 3784 X·
369 3721 520 3803 Episcopi
537 3744 615 3783 vero
634 3723 687 3783 rel
710 3723 850 3784 Comites
870 3731 901 3784 et
913 3723 953 3783 ad
966 3721 1107 3782 invicem
1124 3728 1156 3780 et
1173 3737 1247 3778 cum
1263 3738 1334 3781 cae·

203 3801 282 3865 ieris
301 3804 450 3865 fidelibus
469 3805 674 3866 concorditer
691 3805 820 3881 vivant,
844 3805 932 3866 etad
954 3827 1011 3866 sua
1034 3801 1213 3872 ministeria
1237 3823 1335 3885 pera·

203 3887 308 3970 ganda
324 3885 466 3948 vicissim
486 3886 546 3947 sibi
568 3885 765 3948 adiutorium
784 3889 900 3948 serant.
941 3885 1061 3948 Ibide.
1075 3906 1121 3945 ιο.

205 3995 253 4054 De
274 3991 486 4055 admonitione
508 3993 553 4054 ad
573 4013 678 4055 omnes
701 3993 891 4072 generaliter
908 4011 969 4076 pro
994 3991 1125 4053 caritate
1143 4002 1174 4050 et
1192 4010 1271 4076 poce
1290 3989 1338 4050 ad

700 4097 844 4136 mercem.

287 4179 346 4246 xl.
388 4180 547 4241 Omnibus
563 4180 657 4241 etiam
673 4179 868 4263 generaliter
896 4179 1031 4241 dicimus
1056 4188 1093 4239 ut
1114 4178 1276 4259 caritatem
1300 4189 1336 4239 et

205 4285 317 4348 pacem
330 4263 371 4324 ad
387 4264 528 4332 latricem
547 4262 707 4342 habeatis,
729 4271 762 4325 et
783 4262 965 4346 generalem
989 4261 1163 4326 iussionem
1191 4267 1335 4326 nostram
