2910 4986
504 323 618 381 ussa
654 320 840 388 cuaauua
1180 289 1254 367 489

144 485 182 526 eo
201 461 281 545 quod
306 460 496 526 inobediens
512 464 575 526 fuit
596 469 710 526 contra
726 465 933 544 pracceptum¹
947 453 1067 519 Domni
1085 451 1260 536 Imperato-

142 547 196 623 ris,
217 545 298 626 quod
320 545 387 626 ipsc
408 567 466 626 pro
485 569 563 630 pace
581 555 718 608 statuere
735 543 835 604 iussit.
877 539 911 601 Si
928 559 1036 600 servus
1053 536 1115 597 hoc
1132 537 1257 614 fecerit,

141 628 310 690 secundum
329 648 418 688 suam
433 629 536 711 legem
553 628 658 690 omnia
673 629 706 687 in
726 627 859 708 triplum
879 621 1035 697 restituat,
1059 629 1092 681 et
1113 617 1259 702 discipli-

140 731 199 772 nae
212 709 368 788 corporali
392 711 561 772 subiaceat.

220 791 375 853 XXXVl.
418 795 613 877 Quicunque
636 793 718 853 liber
739 791 836 852 bomo
862 789 1011 850 inventus
1044 783 1143 846 fuerit
1173 803 1257 844 anno

136 885 301 954 praesente
318 896 390 935 cum
411 877 544 936 Seniore
565 899 622 937 suo
643 877 674 936 in
692 875 782 936 hoste
804 894 868 934 non
886 871 995 946 fuisse,
1018 867 1153 948 plenum
1170 864 1260 926 heri-

136 959 277 1018 bannum
296 957 476 1038 persolvere
497 969 637 1042 cogatur.
679 959 722 1018 Et
734 956 760 1017 si
780 955 897 1017 Senior
913 953 967 1014 rel
986 953 1099 1012 Comes
1113 970 1188 1010 eum
1200 948 1260 1008 do-

137 1039 179 1098 mi
201 1039 368 1112 dimiserit,
392 1039 457 1118 ipse
480 1063 536 1123 pro
559 1064 597 1102 eo
620 1040 759 1100 eundem
781 1038 998 1098 heribannum
1019 1031 1197 1114 persolvat;
1227 1039 1261 1091 et

136 1131 183 1181 tot
204 1121 375 1182 heribanni
396 1124 434 1182 ab
449 1145 488 1184 eo
507 1125 686 1206 exigantur,
708 1129 788 1203 quot
811 1119 958 1181 homines
979 1113 1066 1178 domi
1084 1113 1258 1175 demiserit.

136 1205 177 1264 Et
200 1204 275 1284 quia
291 1227 348 1266 nos
368 1226 452 1266 anno
469 1217 636 1288 praesente
658 1204 834 1286 unicuique
852 1200 1081 1265 Seniori‘duos
1099 1195 1258 1273 homines,

136 1307 214 1368 quos
235 1286 322 1347 domi
351 1286 545 1365 dimitteret,
580 1287 809 1362 concessimus,
831 1285 906 1347 illos
927 1284 1076 1344 volumus
1097 1290 1133 1340 nt
1156 1277 1260 1340 Missis

137 1367 253 1428 nostris
270 1369 425 1446 ostendat,
448 1370 524 1452 quia
544 1370 595 1434 his
615 1369 833 1432 tantummodo
857 1367 1072 1428 heribannum
1097 1360 1259 1424 concessi-

136 1472 213 1510 mus.
259 1450 391 1532 Cnpital.
410 1457 453 1518 ΙῙ.
469 1477 496 1514 ιι.
514 1455 585 1517 8¹2.
604 1476 631 1520 e,
651 1475 681 1536 9.

217 1531 394 1595 XXXVll.
436 1537 478 1596 Ut
494 1537 750 1618 quandocunque
777 1532 941 1615 navigium
957 1529 1083 1590 mittere
1099 1527 1259 1604 volumus,

137 1615 195 1696 ipsi
211 1615 362 1678 Seniores
386 1616 417 1674 in
438 1617 514 1699 ipsis
533 1619 666 1680 navibus
687 1626 831 1701 pergant,
855 1624 886 1677 ct
907 1612 1025 1674 adhoc
1045 1611 1111 1674 sint
1128 1630 1259 1693 praepa-

137 1696 196 1757 rati
214 1719 337 1772 omnes,
365 1697 519 1767 iubemus.
561 1702 639 1764 laid
652 1723 678 1762 c.
702 1722 747 1760 ιι.

219 1778 415 1843 XXXVlll.
459 1785 558 1844 Furta
575 1793 607 1846 et
627 1782 745 1844 iniusta
770 1779 950 1855 connubia,
973 1796 1100 1839 necnon
1124 1783 1157 1836 et
1179 1772 1259 1833 falsa

139 1863 330 1937 testimonia,
353 1864 437 1925 sicut
456 1888 550 1946 saepe
570 1867 763 1948 rogavimus,
784 1864 951 1948 prohibete
972 1860 1157 1942 diligenter,
1176 1854 1260 1917 sicut

139 1952 170 2004 et
189 1945 323 2006 Domini
342 1947 395 2007 lex
411 1948 568 2028 prohibet.
613 1947 746 2032 Capitol.
761 1953 787 2012 I.
804 1972 832 2012 a.
855 1947 923 2028 789.
940 1964 966 2006 c.
984 1943 1037 2008 66.
1074 1957 1082 1988 e

209 2029 404 2090 Eururciunr
432 2029 590 2092 Castrum
618 2033 726 2090 Dounr
755 2030 899 2105 Kanonr,
928 2027 1047 2088 Partus
1079 2025 1190 2085 Dour!

468 2113 670 2174 Hnunouvrcr
706 2109 928 2175 lurunnroru's.

350 2274 709 2358 apeuuutx
769 2271 1039 2339 runata

137 2393 229 2468 Item
255 2393 422 2484 Capitale
443 2395 653 2488 Principum
674 2393 1066 2488 praeclarissimorum,
1106 2390 1258 2460 ecclesi-

136 2493 245 2560 astica
265 2493 371 2560 simul
396 2505 432 2561 et
460 2495 660 2582 mundana,
688 2493 824 2562 Domni
853 2491 1076 2562 Hludnuvici
1108 2489 1260 2580 Augusti

135 2603 170 2660 et
188 2591 380 2660 Hlotharii
400 2592 576 2680 Caesarie,
603 2616 694 2686 quoe
711 2593 990 2686 suprascriptam
1006 2591 1177 2662 videntur
1195 2587 1259 2656 ha-

549 2693 636 2761 bere
661 2692 847 2760 rationem.

136 2841 211 2924 Cap.
238 2841 262 2902 l.
283 2785 492 2906 Benedictus
508 2844 547 2905 de
567 2867 623 2906 sua
640 2842 866 2906 reclamatione
889 2843 1134 2928 inperpetuum
1156 2839 1258 2905 sileat.

218 2923 263 2990 ll.
304 2927 353 2986 De
371 2949 479 2988 manso
497 2949 592 3010 quem
606 2927 817 2989 Gehirlredus
838 2927 1016 3009 Episcopus
1037 2927 1054 2986 h
1073 2923 1219 2985 Liutrico
1234 2927 1261 3001 s)

136 3007 262 3067 Comite
278 3009 427 3090 requirit,
456 3019 491 3070 nt
514 3009 539 3070 si
563 3010 650 3071 Missi
668 3008 767 3070 nostri
794 3009 981 3071 invenerint
1008 3031 1082 3070 eum
1108 3006 1263 3068 iustitiam

136 3087 269 3165 habere,
293 3113 357 3152 nou
375 3091 562 3172 permittant
582 3091 760 3152 Liutricum
778 3113 837 3173 per
859 3092 1043 3155 vestituram
1063 3089 1180 3152 Domni
1200 3089 1263 3148 Ka·

136 3171 198 3230 roli
218 3171 372 3234 iustitiam
396 3174 464 3235 eius
484 3174 650 3255 impedire.

217 3253 282 3318 Ill.
324 3259 372 3316 De
395 3251 512 3317 foreste
535 3275 630 3338 quam
649 3256 822 3317 Autharius
845 3259 957 3317 Comes
970 3255 1089 3318 habere
1105 3255 1186 3332 vult,
1206 3253 1262 3314 ubi

139 3355 174 3394 ea
195 3334 288 3417 prius
305 3359 368 3399 non
389 3339 486 3399 fuisse
502 3338 631 3416 dicitur,
654 3339 801 3400 volumus
820 3349 856 3398 ut
875 3338 962 3399 Missi
986 3339 1086 3400 nostri
1105 3339 1154 3399 rei
1174 3336 1262 3400 veri*-

139 3424 237 3477 tatem
258 3419 432 3500 inquirant,
454 3430 486 3480 et
509 3420 596 3481 iuxta
618 3422 706 3503 quod
728 3422 846 3483 iustum
862 3421 1066 3500 invenerint,
1088 3441 1129 3482 ex
1154 3428 1262 3482 nostra

139 3500 325 3562 auctoritate
346 3502 509 3569 definiant,

221 3582 278 3648 lV.
319 3586 367 3645 De
387 3599 481 3645 causa
500 3585 714 3646 Hruotmundi
737 3586 889 3664 Comitis,
912 3596 949 3646 ut
973 3585 1003 3648 ci
1024 3585 1121 3647 liceat
1147 3583 1201 3645 hic
1227 3583 1261 3642 in

140 3663 258 3743 palatio
282 3676 512 3727 sacramentum
533 3689 626 3728 suum
651 3667 757 3727 iurare
778 3669 853 3748 quia
873 3677 1006 3751 propter
1031 3677 1176 3729 nostrum
1194 3686 1264 3727 ser-

140 3744 256 3886 pitium
272 3747 331 3809 sibi
351 3748 560 3810 coustitutum
579 3750 734 3832 placitum
749 3750 832 3810 iutra
849 3751 982 3834 patriam
1003 3750 1174 3812 observare
1196 3769 1262 3808 non

155 3839 242 3893 scuit.

221 3909 260 3976 V.
302 3914 351 3973 De
368 3913 490 3974 duabus
508 3913 637 3975 feminis
654 3935 736 3996 quac
754 3913 914 3976 indiculos
932 3913 1109 3973 attulerunt
1122 3913 1264 3975 interro·

144 3993 238 4070 gandi
253 4003 328 4055 sunt
340 3995 505 4057 Haiminus
521 4005 553 4058 et
569 3997 761 4060 Monoaldus
781 4005 887 4057 utrum
906 3994 1137 4059 ecclesiasticae
1154 4017 1194 4055 an
1208 3997 1263 4057 fis·

145 4073 226 4134 cales
243 4081 266 4152 t)
291 4076 435 4142 fuissent.

147 4215 502 4233 Μ

183 4266 205 4335 s)
222 4270 256 4331 al,
272 4288 332 4324 mss.
352 4271 501 4342 himfrido.
762 4275 789 4344 t)
805 4274 841 4333 el.
860 4272 1092 4348 ursnfiscnlinat·
