2910 4986
192 323 265 402 44⁶
607 345 895 408 castrussmuu

188 479 349 572 ,perpetuo
365 486 465 550 exilio
487 487 573 552 tradi
592 497 728 571 oportet.
769 489 973 572 Magistratus
1002 497 1111 551 antem
1134 492 1192 574 qni
1214 493 1330 556 eadem

191 574 407 636 instrumenta
424 572 638 648 admiserunt,
661 582 693 632 et
709 570 871 634 Officiales
886 571 942 656 qui
961 593 1090 655 operam
1108 575 1271 638 dederunt
1291 587 1332 638 ut

190 663 225 716 et
250 654 466 715 monumentis
496 654 688 715 intimentur
720 653 930 731 donationes,
953 655 1007 716 vel
1033 663 1177 719 caeterae
1202 658 1333 720 aliena-

190 737 296 798 tiones
315 736 392 797 actis
412 737 705 800 intervenientibus
730 737 980 814 confirmentur,
1002 759 1069 798 uon
1092 739 1196 802 solu‘m
1223 741 1331 823 magi-

189 828 309 896 stratu,
338 818 395 880 sed
420 819 515 880 etiam
537 819 691 901 dignitate
720 828 752 880 et
774 818 981 880 facultatibus
1010 819 1075 882 suis
1099 821 1225 882 cedant.
1266 825 1332 884 Re·

189 902 288 962 mittit
298 909 404 961 autem
417 902 605 963 constitutio
617 923 654 962 ea
667 923 749 984 qnae
766 901 801 960 in
814 902 987 985 praeterito
1002 912 1146 985 tempore
1158 914 1229 965 acta
1239 912 1332 968 sunt.

188 984 321 1068 Excipit
339 992 447 1043 antem
468 984 622 1065 quosdam
642 995 842 1061 contractus,
866 1006 946 1066 quos
970 985 1004 1044 in
1027 986 1239 1067 sequentibus
1266 1008 1332 1049 ex-

188 1069 282 1150 ponit
295 1066 463 1149 capitulis,
480 1088 537 1148 per
551 1088 631 1148 quos
654 1076 685 1128 et
697 1067 916 1128 Ecclesiarnm
931 1067 1110 1128 immobiles
1123 1090 1174 1129 res
1189 1068 1332 1130 alienari

188 1160 337 1232 possunt;
355 1148 621 1226 Xenodochium,
643 1149 756 1226 idest,
773 1149 864 1211 locus
881 1149 1077 1211 venerahilis
1097 1150 1129 1208 in
1150 1173 1216 1233 quo
1233 1173 1332 1233 pere·

190 1231 275 1312 grini
295 1231 535 1313 suscipiuntur;
557 1229 866 1315 Ptochotrophium,
888 1231 921 1293 id
940 1241 1000 1309 est,
1022 1234 1112 1293 locus
1129 1233 1330 1296 venerabilis

189 1313 224 1373 in
241 1336 306 1395 qno
318 1335 474 1396 pauperes
486 1322 518 1373 et
536 1313 656 1373 infirmi
673 1314 818 1375 homines
832 1323 1024 1396 pascuntur;
1040 1315 1276 1395 Nosocomium,
1289 1315 1332 1378 id

189 1405 239 1456 cst
258 1397 348 1456 locus
367 1395 609 1456 venerabilis'in
626 1418 691 1478 quo
705 1397 825 1478 aegroti
844 1397 990 1458 homines
1010 1407 1180 1469 curantur3
1201 1399 1332 1480 Orpha-

189 1478 415 1561 notrophium,
440 1477 474 1538 id
490 1487 555 1556 est,
577 1479 667 1540 locus
681 1480 873 1542 venerabilis
888 1480 922 1538 in
937 1501 1002 1563 quo
1016 1480 1202 1562 parentibus
1221 1480 1330 1543 orbati

187 1560 282 1643 pueri
292 1570 481 1642 pascuntur;
499 1563 804 1639 Gerontocomium,
827 1562 860 1622 id
878 1571 943 1640 est,
961 1563 1052 1623 locus
1071 1562 1267 1625 venerabilis
1288 1563 1327 1623 in

189 1664 256 1724 qno
280 1663 436 1725 pauperes
464 1655 496 1703 et
517 1654 650 1724 propter
677 1654 875 1706 senectutem
903 1645 1003 1705 solam
1027 1644 1147 1703 infirmi
1176 1645 1327 1707 homines

190 1734 364 1810 carantam
387 1726 696 1809 Brephotrophinm‚
719 1727 752 1788 id
772 1736 840 1805 est,
862 1727 952 1788 locus
982 1725 1176 1790 venerabilis
1198 1727 1232 1788 in
1257 1747 1327 1810 quo

189 1805 331 1868 infantes
352 1808 493 1868 aluntur.

233 1923 281 1985 De
305 1925 363 1984 boc
391 1922 550 2008 quomod&
578 1926 671 1988 liceat
698 1925 993 2090 ademperatorem
1021 1945 1072 1986 res
1098 1925 1201 1986 sancti
1220 1924 1284 1986 1οεί

668 2021 755 2068 trans
772 2026 850 2072 erre.

273 2114 374 2174 XXX.
418 2113 452 2174 Si
471 2113 627 2197 Princeps
650 2114 793 2176 voluerit
807 2135 876 2176 rem
901 2113 1098 2176 immobilem
1118 2121 1227 2176 sancto
1249 2114 1327 2188 loco

189 2205 369 2278 praestare,
397 2205 428 2254 et
452 2197 597 2280 accipere
624 2197 662 2256 ab
690 2219 728 2258 eo
757 2197 852 2258 aliam
882 2197 1079 2258 immobilem
1105 2219 1194 2273 rem,
1230 2205 1262 2258 et
1284 2219 1325 2258 eo

189 2279 285 2339 modo
313 2279 582 2360 permutationem
603 2279 812 2356 contrahere,
844 2279 942 2340 liceat
960 2280 1023 2341 hoc
1039 2280 1145 2342 facere
1166 2279 1196 2340 ei
1213 2278 1327 2343 divina

189 2360 383 2444 pragmatical
401 2361 566 2422 sanctione
589 2361 628 2422 ab
651 2384 689 2424 eo
713 2363 921 2445 promulgati.

399 2475 448 2536 De
467 2479 616 2560 orphanis
638 2476 840 2539 exheredatis
861 2479 1115 2544 subveniendum.

272 2583 389 2644 XXXl.
431 2585 569 2665 Propter
589 2583 679 2644 istius
704 2583 812 2665 itaque
841 2585 928 2667 pacis
958 2584 1162 2659 concordiam
1189 2604 1326 2646 conser-

189 2665 343 2740 vandam,
365 2666 487 2746 placuit
504 2665 596 2726 nobis
618 2667 657 2727 de
675 2665 826 2748 orphanis
844 2676 876 2726 et
892 2668 1105 2750 pauperibus,
1130 2667 1187 2749 qui
1212 2667 1324 2728 debite

189 2748 244 2821 ¹vel
260 2748 404 2809 indebite
424 2748 579 2810 dicuntur
598 2748 736 2808 amisisse
750 2748 962 2810 hereditatem
976 2750 1103 2832 paterni
1117 2750 1170 2810 vel
1184 2747 1325 2810 materni

188 2829 269 2892 iuris
285 2831 325 2890 ad
346 2847 379 2892 se
396 2831 520 2912 legibus
538 2831 770 2914 pertinentem,
787 2831 813 2892 si
826 2831 945 2892 alicubi
960 2833 1086 2894 inventi
1100 2831 1224 2892 fuerint
1240 2851 1324 2914 quos

187 2923 296 2996 patres
319 2915 371 2973 vel
393 2923 507 2974 matres
529 2921 662 2996 propter
673 2913 863 2974 traditiones
885 2915 1024 2992 illorum
1039 2913 1216 2976 exheredes
1236 2915 1325 2974 fece·

187 3006 284 3073 runt,
311 2994 449 3055 aliorum
470 2996 594 3057 scilicet
614 2995 816 3056 suasionibus
837 3006 893 3056 ant
911 2996 1120 3092 petitionibus
1139 2995 1192 3056 vel
1212 2995 1324 3077 aliquo

189 3078 323 3160 ingenio
333 3105 345 3156 ,³
360 3078 493 3139 omn-ino
510 3078 660 3139 volumus
679 3087 774 3160 atque
796 3079 997 3140 decrevimus
1017 3079 1201 3155 emendari,
1223 3099 1326 3158 quan-

189 3169 259 3221 tum
277 3161 317 3220 ad
336 3182 392 3222 nos
409 3160 459 3222 vel
482 3161 522 3220 ad
540 3169 679 3220 nostram
705 3161 843 3242 pertinet
863 3170 1076 3242 potestatem,
1099 3161 1188 3220 iuxta
1203 3161 1325 3220 volun-

189 3251 288 3302 tatem
314 3242 375 3302 Dei
402 3252 434 3303 et
461 3252 598 3322 vestram
625 3252 765 3303 sanctam
797 3243 1050 3305 admonitionem
1079 3253 1111 3303 et
1137 3242 1324 3302 considera-

188 3324 327 3393 tionem3
351 3333 387 3383 ut
406 3323 432 3384 si
454 3325 536 3385 forte
558 3333 648 3384 extra
677 3324 815 3386 officium
842 3335 988 3386 nostrum
1014 3325 1133 3385 alicubi
1153 3324 1326 3384 inventum

186 3406 316 3491 pluerit,
352 3406 524 3468 admonere
548 3415 690 3470 ¹vestram
716 3407 922 3471 clementiam
949 3407 1122 3470 audeamus
1150 3415 1186 3467 ut
1217 3425 1327 3466 emen-

192 3489 298 3550 detur.

163 3619 165 3624 ·
190 3596 240 3656 De
259 3596 352 3657 rebus
371 3613 547 3682 pauperum
572 3593 621 3653 vel
644 3595 747 3654 minus
769 3607 932 3736 potentum
957 3595 1042 3656 malci
1067 3595 1231 3657 occasione
1261 3614 1327 3655 uon

684 3698 770 3736 emen
797 3699 833 3739 rs.

272 3783 403 3846 XXXII.
444 3783 582 3865 Propter
591 3780 792 3864 provisiones
805 3806 1001 3867 pauperum,
1012 3805 1071 3868 pro
1084 3782 1202 3866 quibus
1214 3801 1326 3841 curam

189 3866 308 3930 habere
324 3867 476 3926 debemus
486 3911 495 3943 ‚
517 3865 642 3946 placuit
663 3864 755 3928 nobis
772 3876 808 3926 ut
828 3889 886 3928 nec
901 3867 1073 3951 Episcopi,
1090 3887 1149 3926 nec
1167 3857 1325 3939 Abbates,

190 3973 251 4012 nec
267 3949 426 4025 Comites,
450 3969 511 4007 nec
531 3947 670 4023 Vicarii,
685 3969 745 4008 nec
760 3949 906 4024 ludices,
927 3951 1103 4031 nullusque
1120 3946 1253 4007 omnino
1265 3947 1327 4006 sub

188 4034 273 4094 mala
290 4029 458 4092 occasione
473 4031 525 4090 vel
539 4032 623 4090 malo
639 4027 772 4111 ingenio
793 4052 844 4091 res
860 4054 1039 4114 pauperum
1062 4031 1115 4091 vel
1135 4029 1241 4089 minus
1268 4049 1327 4109 po·

168 4115 317 4177 'tentum
334 4135 394 4174 nec
413 4134 519 4174 emere
542 4134 602 4173 nec
619 4111 649 4174 vi
668 4113 784 4174 tollere
808 4115 938 4186 audeat;
964 4115 1020 4175 sed
1042 4110 1192 4195 quisquis
1219 4131 1258 4170 ex
1278 4110 1327 4172 eis

190 4197 316 4278 aliquid
341 4217 525 4277 comparare
545 4194 704 4272 voluerit,
726 4194 760 4254 in
780 4196 913 4276 publico
934 4196 1054 4278 placito
1072 4215 1179 4258 coram
1198 4191 1326 4253 idoneis

189 4279 324 4342 testibus
349 4289 381 4342 et
405 4301 480 4340 cum
498 4277 623 4340 ratione
642 4275 706 4342 hoc
730 4277 834 4342 faciat.
877 4278 1072 4363 Ubicunque
1099 4285 1206 4340 autern
1228 4273 1327 4338 aliter
