<?xml version="1.0" encoding="UTF-8"?>
<!DOCTYPE html PUBLIC "-//W3C//DTD XHTML 1.0 Transitional//EN"
    "http://www.w3.org/TR/xhtml1/DTD/xhtml1-transitional.dtd">
<html xmlns="http://www.w3.org/1999/xhtml" xml:lang="en" lang="en">
 <head>
  <title>
</title>
<meta http-equiv="Content-Type" content="text/html;charset=utf-8" />
  <meta name='ocr-system' content='tesseract 3.04.00' />
  <meta name='ocr-capabilities' content='ocr_page ocr_carea ocr_par ocr_line ocrx_word'/>
</head>
<body>
  <div class='ocr_page' id='page_1' title='image "./corpusiurisgerm04visigoog_0434.png"; bbox 0 0 2910 4984; ppageno 0'>
   <div class='ocr_carea' id='block_1_1' title="bbox 467 334 1211 418">
    <p class='ocr_par' dir='ltr' id='par_1_1' title="bbox 467 334 1211 418">
     <span class='ocr_line' id='line_1_1' title="bbox 467 334 1211 418; baseline 0.004 -13"><span class='ocrx_word' id='word_1_1' title='bbox 467 350 630 408; x_wconf 58' lang='lat' dir='ltr'><strong>‘sumno</strong></span> <span class='ocrx_word' id='word_1_2' title='bbox 667 349 828 418; x_wconf 79' lang='lat' dir='ltr'><strong>casura,</strong></span> <span class='ocrx_word' id='word_1_3' title='bbox 1140 334 1211 408; x_wconf 78' lang='lat'><strong>835</strong></span> 
     </span>
    </p>
   </div>
   <div class='ocr_carea' id='block_1_2' title="bbox 90 471 1227 656">
    <p class='ocr_par' dir='ltr' id='par_1_2' title="bbox 90 471 1227 656">
     <span class='ocr_line' id='line_1_2' title="bbox 92 471 1227 578; baseline 0.004 -26"><span class='ocrx_word' id='word_1_4' title='bbox 92 501 157 576; x_wconf 62' lang='lat' dir='ltr'><strong>pet*</strong></span> <span class='ocrx_word' id='word_1_5' title='bbox 174 490 282 553; x_wconf 86' lang='lat' dir='ltr'><strong>sedem</strong></span> <span class='ocrx_word' id='word_1_6' title='bbox 299 489 462 576; x_wconf 79' lang='lat' dir='ltr'><strong>Episcopi.</strong></span> <span class='ocrx_word' id='word_1_7' title='bbox 483 471 526 555; x_wconf 77' lang='lat' dir='ltr'><strong>Et</strong></span> <span class='ocrx_word' id='word_1_8' title='bbox 542 493 661 553; x_wconf 77' lang='lat' dir='ltr'><strong>aliti*:</strong></span> <span class='ocrx_word' id='word_1_9' title='bbox 681 493 787 553; x_wconf 87' lang='lat' dir='ltr'><strong>Adimi</strong></span> <span class='ocrx_word' id='word_1_10' title='bbox 812 491 971 576; x_wconf 81' lang='lat' dir='ltr'>Episcopo</span> <span class='ocrx_word' id='word_1_11' title='bbox 997 473 1227 578; x_wconf 82' lang='lat' dir='ltr'><strong>episcopatum&#39;</strong></span> 
     </span>
     <span class='ocr_line' id='line_1_3' title="bbox 90 574 1211 656; baseline 0.005 -24"><span class='ocrx_word' id='word_1_12' title='bbox 90 583 262 654; x_wconf 84' lang='lat' dir='ltr'><strong>autequam</strong></span> <span class='ocrx_word' id='word_1_13' title='bbox 275 595 385 634; x_wconf 84' lang='lat' dir='ltr'><strong>causae</strong></span> <span class='ocrx_word' id='word_1_14' title='bbox 408 576 476 636; x_wconf 89' lang='lat' dir='ltr'><strong>eius</strong></span> <span class='ocrx_word' id='word_1_15' title='bbox 495 574 599 634; x_wconf 84' lang='lat' dir='ltr'><strong>exitus</strong></span> <span class='ocrx_word' id='word_1_16' title='bbox 614 585 779 656; x_wconf 81' lang='lat' dir='ltr'>appareat,</span> <span class='ocrx_word' id='word_1_17' title='bbox 802 577 884 634; x_wconf 87' lang='lat' dir='ltr'><strong>nulli</strong></span> <span class='ocrx_word' id='word_1_18' title='bbox 902 578 1083 641; x_wconf 88' lang='lat' dir='ltr'><strong>Christiano</strong></span> <span class='ocrx_word' id='word_1_19' title='bbox 1106 579 1211 639; x_wconf 75' lang='lat' dir='ltr'><strong>videri</strong></span> 
     </span>
    </p>
   </div>
   <div class='ocr_carea' id='block_1_3' title="bbox 91 655 912 738">
    <p class='ocr_par' dir='ltr' id='par_1_3' title="bbox 91 655 912 738">
     <span class='ocr_line' id='line_1_4' title="bbox 91 655 912 738; baseline 0.005 -24"><span class='ocrx_word' id='word_1_20' title='bbox 91 655 163 716; x_wconf 85' lang='lat' dir='ltr'><strong>iure</strong></span> <span class='ocrx_word' id='word_1_21' title='bbox 179 665 291 736; x_wconf 84' lang='lat' dir='ltr'><strong>potest.</strong></span> <span class='ocrx_word' id='word_1_22' title='bbox 331 658 374 717; x_wconf 87' lang='lat' dir='ltr'><strong>Et</strong></span> <span class='ocrx_word' id='word_1_23' title='bbox 393 657 530 738; x_wconf 84' lang='lat' dir='ltr'><strong>reliqua.</strong></span> <span class='ocrx_word' id='word_1_24' title='bbox 574 657 846 722; x_wconf 78' lang='lat' dir='ltr'><em>V11.523.*VJJ.</em></span> <span class='ocrx_word' id='word_1_25' title='bbox 863 660 912 738; x_wconf 88' lang='lat'><strong>87.</strong></span> 
     </span>
    </p>
   </div>
   <div class='ocr_carea' id='block_1_4' title="bbox 30 759 1291 2237">
    <p class='ocr_par' dir='ltr' id='par_1_4' title="bbox 90 759 1227 1229">
     <span class='ocr_line' id='line_1_5' title="bbox 95 759 1211 849; baseline 0 -25"><span class='ocrx_word' id='word_1_26' title='bbox 95 759 139 824; x_wconf 84' lang='lat' dir='ltr'><strong>Ut</strong></span> <span class='ocrx_word' id='word_1_27' title='bbox 154 761 228 821; x_wconf 87' lang='lat' dir='ltr'><strong>dam</strong></span> <span class='ocrx_word' id='word_1_28' title='bbox 242 774 402 822; x_wconf 87' lang='lat' dir='ltr'><strong>accusatus</strong></span> <span class='ocrx_word' id='word_1_29' title='bbox 420 763 467 820; x_wconf 86' lang='lat' dir='ltr'><strong>vel</strong></span> <span class='ocrx_word' id='word_1_30' title='bbox 481 761 635 822; x_wconf 85' lang='lat' dir='ltr'><strong>iudicatus</strong></span> <span class='ocrx_word' id='word_1_31' title='bbox 651 760 825 845; x_wconf 80' lang='lat' dir='ltr'><em>Episcopus</em></span> <span class='ocrx_word' id='word_1_32' title='bbox 843 763 1014 824; x_wconf 87' lang='lat' dir='ltr'><strong>Romanum</strong></span> <span class='ocrx_word' id='word_1_33' title='bbox 1031 765 1211 849; x_wconf 65' lang='lat' dir='ltr'><strong>appellasse·</strong></span> 
     </span>
     <span class='ocr_line' id='line_1_6' title="bbox 91 839 1211 932; baseline 0.002 -28"><span class='ocrx_word' id='word_1_34' title='bbox 91 845 136 904; x_wconf 86' lang='lat' dir='ltr'><strong>rit</strong></span> <span class='ocrx_word' id='word_1_35' title='bbox 147 843 334 926; x_wconf 72' lang='lat' dir='ltr'><strong>Pontificem</strong></span> <span class='ocrx_word' id='word_1_36' title='bbox 341 886 354 914; x_wconf 89' lang='lat'><strong>,</strong></span> <span class='ocrx_word' id='word_1_37' title='bbox 377 844 463 902; x_wconf 87' lang='lat' dir='ltr'><strong>nulla</strong></span> <span class='ocrx_word' id='word_1_38' title='bbox 476 845 506 902; x_wconf 88' lang='lat' dir='ltr'><strong>ei</strong></span> <span class='ocrx_word' id='word_1_39' title='bbox 518 842 690 925; x_wconf 41' lang='lat' dir='ltr'><strong>laesiosfiat</strong></span> <span class='ocrx_word' id='word_1_40' title='bbox 697 869 709 912; x_wconf 89' lang='lat'><em>;</em></span> <span class='ocrx_word' id='word_1_41' title='bbox 730 863 828 926; x_wconf 83' lang='lat' dir='ltr'><strong>neque</strong></span> <span class='ocrx_word' id='word_1_42' title='bbox 850 839 965 928; x_wconf 79' lang='lat' dir='ltr'><strong>ali&#39;quis</strong></span> <span class='ocrx_word' id='word_1_43' title='bbox 990 849 1055 905; x_wconf 80' lang='lat' dir='ltr'><strong>eius</strong></span> <span class='ocrx_word' id='word_1_44' title='bbox 1077 849 1226 932; x_wconf 87' lang='lat' dir='ltr'><strong>arripiat</strong></span> 
     </span>
     <span class='ocr_line' id='line_1_7' title="bbox 90 923 1209 1008; baseline 0.002 -24"><span class='ocrx_word' id='word_1_45' title='bbox 90 924 216 1000; x_wconf 87' lang='lat' dir='ltr'><strong>sedem,</strong></span> <span class='ocrx_word' id='word_1_46' title='bbox 239 936 293 983; x_wconf 86' lang='lat' dir='ltr'><strong>aut</strong></span> <span class='ocrx_word' id='word_1_47' title='bbox 313 926 347 984; x_wconf 89' lang='lat' dir='ltr'><strong>in</strong></span> <span class='ocrx_word' id='word_1_48' title='bbox 369 927 434 984; x_wconf 86' lang='lat' dir='ltr'><strong>cias</strong></span> <span class='ocrx_word' id='word_1_49' title='bbox 460 926 528 984; x_wconf 89' lang='lat' dir='ltr'><strong>loco</strong></span> <span class='ocrx_word' id='word_1_50' title='bbox 549 925 714 984; x_wconf 80' lang='lat' dir='ltr'><em>ordinetur</em></span> <span class='ocrx_word' id='word_1_51' title='bbox 736 923 930 1008; x_wconf 78' lang='lat' dir='ltr'><strong><em>Episcopus,</em></strong></span> <span class='ocrx_word' id='word_1_52' title='bbox 953 941 1116 1004; x_wconf 75' lang='lat' dir='ltr'><strong>antequam</strong></span> <span class='ocrx_word' id='word_1_53' title='bbox 1144 931 1209 988; x_wconf 89' lang='lat' dir='ltr'><strong>cias</strong></span> 
     </span>
     <span class='ocr_line' id='line_1_8' title="bbox 91 1006 1209 1095; baseline 0.004 -30"><span class='ocrx_word' id='word_1_54' title='bbox 91 1008 344 1084; x_wconf 83' lang='lat' dir='ltr'><strong>eausaRomam&#39;</strong></span> <span class='ocrx_word' id='word_1_55' title='bbox 361 1007 467 1088; x_wconf 81' lang='lat' dir='ltr'><em>Papae</em></span> <span class='ocrx_word' id='word_1_56' title='bbox 482 1009 523 1065; x_wconf 90' lang='lat' dir='ltr'><strong>sit</strong></span> <span class='ocrx_word' id='word_1_57' title='bbox 540 1007 704 1065; x_wconf 83' lang='lat' dir='ltr'><strong>terminata</strong></span> <span class='ocrx_word' id='word_1_58' title='bbox 729 1006 856 1078; x_wconf 84' lang='lat' dir='ltr'><strong>iudicio.</strong></span> <span class='ocrx_word' id='word_1_59' title='bbox 897 1009 952 1070; x_wconf 81' lang='lat' dir='ltr'><strong>Ex</strong></span> <span class='ocrx_word' id='word_1_60' title='bbox 970 1009 1081 1088; x_wconf 79' lang='lat' dir='ltr'><strong>qas&#39;bns</strong></span> <span class='ocrx_word' id='word_1_61' title='bbox 1103 1031 1209 1095; x_wconf 84' lang='lat' dir='ltr'><strong>supra,</strong></span> 
     </span>
     <span class='ocr_line' id='line_1_9' title="bbox 92 1085 1226 1172; baseline 0.002 -24"><span class='ocrx_word' id='word_1_62' title='bbox 92 1109 161 1148; x_wconf 90' lang='lat' dir='ltr'><strong>cum</strong></span> <span class='ocrx_word' id='word_1_63' title='bbox 181 1089 291 1172; x_wconf 78' lang='lat' dir='ltr'><strong>quibas</strong></span> <span class='ocrx_word' id='word_1_64' title='bbox 311 1101 342 1149; x_wconf 81' lang='lat' dir='ltr'><strong>et</strong></span> <span class='ocrx_word' id='word_1_65' title='bbox 365 1090 462 1148; x_wconf 86' lang='lat' dir='ltr'><strong>multa</strong></span> <span class='ocrx_word' id='word_1_66' title='bbox 482 1101 657 1148; x_wconf 83' lang='lat' dir='ltr'><strong>sanctorum</strong></span> <span class='ocrx_word' id='word_1_67' title='bbox 680 1088 811 1148; x_wconf 86' lang='lat' dir='ltr'><strong>Patram</strong></span> <span class='ocrx_word' id='word_1_68' title='bbox 841 1102 870 1148; x_wconf 87' lang='lat' dir='ltr'><strong>et</strong></span> <span class='ocrx_word' id='word_1_69' title='bbox 900 1091 1058 1150; x_wconf 82' lang='lat' dir='ltr'><strong>Canonans</strong></span> <span class='ocrx_word' id='word_1_70' title='bbox 1084 1085 1226 1169; x_wconf 80' lang='lat' dir='ltr'><strong>decreta</strong></span> 
     </span>
     <span class='ocr_line' id='line_1_10' title="bbox 549 1169 1227 1229; baseline -0.003 0"><span class='ocrx_word' id='word_1_71' title='bbox 549 1171 751 1229; x_wconf 86' lang='lat' dir='ltr'><strong>consentiant.</strong></span> <span class='ocrx_word' id='word_1_72' title='bbox 1223 1169 1227 1180; x_wconf 81' lang='grc'><em>’</em></span> 
     </span>
    </p>

    <p class='ocr_par' dir='ltr' id='par_1_5' title="bbox 30 1249 1291 2237">
     <span class='ocr_line' id='line_1_11' title="bbox 173 1249 1226 1337; baseline 0.002 -27"><span class='ocrx_word' id='word_1_73' title='bbox 173 1249 289 1318; x_wconf 82' lang='lat' dir='ltr'><strong>xxlx,</strong></span> <span class='ocrx_word' id='word_1_74' title='bbox 328 1251 455 1322; x_wconf 84' lang='lat' dir='ltr'>Placuit</span> <span class='ocrx_word' id='word_1_75' title='bbox 474 1262 510 1312; x_wconf 88' lang='lat' dir='ltr'><strong>ut</strong></span> <span class='ocrx_word' id='word_1_76' title='bbox 533 1261 694 1312; x_wconf 86' lang='lat' dir='ltr'><strong>accusatus</strong></span> <span class='ocrx_word' id='word_1_77' title='bbox 714 1251 767 1312; x_wconf 81' lang='lat' dir='ltr'><strong>rel</strong></span> <span class='ocrx_word' id='word_1_78' title='bbox 789 1251 946 1328; x_wconf 85' lang='lat' dir='ltr'><strong>iudicatus</strong></span> <span class='ocrx_word' id='word_1_79' title='bbox 967 1255 983 1313; x_wconf 77' lang='lat' dir='ltr'><strong>t</strong></span> <span class='ocrx_word' id='word_1_80' title='bbox 1003 1254 1198 1337; x_wconf 81' lang='lat' dir='ltr'><strong>Comprovin</strong></span> <span class='ocrx_word' id='word_1_81' title='bbox 1224 1257 1226 1264; x_wconf 60' lang='lat'><strong><em>⁴</em></strong></span> 
     </span>
     <span class='ocr_line' id='line_1_12' title="bbox 92 1331 1225 1417; baseline 0.005 -27"><span class='ocrx_word' id='word_1_82' title='bbox 92 1331 225 1392; x_wconf 84' lang='lat' dir='ltr'><strong>cialibus</strong></span> <span class='ocrx_word' id='word_1_83' title='bbox 244 1333 277 1392; x_wconf 89' lang='lat' dir='ltr'><strong>in</strong></span> <span class='ocrx_word' id='word_1_84' title='bbox 295 1334 401 1415; x_wconf 90' lang='lat' dir='ltr'><strong>aliqua</strong></span> <span class='ocrx_word' id='word_1_85' title='bbox 424 1357 516 1396; x_wconf 89' lang='lat' dir='ltr'><strong>causa</strong></span> <span class='ocrx_word' id='word_1_86' title='bbox 529 1334 706 1416; x_wconf 86' lang='lat' dir='ltr'><strong>Episcopus</strong></span> <span class='ocrx_word' id='word_1_87' title='bbox 727 1334 862 1394; x_wconf 80' lang='lat' dir='ltr'><strong>licenter</strong></span> <span class='ocrx_word' id='word_1_88' title='bbox 883 1337 1041 1417; x_wconf 87' lang='lat' dir='ltr'><strong>appellet,</strong></span> <span class='ocrx_word' id='word_1_89' title='bbox 1069 1347 1101 1397; x_wconf 84' lang='lat' dir='ltr'><strong>ct</strong></span> <span class='ocrx_word' id='word_1_90' title='bbox 1120 1337 1225 1416; x_wconf 42' lang='lat' dir='ltr'><strong>adeat,</strong></span> 
     </span>
     <span class='ocr_line' id='line_1_13' title="bbox 92 1413 1212 1500; baseline 0.005 -28"><span class='ocrx_word' id='word_1_91' title='bbox 92 1413 282 1496; x_wconf 87' lang='lat' dir='ltr'><strong>apostolicae</strong></span> <span class='ocrx_word' id='word_1_92' title='bbox 298 1417 380 1477; x_wconf 91' lang='lat' dir='ltr'><strong>sedis</strong></span> <span class='ocrx_word' id='word_1_93' title='bbox 395 1417 602 1493; x_wconf 86' lang='lat' dir='ltr'><strong>Pontificem,</strong></span> <span class='ocrx_word' id='word_1_94' title='bbox 626 1415 681 1498; x_wconf 91' lang='lat' dir='ltr'><strong>qui</strong></span> <span class='ocrx_word' id='word_1_95' title='bbox 702 1426 756 1475; x_wconf 87' lang='lat' dir='ltr'><strong>aut</strong></span> <span class='ocrx_word' id='word_1_96' title='bbox 773 1438 875 1496; x_wconf 89' lang='lat' dir='ltr'><strong>perse</strong></span> <span class='ocrx_word' id='word_1_97' title='bbox 902 1425 959 1476; x_wconf 84' lang='lat' dir='ltr'><strong>aut</strong></span> <span class='ocrx_word' id='word_1_98' title='bbox 978 1439 1037 1500; x_wconf 89' lang='lat' dir='ltr'><strong>per</strong></span> <span class='ocrx_word' id='word_1_99' title='bbox 1065 1418 1212 1480; x_wconf 85' lang='lat' dir='ltr'><strong>Vicarios</strong></span> 
     </span>
     <span class='ocr_line' id='line_1_14' title="bbox 91 1497 1213 1581; baseline 0.002 -25"><span class='ocrx_word' id='word_1_100' title='bbox 91 1517 164 1556; x_wconf 88' lang='lat' dir='ltr'><strong>suos</strong></span> <span class='ocrx_word' id='word_1_101' title='bbox 182 1497 250 1557; x_wconf 88' lang='lat' dir='ltr'><strong>cius</strong></span> <span class='ocrx_word' id='word_1_102' title='bbox 269 1498 436 1558; x_wconf 78' lang='lat' dir='ltr'><strong>retractari</strong></span> <span class='ocrx_word' id='word_1_103' title='bbox 460 1499 624 1581; x_wconf 80' lang='lat' dir='ltr'><strong>negotium</strong></span> <span class='ocrx_word' id='word_1_104' title='bbox 647 1507 806 1580; x_wconf 86' lang='lat' dir='ltr'><strong>procuret.</strong></span> <span class='ocrx_word' id='word_1_105' title='bbox 847 1499 888 1558; x_wconf 91' lang='lat' dir='ltr'><strong>Et</strong></span> <span class='ocrx_word' id='word_1_106' title='bbox 904 1499 980 1558; x_wconf 87' lang='lat' dir='ltr'><strong>dum</strong></span> <span class='ocrx_word' id='word_1_107' title='bbox 1002 1501 1117 1565; x_wconf 87' lang='lat' dir='ltr'><strong>iterato</strong></span> <span class='ocrx_word' id='word_1_108' title='bbox 1131 1499 1213 1559; x_wconf 85' lang='lat' dir='ltr'><strong>iudi·</strong></span> 
     </span>
     <span class='ocr_line' id='line_1_15' title="bbox 92 1578 1228 1664; baseline 0.004 -26"><span class='ocrx_word' id='word_1_109' title='bbox 92 1578 144 1638; x_wconf 89' lang='lat' dir='ltr'><strong>cio</strong></span> <span class='ocrx_word' id='word_1_110' title='bbox 157 1579 307 1639; x_wconf 80' lang='lat' dir='ltr'><strong>Pontifex</strong></span> <span class='ocrx_word' id='word_1_111' title='bbox 322 1601 447 1640; x_wconf 86' lang='lat' dir='ltr'><strong>causam</strong></span> <span class='ocrx_word' id='word_1_112' title='bbox 460 1604 549 1642; x_wconf 89' lang='lat' dir='ltr'><strong>suam</strong></span> <span class='ocrx_word' id='word_1_113' title='bbox 564 1583 639 1662; x_wconf 78' lang='lat' dir='ltr'><strong>agit,</strong></span> <span class='ocrx_word' id='word_1_114' title='bbox 650 1582 758 1640; x_wconf 90' lang='lat' dir='ltr'><strong>nullus</strong></span> <span class='ocrx_word' id='word_1_115' title='bbox 774 1579 854 1640; x_wconf 86' lang='lat' dir='ltr'><strong>alius</strong></span> <span class='ocrx_word' id='word_1_116' title='bbox 872 1581 1063 1645; x_wconf 86' lang='lat' dir='ltr'><strong>ineiusloco</strong></span> <span class='ocrx_word' id='word_1_117' title='bbox 1076 1591 1228 1664; x_wconf 25' lang='lat' dir='ltr'><strong>ponatur,</strong></span> 
     </span>
     <span class='ocr_line' id='line_1_16' title="bbox 30 1661 1229 1746; baseline 0.001 -27"><span class='ocrx_word' id='word_1_118' title='bbox 30 1735 33 1740; x_wconf 68' lang='lat'><strong>,</strong></span> <span class='ocrx_word' id='word_1_119' title='bbox 94 1669 148 1719; x_wconf 91' lang='lat' dir='ltr'><strong>ant</strong></span> <span class='ocrx_word' id='word_1_120' title='bbox 162 1661 328 1721; x_wconf 84' lang='lat' dir='ltr'><strong>ordinetur</strong></span> <span class='ocrx_word' id='word_1_121' title='bbox 340 1662 531 1746; x_wconf 78' lang='lat' dir='ltr'><strong>Episcopus3</strong></span> <span class='ocrx_word' id='word_1_122' title='bbox 555 1663 912 1746; x_wconf 33' lang='lat' dir='ltr'><strong>quoniamuquumquam</strong></span> <span class='ocrx_word' id='word_1_123' title='bbox 934 1664 1229 1744; x_wconf 67' lang='lat' dir='ltr'><strong>comprovinciali·¹</strong></span> 
     </span>
     <span class='ocr_line' id='line_1_17' title="bbox 91 1742 1212 1826; baseline 0.002 -24"><span class='ocrx_word' id='word_1_124' title='bbox 91 1743 328 1826; x_wconf 86' lang='lat' dir='ltr'><strong>husEpiscopis</strong></span> <span class='ocrx_word' id='word_1_125' title='bbox 348 1746 484 1806; x_wconf 87' lang='lat' dir='ltr'><strong>accusati</strong></span> <span class='ocrx_word' id='word_1_126' title='bbox 507 1767 631 1806; x_wconf 89' lang='lat' dir='ltr'><strong>causam</strong></span> <span class='ocrx_word' id='word_1_127' title='bbox 655 1744 821 1804; x_wconf 82' lang='lat' dir='ltr'><strong>Pontificis</strong></span> <span class='ocrx_word' id='word_1_128' title='bbox 843 1746 978 1804; x_wconf 90' lang='lat' dir='ltr'><strong>scrutari</strong></span> <span class='ocrx_word' id='word_1_129' title='bbox 1003 1742 1116 1822; x_wconf 89' lang='lat' dir='ltr'><strong>liceat,</strong></span> <span class='ocrx_word' id='word_1_130' title='bbox 1146 1766 1212 1804; x_wconf 91' lang='lat' dir='ltr'><strong>non</strong></span> 
     </span>
     <span class='ocr_line' id='line_1_18' title="bbox 91 1825 1212 1910; baseline 0.003 -28"><span class='ocrx_word' id='word_1_131' title='bbox 91 1834 196 1883; x_wconf 89' lang='lat' dir='ltr'><strong>tamen</strong></span> <span class='ocrx_word' id='word_1_132' title='bbox 217 1825 352 1886; x_wconf 87' lang='lat' dir='ltr'><strong>definire</strong></span> <span class='ocrx_word' id='word_1_133' title='bbox 373 1827 556 1888; x_wconf 85' lang='lat' dir='ltr'><strong>inconsulto</strong></span> <span class='ocrx_word' id='word_1_134' title='bbox 575 1829 717 1888; x_wconf 88' lang='lat' dir='ltr'><strong>Romano</strong></span> <span class='ocrx_word' id='word_1_135' title='bbox 745 1826 901 1887; x_wconf 85' lang='lat' dir='ltr'><strong>Pontificc</strong></span> <span class='ocrx_word' id='word_1_136' title='bbox 922 1831 1111 1910; x_wconf 88' lang='lat' dir='ltr'><strong>permissum</strong></span> <span class='ocrx_word' id='word_1_137' title='bbox 1141 1836 1212 1902; x_wconf 90' lang='lat' dir='ltr'><strong>est,</strong></span> 
     </span>
     <span class='ocr_line' id='line_1_19' title="bbox 94 1903 1230 1993; baseline 0 -27"><span class='ocrx_word' id='word_1_138' title='bbox 94 1928 168 1966; x_wconf 90' lang='lat' dir='ltr'><strong>cum</strong></span> <span class='ocrx_word' id='word_1_139' title='bbox 196 1906 289 1967; x_wconf 86' lang='lat' dir='ltr'><strong>beato</strong></span> <span class='ocrx_word' id='word_1_140' title='bbox 312 1911 407 1970; x_wconf 88' lang='lat' dir='ltr'><strong>Petro</strong></span> <span class='ocrx_word' id='word_1_141' title='bbox 421 1911 573 1991; x_wconf 89' lang='lat' dir='ltr'><strong>Apostolo</strong></span> <span class='ocrx_word' id='word_1_142' title='bbox 590 1931 654 1968; x_wconf 91' lang='lat' dir='ltr'><strong>non</strong></span> <span class='ocrx_word' id='word_1_143' title='bbox 675 1908 712 1967; x_wconf 86' lang='lat' dir='ltr'><strong>ab</strong></span> <span class='ocrx_word' id='word_1_144' title='bbox 728 1907 791 1967; x_wconf 88' lang='lat' dir='ltr'><strong>alio</strong></span> <span class='ocrx_word' id='word_1_145' title='bbox 813 1929 909 1987; x_wconf 89' lang='lat' dir='ltr'><strong>quam</strong></span> <span class='ocrx_word' id='word_1_146' title='bbox 928 1911 966 1970; x_wconf 92' lang='lat' dir='ltr'><strong>ab</strong></span> <span class='ocrx_word' id='word_1_147' title='bbox 988 1911 1055 1993; x_wconf 91' lang='lat' dir='ltr'><strong>ipso</strong></span> <span class='ocrx_word' id='word_1_148' title='bbox 1073 1903 1230 1970; x_wconf 48' lang='lat' dir='ltr'><strong>Domino*</strong></span> 
     </span>
     <span class='ocr_line' id='line_1_20' title="bbox 94 1988 1213 2074; baseline 0 -26"><span class='ocrx_word' id='word_1_149' title='bbox 94 1988 298 2053; x_wconf 87' lang='lat' dir='ltr'><strong>dictumest:</strong></span> <span class='ocrx_word' id='word_1_150' title='bbox 323 1992 526 2074; x_wconf 77' lang='lat' dir='ltr'><strong>Qasaecanque</strong></span> <span class='ocrx_word' id='word_1_151' title='bbox 541 1992 684 2070; x_wconf 79' lang='lat' dir='ltr'><strong>ligaveris</strong></span> <span class='ocrx_word' id='word_1_152' title='bbox 707 2009 801 2072; x_wconf 83' lang='lat' dir='ltr'><strong>snper</strong></span> <span class='ocrx_word' id='word_1_153' title='bbox 830 2001 964 2070; x_wconf 84' lang='lat' dir='ltr'><strong>terram,</strong></span> <span class='ocrx_word' id='word_1_154' title='bbox 994 2005 1084 2052; x_wconf 86' lang='lat' dir='ltr'><strong>eraut</strong></span> <span class='ocrx_word' id='word_1_155' title='bbox 1114 1992 1213 2070; x_wconf 76' lang='lat' dir='ltr'><strong>ligata</strong></span> 
     </span>
     <span class='ocr_line' id='line_1_21' title="bbox 93 2071 1291 2156; baseline -0.001 -25"><span class='ocrx_word' id='word_1_156' title='bbox 93 2083 124 2131; x_wconf 87' lang='lat' dir='ltr'><strong>et</strong></span> <span class='ocrx_word' id='word_1_157' title='bbox 138 2071 171 2129; x_wconf 91' lang='lat' dir='ltr'><strong>in</strong></span> <span class='ocrx_word' id='word_1_158' title='bbox 187 2073 280 2131; x_wconf 84' lang='lat' dir='ltr'><strong>coelis</strong></span> <span class='ocrx_word' id='word_1_159' title='bbox 288 2097 300 2140; x_wconf 90' lang='lat'><em>;</em></span> <span class='ocrx_word' id='word_1_160' title='bbox 322 2086 352 2132; x_wconf 87' lang='lat' dir='ltr'><strong>et</strong></span> <span class='ocrx_word' id='word_1_161' title='bbox 364 2093 560 2156; x_wconf 84' lang='lat' dir='ltr'><strong>quaecunque</strong></span> <span class='ocrx_word' id='word_1_162' title='bbox 584 2073 719 2132; x_wconf 84' lang='lat' dir='ltr'><strong>solveris</strong></span> <span class='ocrx_word' id='word_1_163' title='bbox 735 2091 831 2154; x_wconf 83' lang='lat' dir='ltr'><strong>super</strong></span> <span class='ocrx_word' id='word_1_164' title='bbox 850 2084 1088 2152; x_wconf 78' lang='lat' dir='ltr'><strong>terram„erant</strong></span> <span class='ocrx_word' id='word_1_165' title='bbox 1109 2073 1227 2150; x_wconf 32' lang='lat' dir='ltr'><strong>solata·</strong></span> <span class='ocrx_word' id='word_1_166' title='bbox 1288 2073 1291 2084; x_wconf 88' lang='lat'>&#39;</span> 
     </span>
     <span class='ocr_line' id='line_1_22' title="bbox 93 2154 564 2237; baseline 0.004 -26"><span class='ocrx_word' id='word_1_167' title='bbox 93 2165 123 2211; x_wconf 88' lang='lat' dir='ltr'><strong>et</strong></span> <span class='ocrx_word' id='word_1_168' title='bbox 140 2155 174 2211; x_wconf 88' lang='lat' dir='ltr'><strong>in</strong></span> <span class='ocrx_word' id='word_1_169' title='bbox 200 2155 304 2219; x_wconf 86' lang='lat' dir='ltr'><strong>coelis.</strong></span> <span class='ocrx_word' id='word_1_170' title='bbox 346 2154 450 2237; x_wconf 84' lang='lat' dir='ltr'><strong>Supra</strong></span> <span class='ocrx_word' id='word_1_171' title='bbox 472 2176 497 2215; x_wconf 88' lang='lat' dir='ltr'><strong>c.</strong></span> <span class='ocrx_word' id='word_1_172' title='bbox 516 2156 564 2218; x_wconf 86' lang='lat'><strong>28.</strong></span> 
     </span>
    </p>
   </div>
   <div class='ocr_carea' id='block_1_5' title="bbox 90 2249 1277 4359">
    <p class='ocr_par' dir='ltr' id='par_1_6' title="bbox 93 2249 1230 2661">
     <span class='ocr_line' id='line_1_23' title="bbox 93 2249 1225 2344; baseline -0.001 -26"><span class='ocrx_word' id='word_1_173' title='bbox 93 2260 141 2318; x_wconf 89' lang='lat' dir='ltr'><strong>De</strong></span> <span class='ocrx_word' id='word_1_174' title='bbox 164 2257 391 2344; x_wconf 88' lang='lat' dir='ltr'><strong>Episcoporum</strong></span> <span class='ocrx_word' id='word_1_175' title='bbox 405 2260 611 2344; x_wconf 76' lang='lat' dir='ltr'><strong>appellatione</strong></span> <span class='ocrx_word' id='word_1_176' title='bbox 629 2257 848 2319; x_wconf 85' lang='lat' dir='ltr'><strong>adllomanam</strong></span> <span class='ocrx_word' id='word_1_177' title='bbox 861 2249 1050 2336; x_wconf 85' lang='lat' dir='ltr'><strong>Ecclesiam,</strong></span> <span class='ocrx_word' id='word_1_178' title='bbox 1072 2261 1225 2338; x_wconf 59' lang='lat' dir='ltr'><strong>quotiens:</strong></span> 
     </span>
     <span class='ocr_line' id='line_1_24' title="bbox 93 2341 1230 2424; baseline 0 -26"><span class='ocrx_word' id='word_1_179' title='bbox 93 2341 258 2408; x_wconf 83' lang='lat' dir='ltr'><strong>necessitas</strong></span> <span class='ocrx_word' id='word_1_180' title='bbox 274 2344 470 2422; x_wconf 76' lang='lat' dir='ltr'><strong>exposcerit,</strong></span> <span class='ocrx_word' id='word_1_181' title='bbox 493 2344 544 2402; x_wconf 87' lang='lat' dir='ltr'><strong>cai</strong></span> <span class='ocrx_word' id='word_1_182' title='bbox 558 2341 784 2424; x_wconf 86' lang='lat' dir='ltr'><strong>Episcoporum</strong></span> <span class='ocrx_word' id='word_1_183' title='bbox 803 2354 833 2400; x_wconf 87' lang='lat' dir='ltr'><strong>et</strong></span> <span class='ocrx_word' id='word_1_184' title='bbox 854 2363 972 2400; x_wconf 85' lang='lat' dir='ltr'><strong>samma</strong></span> <span class='ocrx_word' id='word_1_185' title='bbox 1001 2343 1122 2419; x_wconf 80' lang='lat' dir='ltr'><strong>negotia</strong></span> <span class='ocrx_word' id='word_1_186' title='bbox 1147 2343 1230 2412; x_wconf 49' lang='lat' dir='ltr'><strong>sin-.¹</strong></span> 
     </span>
     <span class='ocr_line' id='line_1_25' title="bbox 93 2421 1212 2505; baseline 0.003 -26"><span class='ocrx_word' id='word_1_187' title='bbox 93 2421 371 2505; x_wconf 76' lang='lat' dir='ltr'><strong>gislariprivilegiu</strong></span> <span class='ocrx_word' id='word_1_188' title='bbox 389 2422 568 2484; x_wconf 78' lang='lat' dir='ltr'><strong>tParioas</strong></span> <span class='ocrx_word' id='word_1_189' title='bbox 592 2434 747 2482; x_wconf 82' lang='lat' dir='ltr'><strong>reservata</strong></span> <span class='ocrx_word' id='word_1_190' title='bbox 784 2434 864 2481; x_wconf 84' lang='lat' dir='ltr'><strong>saut.</strong></span> <span class='ocrx_word' id='word_1_191' title='bbox 906 2423 961 2482; x_wconf 78' lang='lat' dir='ltr'><strong>Eae</strong></span> <span class='ocrx_word' id='word_1_192' title='bbox 978 2425 1089 2503; x_wconf 72' lang='lat' dir='ltr'><strong>quintas</strong></span> <span class='ocrx_word' id='word_1_193' title='bbox 1108 2443 1212 2504; x_wconf 86' lang='lat' dir='ltr'><strong>snpra,</strong></span> 
     </span>
     <span class='ocr_line' id='line_1_26' title="bbox 135 2505 1173 2587; baseline -0.001 -23"><span class='ocrx_word' id='word_1_194' title='bbox 135 2523 205 2564; x_wconf 88' lang='lat' dir='ltr'><strong>cum</strong></span> <span class='ocrx_word' id='word_1_195' title='bbox 225 2505 334 2587; x_wconf 84' lang='lat' dir='ltr'><strong>quibas</strong></span> <span class='ocrx_word' id='word_1_196' title='bbox 349 2507 483 2566; x_wconf 83' lang='lat' dir='ltr'><strong>maxime</strong></span> <span class='ocrx_word' id='word_1_197' title='bbox 497 2517 608 2565; x_wconf 76' lang='lat' dir='ltr'><strong>crincta</strong></span> <span class='ocrx_word' id='word_1_198' title='bbox 628 2505 788 2564; x_wconf 86' lang='lat' dir='ltr'><strong>Cauonum</strong></span> <span class='ocrx_word' id='word_1_199' title='bbox 806 2517 834 2562; x_wconf 87' lang='lat' dir='ltr'><strong>et</strong></span> <span class='ocrx_word' id='word_1_200' title='bbox 851 2505 1027 2580; x_wconf 69' lang='lat' dir='ltr'><strong>iunctorum</strong></span> <span class='ocrx_word' id='word_1_201' title='bbox 1042 2505 1173 2576; x_wconf 71' lang='lat' dir='ltr'><strong>Patriam</strong></span> 
     </span>
     <span class='ocr_line' id='line_1_27' title="bbox 490 2587 1159 2661; baseline -0.007 -15"><span class='ocrx_word' id='word_1_202' title='bbox 490 2587 616 2647; x_wconf 83' lang='lat' dir='ltr'><strong>decreta</strong></span> <span class='ocrx_word' id='word_1_203' title='bbox 639 2588 813 2646; x_wconf 87' lang='lat' dir='ltr'><strong>concinunt.</strong></span> <span class='ocrx_word' id='word_1_204' title='bbox 987 2657 989 2661; x_wconf 23' lang='grc' dir='ltr'>Ι</span> <span class='ocrx_word' id='word_1_205' title='bbox 1049 2649 1051 2653; x_wconf 49' lang='grc'>,</span> <span class='ocrx_word' id='word_1_206' title='bbox 1158 2655 1159 2660; x_wconf 12' lang='lat'>¹</span> 
     </span>
    </p>

    <p class='ocr_par' dir='ltr' id='par_1_7' title="bbox 92 2661 1277 3761">
     <span class='ocr_line' id='line_1_28' title="bbox 176 2661 1229 2751; baseline -0.001 -25"><span class='ocrx_word' id='word_1_207' title='bbox 176 2663 284 2727; x_wconf 84' lang='lat' dir='ltr'>XXX.</span> <span class='ocrx_word' id='word_1_208' title='bbox 326 2671 369 2728; x_wconf 87' lang='lat' dir='ltr'><strong>Ut</strong></span> <span class='ocrx_word' id='word_1_209' title='bbox 387 2691 496 2730; x_wconf 89' lang='lat' dir='ltr'><strong>omnes</strong></span> <span class='ocrx_word' id='word_1_210' title='bbox 511 2667 662 2751; x_wconf 88' lang='lat' dir='ltr'><strong>Episcopi</strong></span> <span class='ocrx_word' id='word_1_211' title='bbox 677 2666 735 2750; x_wconf 89' lang='lat' dir='ltr'><strong>qui</strong></span> <span class='ocrx_word' id='word_1_212' title='bbox 753 2667 787 2724; x_wconf 91' lang='lat' dir='ltr'><strong>in</strong></span> <span class='ocrx_word' id='word_1_213' title='bbox 805 2666 995 2748; x_wconf 84' lang='lat' dir='ltr'><strong>quibusdam</strong></span> <span class='ocrx_word' id='word_1_214' title='bbox 1008 2661 1229 2748; x_wconf 56' lang='lat' dir='ltr'><strong>‘gravioribus&#39;</strong></span> 
     </span>
     <span class='ocr_line' id='line_1_29' title="bbox 95 2747 1214 2830; baseline -0.002 -25"><span class='ocrx_word' id='word_1_215' title='bbox 95 2747 266 2826; x_wconf 78' lang='lat' dir='ltr'><strong>pulsantur</strong></span> <span class='ocrx_word' id='word_1_216' title='bbox 281 2751 334 2811; x_wconf 78' lang='lat' dir='ltr'><strong>rel</strong></span> <span class='ocrx_word' id='word_1_217' title='bbox 351 2753 561 2812; x_wconf 81' lang='lat' dir='ltr'><strong>criminantur</strong></span> <span class='ocrx_word' id='word_1_218' title='bbox 577 2749 698 2826; x_wconf 88' lang='lat' dir='ltr'><strong>causis,</strong></span> <span class='ocrx_word' id='word_1_219' title='bbox 717 2749 867 2830; x_wconf 86' lang='lat' dir='ltr'><strong>quotiens</strong></span> <span class='ocrx_word' id='word_1_220' title='bbox 891 2770 1020 2808; x_wconf 85' lang='lat' dir='ltr'><strong>neccsse</strong></span> <span class='ocrx_word' id='word_1_221' title='bbox 1049 2748 1159 2822; x_wconf 87' lang='lat' dir='ltr'><strong>fuerit,</strong></span> <span class='ocrx_word' id='word_1_222' title='bbox 1177 2749 1214 2804; x_wconf 87' lang='lat' dir='ltr'><strong>li-</strong></span> 
     </span>
     <span class='ocr_line' id='line_1_30' title="bbox 95 2829 1230 2916; baseline -0.003 -27"><span class='ocrx_word' id='word_1_223' title='bbox 95 2831 172 2889; x_wconf 82' lang='lat' dir='ltr'><strong>berc</strong></span> <span class='ocrx_word' id='word_1_224' title='bbox 190 2833 394 2912; x_wconf 88' lang='lat' dir='ltr'><strong>apostolicam</strong></span> <span class='ocrx_word' id='word_1_225' title='bbox 410 2831 713 2916; x_wconf 73' lang='lat' dir='ltr'><strong>appellent&#39;sedeui,</strong></span> <span class='ocrx_word' id='word_1_226' title='bbox 736 2839 831 2912; x_wconf 84' lang='lat' dir='ltr'><strong>atquc</strong></span> <span class='ocrx_word' id='word_1_227' title='bbox 847 2831 887 2890; x_wconf 88' lang='lat' dir='ltr'><strong>ad</strong></span> <span class='ocrx_word' id='word_1_228' title='bbox 907 2853 974 2890; x_wconf 76' lang='lat' dir='ltr'><strong>earm</strong></span> <span class='ocrx_word' id='word_1_229' title='bbox 993 2831 1083 2910; x_wconf 90' lang='lat' dir='ltr'><strong>quasi</strong></span> <span class='ocrx_word' id='word_1_230' title='bbox 1097 2829 1136 2888; x_wconf 91' lang='lat' dir='ltr'><strong>ad</strong></span> <span class='ocrx_word' id='word_1_231' title='bbox 1151 2833 1230 2912; x_wconf 49' lang='lat' dir='ltr'><strong>ma-&#39;¹</strong></span> 
     </span>
     <span class='ocr_line' id='line_1_31' title="bbox 95 2910 1223 2996; baseline -0.001 -26"><span class='ocrx_word' id='word_1_232' title='bbox 95 2923 177 2971; x_wconf 87' lang='lat' dir='ltr'><strong>trem</strong></span> <span class='ocrx_word' id='word_1_233' title='bbox 194 2915 397 2994; x_wconf 76' lang='lat' dir='ltr'><strong>confugiant,</strong></span> <span class='ocrx_word' id='word_1_234' title='bbox 420 2926 455 2975; x_wconf 86' lang='lat' dir='ltr'><strong>ut</strong></span> <span class='ocrx_word' id='word_1_235' title='bbox 472 2915 510 2974; x_wconf 89' lang='lat' dir='ltr'><strong>ab</strong></span> <span class='ocrx_word' id='word_1_236' title='bbox 535 2935 589 2990; x_wconf 89' lang='lat' dir='ltr'><strong>ea,</strong></span> <span class='ocrx_word' id='word_1_237' title='bbox 611 2915 694 2974; x_wconf 91' lang='lat' dir='ltr'><strong>sicut</strong></span> <span class='ocrx_word' id='word_1_238' title='bbox 711 2935 835 2996; x_wconf 81' lang='lat' dir='ltr'><strong>semper</strong></span> <span class='ocrx_word' id='word_1_239' title='bbox 848 2913 927 2988; x_wconf 83' lang='lat' dir='ltr'><strong>fuit,</strong></span> <span class='ocrx_word' id='word_1_240' title='bbox 948 2913 1000 2994; x_wconf 87' lang='lat' dir='ltr'><strong>pie</strong></span> <span class='ocrx_word' id='word_1_241' title='bbox 1024 2910 1223 2992; x_wconf 82' lang='lat' dir='ltr'><strong>fulciantur,</strong></span> 
     </span>
     <span class='ocr_line' id='line_1_32' title="bbox 95 2993 1226 3076; baseline 0 -24"><span class='ocrx_word' id='word_1_242' title='bbox 95 2993 323 3072; x_wconf 87' lang='lat' dir='ltr'><strong>defendantur,</strong></span> <span class='ocrx_word' id='word_1_243' title='bbox 345 3006 376 3055; x_wconf 91' lang='lat' dir='ltr'><strong>et</strong></span> <span class='ocrx_word' id='word_1_244' title='bbox 398 2998 597 3072; x_wconf 86' lang='lat' dir='ltr'><strong>liberentur,</strong></span> <span class='ocrx_word' id='word_1_245' title='bbox 619 2996 709 3056; x_wconf 89' lang='lat' dir='ltr'><strong>cuius</strong></span> <span class='ocrx_word' id='word_1_246' title='bbox 731 2994 928 3076; x_wconf 88' lang='lat' dir='ltr'><strong>dispositioni</strong></span> <span class='ocrx_word' id='word_1_247' title='bbox 946 3016 1055 3054; x_wconf 91' lang='lat' dir='ltr'><strong>omnes</strong></span> <span class='ocrx_word' id='word_1_248' title='bbox 1080 2993 1226 3073; x_wconf 46' lang='lat' dir='ltr'><strong>maiores¹</strong></span> 
     </span>
     <span class='ocr_line' id='line_1_33' title="bbox 95 3074 1277 3160; baseline 0.001 -27"><span class='ocrx_word' id='word_1_249' title='bbox 95 3075 324 3137; x_wconf 84' lang='lat' dir='ltr'><strong>ecclesiasticas</strong></span> <span class='ocrx_word' id='word_1_250' title='bbox 345 3099 469 3153; x_wconf 88' lang='lat' dir='ltr'><strong>causas,</strong></span> <span class='ocrx_word' id='word_1_251' title='bbox 494 3089 525 3138; x_wconf 88' lang='lat' dir='ltr'><strong>et</strong></span> <span class='ocrx_word' id='word_1_252' title='bbox 548 3078 769 3160; x_wconf 87' lang='lat' dir='ltr'><strong>episcoporum</strong></span> <span class='ocrx_word' id='word_1_253' title='bbox 785 3078 914 3152; x_wconf 88' lang='lat' dir='ltr'><strong>iudicia,</strong></span> <span class='ocrx_word' id='word_1_254' title='bbox 936 3074 1067 3156; x_wconf 89' lang='lat' dir='ltr'><strong>antiqua</strong></span> <span class='ocrx_word' id='word_1_255' title='bbox 1082 3075 1215 3157; x_wconf 82' lang='lat' dir='ltr'><strong>Aposto·</strong></span> <span class='ocrx_word' id='word_1_256' title='bbox 1275 3087 1277 3093; x_wconf 88' lang='lat'>&#39;</span> 
     </span>
     <span class='ocr_line' id='line_1_34' title="bbox 93 3158 1215 3240; baseline 0 -24"><span class='ocrx_word' id='word_1_257' title='bbox 93 3158 200 3216; x_wconf 85' lang='lat' dir='ltr'><strong>lorum</strong></span> <span class='ocrx_word' id='word_1_258' title='bbox 223 3180 397 3240; x_wconf 87' lang='lat' dir='ltr'><strong>eorumque</strong></span> <span class='ocrx_word' id='word_1_259' title='bbox 425 3180 649 3231; x_wconf 80' lang='lat' dir='ltr'><strong>successorum¹</strong></span> <span class='ocrx_word' id='word_1_260' title='bbox 666 3168 759 3239; x_wconf 89' lang='lat' dir='ltr'><strong>atquc</strong></span> <span class='ocrx_word' id='word_1_261' title='bbox 787 3181 945 3236; x_wconf 87' lang='lat' dir='ltr'><strong>canonum</strong></span> <span class='ocrx_word' id='word_1_262' title='bbox 976 3158 1143 3218; x_wconf 82' lang='lat' dir='ltr'><strong>auctoritas</strong></span> <span class='ocrx_word' id='word_1_263' title='bbox 1165 3179 1215 3216; x_wconf 87' lang='lat' dir='ltr'><strong>re·</strong></span> 
     </span>
     <span class='ocr_line' id='line_1_35' title="bbox 92 3237 1224 3324; baseline 0 -26"><span class='ocrx_word' id='word_1_264' title='bbox 92 3240 242 3300; x_wconf 82' lang='lat' dir='ltr'><strong>servavit.</strong></span> <span class='ocrx_word' id='word_1_265' title='bbox 263 3243 423 3318; x_wconf 87' lang='lat' dir='ltr'><strong>Quoniam</strong></span> <span class='ocrx_word' id='word_1_266' title='bbox 444 3241 617 3324; x_wconf 86' lang='lat' dir='ltr'><strong>culpantur</strong></span> <span class='ocrx_word' id='word_1_267' title='bbox 634 3241 783 3324; x_wconf 90' lang='lat' dir='ltr'><strong>Episcopi</strong></span> <span class='ocrx_word' id='word_1_268' title='bbox 803 3242 860 3322; x_wconf 89' lang='lat' dir='ltr'><strong>qui</strong></span> <span class='ocrx_word' id='word_1_269' title='bbox 884 3242 977 3300; x_wconf 85' lang='lat' dir='ltr'><strong>aliter</strong></span> <span class='ocrx_word' id='word_1_270' title='bbox 997 3262 1070 3321; x_wconf 76' lang='lat' dir='ltr'><strong>erga</strong></span> <span class='ocrx_word' id='word_1_271' title='bbox 1098 3237 1224 3299; x_wconf 72' lang='lat' dir='ltr'><strong>iratres</strong></span> 
     </span>
     <span class='ocr_line' id='line_1_36' title="bbox 95 3323 1212 3406; baseline 0.002 -27"><span class='ocrx_word' id='word_1_272' title='bbox 95 3323 220 3400; x_wconf 80' lang='lat' dir='ltr'><strong>egerint</strong></span> <span class='ocrx_word' id='word_1_273' title='bbox 238 3345 332 3404; x_wconf 89' lang='lat' dir='ltr'><strong>quam</strong></span> <span class='ocrx_word' id='word_1_274' title='bbox 349 3325 492 3386; x_wconf 85' lang='lat' dir='ltr'><strong>eiusdem</strong></span> <span class='ocrx_word' id='word_1_275' title='bbox 517 3324 600 3384; x_wconf 85' lang='lat' dir='ltr'><strong>sedis</strong></span> <span class='ocrx_word' id='word_1_276' title='bbox 619 3323 808 3405; x_wconf 75' lang='lat' dir='ltr'><strong>Papae-fieri</strong></span> <span class='ocrx_word' id='word_1_277' title='bbox 822 3324 978 3406; x_wconf 87' lang='lat' dir='ltr'><strong>placuerit</strong></span> <span class='ocrx_word' id='word_1_278' title='bbox 986 3346 994 3394; x_wconf 70' lang='grc' dir='ltr'><strong><em>ς</em></strong></span> <span class='ocrx_word' id='word_1_279' title='bbox 1028 3323 1212 3382; x_wconf 72' lang='lat' dir='ltr'><strong>canonibus</strong></span> 
     </span>
     <span class='ocr_line' id='line_1_37' title="bbox 93 3400 1213 3487; baseline 0.004 -29"><span class='ocrx_word' id='word_1_280' title='bbox 93 3402 211 3484; x_wconf 86' lang='lat' dir='ltr'><strong>quippe</strong></span> <span class='ocrx_word' id='word_1_281' title='bbox 224 3405 405 3468; x_wconf 82' lang='lat' dir='ltr'><strong>iubentibus</strong></span> <span class='ocrx_word' id='word_1_282' title='bbox 425 3409 457 3468; x_wconf 92' lang='lat' dir='ltr'><strong>in</strong></span> <span class='ocrx_word' id='word_1_283' title='bbox 475 3406 590 3467; x_wconf 86' lang='lat' dir='ltr'><strong>talibus</strong></span> <span class='ocrx_word' id='word_1_284' title='bbox 609 3400 880 3487; x_wconf 76' lang='lat' dir='ltr'><strong>absque&#39;Romuno</strong></span> <span class='ocrx_word' id='word_1_285' title='bbox 899 3405 980 3464; x_wconf 90' lang='lat' dir='ltr'><strong>nihil</strong></span> <span class='ocrx_word' id='word_1_286' title='bbox 991 3401 1213 3466; x_wconf 84' lang='lat' dir='ltr'><strong>decerniP01··</strong></span> 
     </span>
     <span class='ocr_line' id='line_1_38' title="bbox 92 3485 1214 3573; baseline 0.005 -33"><span class='ocrx_word' id='word_1_287' title='bbox 92 3485 196 3562; x_wconf 79' lang='lat' dir='ltr'><strong>tilica,</strong></span> <span class='ocrx_word' id='word_1_288' title='bbox 220 3508 280 3548; x_wconf 91' lang='lat' dir='ltr'><strong>nec</strong></span> <span class='ocrx_word' id='word_1_289' title='bbox 296 3491 335 3550; x_wconf 91' lang='lat' dir='ltr'><strong>ad</strong></span> <span class='ocrx_word' id='word_1_290' title='bbox 362 3491 519 3573; x_wconf 81' lang='lat' dir='ltr'><strong>synodum</strong></span> <span class='ocrx_word' id='word_1_291' title='bbox 533 3490 727 3570; x_wconf 89' lang='lat' dir='ltr'><strong>Episcopum</strong></span> <span class='ocrx_word' id='word_1_292' title='bbox 740 3487 906 3548; x_wconf 90' lang='lat' dir='ltr'><strong>convocari</strong></span> <span class='ocrx_word' id='word_1_293' title='bbox 922 3489 1055 3563; x_wconf 86' lang='lat' dir='ltr'><strong>debere,</strong></span> <span class='ocrx_word' id='word_1_294' title='bbox 1078 3497 1109 3546; x_wconf 88' lang='lat' dir='ltr'><strong>ct</strong></span> <span class='ocrx_word' id='word_1_295' title='bbox 1124 3487 1214 3568; x_wconf 83' lang='lat' dir='ltr'><strong>quic·</strong></span> 
     </span>
     <span class='ocr_line' id='line_1_39' title="bbox 92 3567 1210 3654; baseline 0.006 -29"><span class='ocrx_word' id='word_1_296' title='bbox 92 3567 173 3647; x_wconf 84' lang='lat' dir='ltr'><strong>quid</strong></span> <span class='ocrx_word' id='word_1_297' title='bbox 197 3591 236 3630; x_wconf 79' lang='lat' dir='ltr'><strong>ex</strong></span> <span class='ocrx_word' id='word_1_298' title='bbox 255 3570 304 3632; x_wconf 89' lang='lat' dir='ltr'><strong>his</strong></span> <span class='ocrx_word' id='word_1_299' title='bbox 319 3594 357 3633; x_wconf 88' lang='lat' dir='ltr'><strong>co</strong></span> <span class='ocrx_word' id='word_1_300' title='bbox 371 3573 555 3633; x_wconf 90' lang='lat' dir='ltr'><strong>inconsulto</strong></span> <span class='ocrx_word' id='word_1_301' title='bbox 568 3581 807 3654; x_wconf 84' lang='lat' dir='ltr'><strong>praesumptum</strong></span> <span class='ocrx_word' id='word_1_302' title='bbox 822 3571 931 3646; x_wconf 88' lang='lat' dir='ltr'><strong>fucrit,</strong></span> <span class='ocrx_word' id='word_1_303' title='bbox 953 3569 1074 3632; x_wconf 86' lang='lat' dir='ltr'><strong>viribus</strong></span> <span class='ocrx_word' id='word_1_304' title='bbox 1093 3589 1210 3632; x_wconf 85' lang='lat' dir='ltr'><strong>carere.</strong></span> 
     </span>
     <span class='ocr_line' id='line_1_40' title="bbox 93 3670 1211 3761; baseline 0.002 -30"><span class='ocrx_word' id='word_1_305' title='bbox 93 3673 142 3732; x_wconf 85' lang='lat' dir='ltr'><strong>Dc</strong></span> <span class='ocrx_word' id='word_1_306' title='bbox 163 3675 255 3736; x_wconf 87' lang='lat' dir='ltr'><strong>causa</strong></span> <span class='ocrx_word' id='word_1_307' title='bbox 275 3676 423 3761; x_wconf 81' lang='lat' dir='ltr'><strong>Lapicini</strong></span> <span class='ocrx_word' id='word_1_308' title='bbox 442 3677 600 3760; x_wconf 84' lang='lat' dir='ltr'><strong>Episcopi.</strong></span> <span class='ocrx_word' id='word_1_309' title='bbox 641 3677 696 3736; x_wconf 78' lang='lat' dir='ltr'><strong>Ex</strong></span> <span class='ocrx_word' id='word_1_310' title='bbox 716 3671 849 3758; x_wconf 86' lang='lat' dir='ltr'><strong>epistola</strong></span> <span class='ocrx_word' id='word_1_311' title='bbox 863 3675 977 3736; x_wconf 90' lang='lat' dir='ltr'><strong>Leonis</strong></span> <span class='ocrx_word' id='word_1_312' title='bbox 998 3670 1211 3756; x_wconf 83' lang='lat' dir='ltr'><strong>Papae,Asri·</strong></span> 
     </span>
    </p>

    <p class='ocr_par' dir='ltr' id='par_1_8' title="bbox 429 3759 876 3842">
     <span class='ocr_line' id='line_1_41' title="bbox 429 3759 876 3842; baseline -0.009 -22"><span class='ocrx_word' id='word_1_313' title='bbox 429 3761 515 3820; x_wconf 88' lang='lat' dir='ltr'><strong>canis</strong></span> <span class='ocrx_word' id='word_1_314' title='bbox 546 3759 710 3842; x_wconf 82' lang='lat' dir='ltr'><strong>Episcopis</strong></span> <span class='ocrx_word' id='word_1_315' title='bbox 739 3759 876 3818; x_wconf 67' lang='lat' dir='ltr'><strong>directas</strong></span> 
     </span>
    </p>

    <p class='ocr_par' dir='ltr' id='par_1_9' title="bbox 90 3862 1215 4359">
     <span class='ocr_line' id='line_1_42' title="bbox 174 3862 1212 3945; baseline -0.001 -21"><span class='ocrx_word' id='word_1_316' title='bbox 174 3862 299 3926; x_wconf 84' lang='lat' dir='ltr'>XXXI.</span> <span class='ocrx_word' id='word_1_317' title='bbox 341 3867 473 3926; x_wconf 86' lang='lat' dir='ltr'><strong>Causam</strong></span> <span class='ocrx_word' id='word_1_318' title='bbox 491 3863 639 3945; x_wconf 88' lang='lat' dir='ltr'><strong>Lupicini</strong></span> <span class='ocrx_word' id='word_1_319' title='bbox 664 3863 835 3944; x_wconf 86' lang='lat' dir='ltr'><strong>Episcopi,</strong></span> <span class='ocrx_word' id='word_1_320' title='bbox 859 3863 934 3944; x_wconf 88' lang='lat' dir='ltr'><strong>quia</strong></span> <span class='ocrx_word' id='word_1_321' title='bbox 956 3864 1002 3924; x_wconf 87' lang='lat' dir='ltr'><strong>sic</strong></span> <span class='ocrx_word' id='word_1_322' title='bbox 1028 3862 1119 3923; x_wconf 83' lang='lat' dir='ltr'><strong>nobis</strong></span> <span class='ocrx_word' id='word_1_323' title='bbox 1140 3864 1212 3944; x_wconf 90' lang='lat' dir='ltr'><strong>pla·</strong></span> 
     </span>
     <span class='ocr_line' id='line_1_43' title="bbox 92 3943 1213 4027; baseline 0.004 -23"><span class='ocrx_word' id='word_1_324' title='bbox 92 3943 178 4020; x_wconf 88' lang='lat' dir='ltr'><strong>cuit,</strong></span> <span class='ocrx_word' id='word_1_325' title='bbox 199 3945 267 4007; x_wconf 90' lang='lat' dir='ltr'><strong>illic</strong></span> <span class='ocrx_word' id='word_1_326' title='bbox 291 3947 436 4008; x_wconf 88' lang='lat' dir='ltr'><strong>iuhemus</strong></span> <span class='ocrx_word' id='word_1_327' title='bbox 455 3947 571 4015; x_wconf 60' lang='lat' dir='ltr'><strong>audiun</strong></span> <span class='ocrx_word' id='word_1_328' title='bbox 594 3945 645 4006; x_wconf 90' lang='lat' dir='ltr'><strong>cui</strong></span> <span class='ocrx_word' id='word_1_329' title='bbox 670 3949 807 4004; x_wconf 87' lang='lat' dir='ltr'><strong>multum</strong></span> <span class='ocrx_word' id='word_1_330' title='bbox 836 3947 868 4004; x_wconf 81' lang='lat' dir='ltr'><strong>ct</strong></span> <span class='ocrx_word' id='word_1_331' title='bbox 889 3948 1013 4027; x_wconf 85' lang='lat' dir='ltr'><strong>saepius</strong></span> <span class='ocrx_word' id='word_1_332' title='bbox 1036 3945 1213 4026; x_wconf 82' lang='lat' dir='ltr'><strong>postulanti</strong></span> 
     </span>
     <span class='ocr_line' id='line_1_44' title="bbox 92 4027 1215 4108; baseline 0.004 -22"><span class='ocrx_word' id='word_1_333' title='bbox 92 4030 349 4090; x_wconf 87' lang='lat' dir='ltr'><strong>communionem</strong></span> <span class='ocrx_word' id='word_1_334' title='bbox 364 4031 423 4089; x_wconf 74' lang='lat' dir='ltr'><strong>liae</strong></span> <span class='ocrx_word' id='word_1_335' title='bbox 439 4029 561 4089; x_wconf 88' lang='lat' dir='ltr'><strong>ratione</strong></span> <span class='ocrx_word' id='word_1_336' title='bbox 585 4027 800 4104; x_wconf 88' lang='lat' dir='ltr'><strong>reddidimus,</strong></span> <span class='ocrx_word' id='word_1_337' title='bbox 822 4029 975 4108; x_wconf 88' lang='lat' dir='ltr'><strong>quoniam</strong></span> <span class='ocrx_word' id='word_1_338' title='bbox 993 4051 1066 4087; x_wconf 90' lang='lat' dir='ltr'><strong>cum</strong></span> <span class='ocrx_word' id='word_1_339' title='bbox 1084 4029 1123 4086; x_wconf 92' lang='lat' dir='ltr'><strong>ad</strong></span> <span class='ocrx_word' id='word_1_340' title='bbox 1143 4051 1215 4090; x_wconf 87' lang='lat' dir='ltr'><strong>nos·</strong></span> 
     </span>
     <span class='ocr_line' id='line_1_45' title="bbox 90 4109 1213 4193; baseline 0.006 -27"><span class='ocrx_word' id='word_1_341' title='bbox 90 4117 177 4167; x_wconf 87' lang='lat' dir='ltr'><strong>trum</strong></span> <span class='ocrx_word' id='word_1_342' title='bbox 197 4109 350 4171; x_wconf 88' lang='lat' dir='ltr'><strong>iudicium</strong></span> <span class='ocrx_word' id='word_1_343' title='bbox 368 4118 592 4193; x_wconf 85' lang='lat' dir='ltr'><strong>provocasset,</strong></span> <span class='ocrx_word' id='word_1_344' title='bbox 615 4110 773 4169; x_wconf 86' lang='lat' dir='ltr'><strong>immerito</strong></span> <span class='ocrx_word' id='word_1_345' title='bbox 789 4132 861 4170; x_wconf 86' lang='lat' dir='ltr'><strong>eum</strong></span> <span class='ocrx_word' id='word_1_346' title='bbox 878 4113 1037 4193; x_wconf 82' lang='lat' dir='ltr'><strong>pendente</strong></span> <span class='ocrx_word' id='word_1_347' title='bbox 1055 4113 1213 4191; x_wconf 68' lang='lat' dir='ltr'><strong>negotiosi</strong></span> 
     </span>
     <span class='ocr_line' id='line_1_46' title="bbox 91 4187 1213 4274; baseline 0.004 -22"><span class='ocrx_word' id='word_1_348' title='bbox 91 4193 318 4254; x_wconf 86' lang='lat' dir='ltr'><strong>communione</strong></span> <span class='ocrx_word' id='word_1_349' title='bbox 346 4187 531 4254; x_wconf 88' lang='lat' dir='ltr'><strong>videbamus</strong></span> <span class='ocrx_word' id='word_1_350' title='bbox 557 4193 654 4252; x_wconf 80' lang='lat' dir='ltr'><strong>fuisse</strong></span> <span class='ocrx_word' id='word_1_351' title='bbox 682 4211 878 4272; x_wconf 86' lang='lat' dir='ltr'><strong>suspensum.</strong></span> <span class='ocrx_word' id='word_1_352' title='bbox 920 4194 1089 4274; x_wconf 78' lang='lat' dir='ltr'><strong>Adiectum</strong></span> <span class='ocrx_word' id='word_1_353' title='bbox 1118 4195 1213 4256; x_wconf 86' lang='lat' dir='ltr'><strong>etiam</strong></span> 
     </span>
     <span class='ocr_line' id='line_1_47' title="bbox 90 4271 1213 4359; baseline 0.003 -26"><span class='ocrx_word' id='word_1_354' title='bbox 90 4274 176 4335; x_wconf 92' lang='lat' dir='ltr'><strong>illud</strong></span> <span class='ocrx_word' id='word_1_355' title='bbox 197 4284 261 4354; x_wconf 83' lang='lat' dir='ltr'><strong>est,</strong></span> <span class='ocrx_word' id='word_1_356' title='bbox 285 4276 371 4359; x_wconf 82' lang='lat' dir='ltr'><strong>quod</strong></span> <span class='ocrx_word' id='word_1_357' title='bbox 392 4275 468 4336; x_wconf 88' lang='lat' dir='ltr'><strong>huic</strong></span> <span class='ocrx_word' id='word_1_358' title='bbox 490 4286 608 4338; x_wconf 87' lang='lat' dir='ltr'><strong>temere</strong></span> <span class='ocrx_word' id='word_1_359' title='bbox 633 4274 893 4357; x_wconf 85' lang='lat' dir='ltr'><strong>superordinatus</strong></span> <span class='ocrx_word' id='word_1_360' title='bbox 909 4271 976 4338; x_wconf 75' lang='lat' dir='ltr'><strong>csse</strong></span> <span class='ocrx_word' id='word_1_361' title='bbox 995 4277 1213 4357; x_wconf 78' lang='lat' dir='ltr'><strong>cognoscitur,</strong></span> 
     </span>
    </p>
   </div>
   <div class='ocr_carea' id='block_1_6' title="bbox 0 0 1461 4980">
    <p class='ocr_par' dir='ltr' id='par_1_10' title="bbox 0 0 1461 4980">
     <span class='ocr_line' id='line_1_48' title="bbox 0 0 1461 4980; baseline 0 0"><span class='ocrx_word' id='word_1_362' title='bbox 0 0 1461 4980; x_wconf 95' lang='lat' dir='ltr'><strong> </strong></span> 
     </span>
    </p>
   </div>
  </div>
 </body>
</html>
