2948 4990
205 290 278 373 652
620 315 905 376 cararumatua

202 452 300 520 raldo
314 453 495 538 periculosa
510 463 542 518 et
555 457 672 540 oppido
685 456 925 521 suntcavenda
966 457 1058 535 Quae
1078 453 1199 520 idcirco
1216 477 1337 541 sugge-

200 537 301 598 rimus
318 558 359 598 ue
378 558 436 619 pro
448 538 563 599 talibus
577 563 635 602 vos
654 547 686 600 et
700 560 758 600 nos
774 539 870 602 simul
887 558 1064 624 pereamus.
1105 539 1203 602 Novit
1219 539 1339 606 Domi-‚

202 639 278 697 nus,
293 619 422 699 quando
439 640 492 681 eos
512 621 545 680 in
565 621 681 684 talibus
695 620 859 702 videmus,
889 631 995 684 terror
1015 620 1231 763 adprehendit
1256 625 1355 698 nos,‘

201 711 233 764 et
251 702 382 783 quidam
401 723 440 765 ex
455 701 570 766 uostris
590 703 704 768 timore
725 703 889 786 perterriti
906 711 1039 787 propter
1080 725 1117 765 oc
1139 705 1272 786 fugere,
1295 709 1334 766 et

199 782 340 845 inimicis
351 792 439 865 terga
449 795 575 848 vertere
590 789 703 852 solent
725 786 838 849 Plures
854 786 940 849 enim
955 785 1084 867 potestis
1097 786 1216 848 babere
1232 805 1333 868 prae-

200 866 341 943 liatores,
358 866 384 928 si
401 867 449 927 illi
468 870 604 952 propriis
618 869 760 936 resident
776 871 809 929 in
825 869 1001 952 parochiis,
1009 890 1105 951 quam
1120 869 1146 930 si
1162 868 1334 931 uobiscum

198 957 354 1033 pergunt;
375 949 526 1030 quoniam
549 951 598 1012 illi
620 953 678 1036 qui
699 973 752 1014 eos
774 951 975 1034 praevident,
990 972 1100 1012 omnes
1113 961 1191 1011 tunc
1206 970 1335 1033 pugna-

198 1033 295 1094 bunt:
310 1034 398 1114 qnod
416 1033 511 1094 modo
526 1055 730 1118 nequaquam
745 1033 880 1113 faciunt,
893 1035 950 1096 sed
962 1054 1015 1094 eos
1034 1033 1254 1098 tantummodo
1272 1051 1332 1096 cu-

197 1114 353 1176 stodiunt.
382 1116 462 1174 Nam
478 1115 547 1176 sine
564 1116 662 1179 dubio
680 1117 786 1200 potius
801 1116 889 1177 vohis
906 1115 1063 1197 nobisque
1080 1115 1237 1198 prolicere
1255 1133 1331 1198 pos·

198 1207 284 1275 sunt,
299 1197 326 1260 si
342 1198 577 1278 remanserint,
599 1221 696 1281 quam
714 1199 740 1260 si
762 1199 795 1259 in
812 1196 938 1261 hostem
960 1197 1010 1258 vel
1034 1197 1075 1259 ad
1091 1219 1233 1282 pugnam
1248 1215 1330 1278 per-

197 1279 343 1343 rexerint
354 1301 365 1336 a
383 1279 548 1361 quintana
562 1303 674 1343 eorum
686 1282 834 1364 precibus
846 1281 1042 1358 adiuvamur,
1057 1289 1090 1341 et
1101 1281 1198 1342 modo
1213 1297 1329 1340 eorum

197 1359 355 1446 pressuris
370 1383 547 1444 gravamur.
578 1366 716 1442 Quando
735 1385 812 1426 vero
834 1365 960 1446 Moyses
975 1361 1123 1445 expansis
1137 1362 1177 1423 ad
1197 1361 1332 1422 coelum

198 1444 346 1505 manibus
360 1445 479 1523 orabat,
500 1445 649 1508 vincebat
660 1446 767 1513 Israel.
787 1447 829 1507 Et
845 1444 974 1529 quando
991 1444 1172 1526 dprecibus
1185 1441 1329 1506 cessabat
1428 1493 1430 1500 ,

200 1535 233 1588 ct
254 1547 366 1585 manus
390 1527 457 1588 eius
478 1531 697 1610 gravabantur,
725 1529 912 1610 prinsquam
927 1535 1120 1588 sustentatae
1146 1525 1271 1601 fierent,
1293 1531 1330 1585 et·

198 1608 267 1692 ipse
287 1609 436 1688 precibus
458 1611 627 1689 insisteret,
650 1611 842 1673 vincebatur
854 1619 886 1672 et
903 1619 993 1692 terga
1005 1607 1159 1673 vertebat,
1190 1605 1329 1668 Talibus

200 1711 277 1772 crgo
291 1700 324 1750 at
340 1692 450 1753 maltis
464 1693 534 1754 aliis
547 1693 700 1778 exemplis
712 1693 946 1774 fulti,quornm
960 1689 1142 1774 prolixitate
1163 1689 1239 1752 victi
1258 1709 1332 1748 mo·.

191 1771 242 1836 'do
266 1792 330 1832 non
345 1773 490 1852 dicimus,
506 1775 582 1856 quia
596 1775 732 1860 sapienti
745 1775 844 1838 semel
861 1774 946 1837 dicta
964 1770 1131 1834 sufficiunt
1146 1769 1331 1856 praedicta,

200 1853 319 1914 obnixe
333 1875 443 1917 omnes
460 1879 638 1939 precamur,
654 1867 730 1919 etat
746 1857 965 1919 concedantur
978 1875 1145 1936 rogamus;
1160 1853 1235 1936 quia
1253 1851 1327 1912 nul·

199 1935 326 1996 latenas
339 1937 487 2000 volumus
500 1948 536 1998 ut
546 1941 711 2002 nobiscum
730 1940 770 2001 ad
781 1939 858 2001 talia
870 1946 1016 2024 pergant,
1033 1937 1096 1998 nisi
1111 1936 1176 2000 duo
1191 1944 1245 1998 aut
1257 1943 1327 1995 tres

199 2016 284 2079 bene
305 2018 402 2094 docti,
422 2021 580 2082 electione
596 2021 750 2083 videlicet
768 2031 984 2097 caeterorum,
1005 2017 1044 2078 ad
1062 2018 1325 2080 benedictionem

201 2100 349 2177 dan-dam,
374 2103 462 2166 etad
480 2102 732 2184 periclitantium
750 2102 1046 2166 reconciliationem
1067 2099 1256 2176 faciendam,
1280 2117 1326 2158 ne

202 2205 260 2246 vos
277 2189 310 2242 et
328 2204 388 2244 nos
407 2185 505 2246 simul
519 2207 593 2245 cum
610 2186 756 2268 pluribus
773 2207 950 2268 pereamus,
972 2183 1028 2246 sed
1045 2204 1159 2244 corum
1172 2180 1330 2264 precibus

203 2275 241 2326 ut
262 2263 324 2324 iam
345 2277 554 2328 memoratum
574 2277 638 2344 est,
660 2267 841 2330 fulciamur.
880 2269 984 2346 Quam
998 2267 1132 2340 formam
1148 2271 1181 2325 et
1194 2264 1242 2325 de
1262 2263 1323 2322 Sa-

203 2347 386 2410 cerdotibus
404 2358 515 2411 tenere
537 2360 696 2432 optamus,
718 2351 827 2428 idest,
850 2358 887 2410 ut
905 2369 966 2417 nec
988 2347 1037 2408 illi
1058 2349 1092 2409 in
1117 2345 1241 2407 bostem
1260 2341 1327 2408 nisi

202 2429 287 2490 bene
303 2431 401 2509 docti,
419 2441 452 2494 et
471 2432 530 2514 ipsi
551 2433 708 2494 electione
725 2441 819 2516 atque
833 2431 1041 2515 permissione
1061 2428 1264 2512 propriorum
1275 2425 1326 2486 Es·

203 2511 422 2595 pi‘scoporum3
445 2515 502 2596 qui
520 2523 623 2576 tamen
639 2515 718 2576 tales
734 2515 798 2576 sint
813 2513 852 2576 de
867 2535 1004 2594 quorum
1019 2514 1153 2573 scientia
1166 2520 1197 2571 et
1211 2509 1275 2571 vita
1285 2528 1322 2567 ac

205 2597 448 2656 conversatione
467 2617 575 2658 omnes
592 2594 697 2658 securi
715 2617 781 2659 esse
796 2597 961 2679 possimus.
1004 2593 1089 2661 Illud
1106 2603 1212 2654 tamen
1233 2589 1326 2651 vohis·

88 2745 93 2760 ¹
205 2685 239 2737 et
255 2678 402 2739 omnihus
416 2679 496 2740 scire
516 2679 660 2762 cupimus
675 2679 762 2760 qnod
776 2697 841 2744 non
858 2686 1026 2773 propterea
1041 2676 1120 2736 baec
1132 2673 1269 2756 petimus
1287 2680 1325 2732 ut

204 2779 317 2820 eorum
328 2783 378 2822 res
392 2770 446 2821 aut
459 2762 582 2848 aliquid
596 2784 636 2822 ex
649 2783 762 2824 eornm
769 2760 926 2843 pecuniis,
940 2781 1001 2820 nisa
1011 2757 1072 2840 ipsi
1091 2756 1216 2837 aliquid
1230 2759 1329 2837 spon«.

204 2847 237 2903 te
256 2843 348 2903 nobis
365 2844 439 2905 dare
453 2844 621 2927 placuerit,
637 2854 691 2904 aut
702 2864 817 2908 eorum·
827 2839 987 2905 Ecclesias
1002 2840 1132 2903 viduare
1147 2837 1329 2925 cupiamus,

204 2923 262 2986 sed
280 2926 379 3007 magis
400 2926 457 3002 eis,
474 2927 500 2987 si
514 2927 671 2988 Dominus
687 2946 780 3008 posse
797 2925 933 3003 dederit,
954 2945 1071 3006 augere
1088 2919 1328 2992 desideramus&

205 3015 243 3067 ut
261 3016 293 3068 et
306 3008 366 3089 ipsi
382 3016 413 3068 et
425 3029 480 3069 vos
499 3018 532 3069 et
545 3031 602 3070 nos
616 3008 771 3071 salsiores
786 3007 894 3085 simus,
917 3016 949 3068 et
962 3007 1032 3066 Deo
1053 3003 1170 3089 potius,
1182 3002 1259 3086 'ipso
1272 3000 1330 3060 ad«

205 3088 428 3167 tta-iniculante,
447 3091 573 3172 placere
594 3110 780 3151 mereamur.
801 3090 1006 3173 Quapropter
1022 3087 1048 3148 si
1063 3085 1135 3168 qais
1149 3105 1201 3146 eas
1216 3083 1330 3144 abEc-

206 3171 313 3233 clesiis
324 3173 439 3253 quibus
455 3174 471 3233 a
490 3173 636 3234 fidelibus
651 3174 796 3250 collatae,
809 3173 856 3234 De
903 3191 943 3232 ue
958 3179 1095 3231 sacratae
1110 3175 1196 3244 sunt,
1208 3166 1324 3242 aufert,

204 3254 320 3337 procul
339 3255 436 3315 dubio
458 3255 660 3338 saerilegium
678 3254 855 3317 committit.
913 3273 1008 3314 oecns
1026 3250 1116 3312 enim
1129 3258 1177 3310 est
1191 3247 1248 3332 qui
1268 3247 1328 3308 ista

205 3355 272 3396 non
295 3337 389 3398 videt.
426 3338 578 3420 Quisquis
600 3360 675 3421 ergo
704 3347 846 3398 nostrum
873 3357 943 3396 suas
966 3355 1019 3395 res
1036 3330 1199 3393 Ecclesiae
1217 3329 1329 3406 tradit,

205 3418 345 3480 Domino
359 3423 428 3482 Deo
448 3420 519 3481 illas
540 3420 632 3481 offert
646 3430 741 3501 atquc
755 3417 892 3491 dedicat,
910 3415 1040 3497 suisque
1054 3411 1191 3487 Sanctis,
1215 3421 1247 3472 et
1260 3431 1327 3471 non

205 3501 310 3579 alteri,
330 3501 467 3565 dicendo
482 3503 568 3578 talia,
585 3511 616 3563 et
632 3501 754 3584 agendo
775 3499 828 3565 ita·
868 3497 960 3560 Facit
981 3495 1067 3557 enim
1082 3495 1271 3576 scripturam
1286 3491 1325 3554 de

206 3583 283 3666 ipsis
304 3585 400 3649 rehus
415 3607 492 3669 quas
510 3587 579 3644 Deo
601 3584 675 3644 dare
692 3583 873 3658 desiderat,
892 3590 922 3641 et
944 3577 1043 3662 ipsam
1065 3577 1330 3658 scriptn1·ainco·.

205 3689 274 3728 ram
293 3668 384 3728 altari
405 3678 459 3727 aut
481 3687 577 3748 supra
597 3675 685 3724 tenet
704 3665 738 3724 in
761 3685 867 3741 mana,
890 3661 1002 3724 dicens
1023 3660 1170 3721 eiusdem
1181 3657 1246 3719 loci
1269 3657 1326 3717 Sa-

206 3750 390 3816 cerdotibus
405 3760 499 3830 atque
519 3747 703 3808 custodibus
713 3769 724 3806 ε-
752 3744 863 3826 Offero
888 3744 955 3805 Deo
979 3753 1068 3824 alque
1093 3739 1327 3801 dedicoomnes

207 3854 257 3893 res
273 3851 351 3914 quoe
363 3835 420 3892 liae
439 3833 473 3890 in
492 3829 631 3891 chartula
647 3841 790 3888 tenentur
808 3829 955 3894 insertae;
973 3843 1032 3906 pto
1058 3823 1238 3890 remissione
1251 3839 1328 3903 pec-

207 3927 346 3974 catorum
361 3935 498 3973 meorum
515 3933 550 3972 ac
566 3922 731 3993 parentum
749 3921 779 3969 et
792 3909 945 3990 filiorum.
964 3909 1041 3982 (aut
1056 3923 1113 3983 pro
1133 3921 1327 3984 quocunque

207 3995 278 4054 illas
289 3997 359 4054 Deo
377 3996 513 4056 liberare
528 3995 549 4070 ι)
562 3991 715 4066 voluerit)
729 3989 773 4049 cni
780 3987 976 4049 serviendum
992 4006 1034 4045 ex
1049 3987 1097 4044 liis
1110 3985 1182 4044 Deo
1194 3984 1332 4045 insacri*

197 4075 290 4161 ficiis
300 4078 528 4158 Missurumque
544 4074 716 4148 solenim‘is,
728 4071 934 4141 orationibus,
948 4067 1137 4137 lriminoriiS,
1155 4083 1329 4148 pauperum

207 4179 243 4218 ac
265 4157 457 4219 clericorum
476 4157 644 4235 alimoniis,
667 4167 697 4217 et
715 4153 848 4217 cacteris
866 4149 989 4216 divinis
1006 4148 1161 4222 cultilius,
1180 4161 1271 4232 atquae
1289 4145 1332 4208 ita

244 4288 278 4358 i)
295 4287 377 4342 Certe
392 4287 501 4355 legend.
513 4287 612 4345 libare.
