2926 4986
220 280 294 360 738
609 293 896 352 caritutatuun

262 439 312 502 Di
332 437 380 500 tu
401 436 456 522 qui
475 431 619 496 'Sabbata
654 443 767 574 sancto,
789 433 928 494 Pascbae
956 432 1035 496 bora
1055 449 1138 491 nona
1157 431 1307 494 ieiunium

718 535 751 574 so
768 528 849 574 aaut.

345 561 359 590 β

300 622 487 689 CCLXXX.
530 619 669 696 Quidam
687 619 814 679 sabbato
831 630 942 682 sancto
958 619 997 679 ab
1018 618 1098 679 bora
1121 639 1208 680 nona
1225 619 1350 680 ieiuni-

216 729 272 774 um
291 709 433 779 solvunt,
461 701 617 764 conviviis
638 709 791 771 utuntur;
826 711 857 762 et
882 702 959 764 dum
980 702 1027 764 sol
1051 703 1118 782 ipse
1151 701 1263 762 eadem
1293 702 1348 764 die

215 791 357 856 tenebris
373 786 522 870 palliatus
542 783 664 843 lumina
677 783 876 861 subduxerit,
894 785 1026 865 ipsaque
1043 785 1205 844 elementa
1219 784 1350 846 turbata

214 872 404 940 moestitiam
420 867 519 929 totius
541 865 654 925 mundi
672 864 884 943 ostenderint,
903 866 952 926 illi
968 866 1128 926 ieiunium
1146 874 1252 925 tamen
1278 865 1348 927 diei

213 959 377 1043 polluunt,
398 949 565 1032 epulisque
587 947 774 1007 inserviunt
817 949 859 1008 Et
876 948 953 1029 quia
971 957 1073 1008 totum
1094 945 1235 1008 eundem
1260 948 1349 1008 diem

213 1036 404 1102 universalis
421 1031 564 1094 Ecclesia
587 1039 716 1110 propter
729 1029 912 1110 passionem·
926 1029 1056 1090 Domini
1084 1029 1118 1089 iu
1145 1049 1291 1090 moerore
1312 1039 1348 1090 ct

214 1117 407 1182 abstinentia
420 1113 553 1196 peragit,
568 1110 755 1194 quicunque
775 1111 808 1170 in
830 1133 868 1172 eo
884 1111 1054 1188 ieiunium,
1073 1119 1201 1191 praeter
1229 1133 1345 1193 parva.

212 1205 274 1280 los,
285 1221 389 1277 senes,
401 1206 433 1258 et
457 1195 636 1275 languidos,
653 1203 726 1252 ante
742 1203 886 1274 peractas
901 1193 1121 1274 indulgentiae
1140 1199 1251 1274 preces
1273 1215 1348 1276 per·

214 1281 361 1358 solverit,
381 1276 550 1363 iipaschali
566 1274 681 1356 gaudio
701 1275 897 1356 depellatur,
922 1296 983 1336 uec
1003 1277 1036 1334 in
1054 1295 1093 1334 eo
1109 1285 1347 1336 sacramentnm

214 1364 355 1448 eorporis
376 1371 408 1422 et
423 1357 586 1441 sanguinis
600 1356 729 1416 Domini
742 1355 908 1441 percipiat,
924 1358 981 1438 qui
1001 1357 1086 1418 diem
1100 1357 1257 1440 passionis
1276 1358 1348 1420 eius
1430 1381 1432 1388 ’

213 1443 513 1534 perabstineutiam
531 1459 593 1498 non
622 1439 767 1498 honorat.
1222 1499 1227 1508 ⁵

215 1557 265 1620 De
284 1551 468 1638 purgatione
491 1541 719 1612 Sacerdotem,
750 1543 886 1623 qualiter
904 1541 997 1624 facta
1016 1541 1123 1626 suerit
1146 1541 1345 1618 Wurmatia,

673 1623 810 1684 secunda
838 1627 911 1686 vrbe.

297 1710 496 1777 cccxxxi
540 1705 697 1768 Omnibus
718 1705 819 1781 vobis,
846 1716 911 1766 tam
938 1705 1159 1787 praesentibus
1187 1729 1284 1788 quam
1311 1718 1347 1770 et

213 1797 343 1872 futuris,
368 1794 449 1857 scire
469 1789 616 1872 cupimus
631 1787 707 1869 quia
722 1786 793 1848 ideo
812 1788 962 1849 consultu
976 1788 1068 1867 Sedis
1086 1790 1290 1870 apostolieae,
1310 1800 1346 1852 et

215 1879 359 1943 omnium
381 1884 563 1935 nostrorum
587 1871 819 1952 Episcoporum
837 1892 873 1930 ac
893 1869 1094 1951 reliquorum
1119 1872 1344 1950 sacerdotum,

214 1971 311 2044 atque
328 1957 464 2018 maxime
489 1959 680 2014 cunctorum
695 1951 840 2013 fidelium
858 1962 1050 2027 nostrorum,
1084 1951 1124 2012 de
1150 1954 1344 2036 purgatione

215 2043 457 2106 criminatorum
473 2033 680 2096 sacerdotum
695 2042 781 2094 tanta
795 2035 1010 2111 tractavimus,
1032 2054 1170 2114 eamque·
1188 2056 1262 2095 cum
1281 2047 1346 2098 tes·

210 2126 311 2201 tibus,
326 2125 408 2184 sicut
420 2119 452 2178 iu
470 2116 622 2176 anteriori
640 2115 815 2194 Capitulari
833 2126 941 2178 nostro
962 2115 1159 2194 continetur,
1190 2117 1259 2177 lieri
1282 2117 1347 2178 de-

215 2207 387 2280 crevimus,
410 2199 562 2294 quoniam
581 2197 799 2260 nesciebamus
814 2199 950 2260 eandem
966 2218 1091 2258 causam
1109 2199 1126 2257 ia
1148 2199 1241 2260 beato
1257 2201 1345 2260 Gre-

214 2287 307 2373 gorio
327 2289 414 2368 Papa
444 2303 511 2343 esse
541 2278 712 2340 definitum.
754 2281 832 2342 Nam
857 2302 931 2342 cum
955 2279 1129 2342 Warmatia
1156 2277 1346 2362 generalem

211 2379 414 2440 ,conventum
430 2361 660 2434 habuissemus,
680 2361 784 2422 adlata
800 2371 847 2422 est
868 2362 959 2422 uobis
976 2363 993 2420 d
1016 2361 1145 2424 Ricullo
1160 2363 1347 2444 Mogontia-

211 2452 306 2516 ‚censi
320 2445 569 2528 Metropolitano
586 2441 718 2524 epistola
738 2443 822 2504 beati
846 2441 993 2526 Gregorii
1011 2443 1126 2525 Papae,
1145 2444 1178 2503 in
1205 2467 1269 2526 qua
1289 2445 1346 2503 in-

211 2547 267 2601 ¹ter
286 2541 413 2594 caetera
430 2525 677 2589 continebantur
693 2523 792 2588 haec:
814 2527 861 2585 De
881 2525 1068 2600 Presbytero
1090 2546 1161 2586 vero
1189 2526 1237 2585 vel
1263 2547 1346 2608 quo-

216 2619 293 2678 libet
313 2609 484 2674 Sacerdote
500 2607 647 2690 &populo
670 2619 826 2678 accusato,
852 2609 881 2666 si
903 2610 981 2666 certi
1016 2628 1078 2666 non
1099 2603 1225 2685 fuerint
1251 2621 1348 2667 testes

239 2698 272 2758 ui
285 2696 411 2758 crimini
433 2692 531 2751 inlato
546 2709 608 2747 non
632 2685 807 2768 adprobent
825 2691 1009 2764 veritatem,
1042 2689 1259 2748 iusiurandum
1284 2691 1350 2749 erit
1447 2733 1448 2740 κ

217 2803 251 2841 ιη
266 2776 385 2848 medio,
401 2787 431 2835 et
447 2773 536 2834 illum
553 2783 659 2829 testem
680 2768 825 2852 proferat
848 2771 887 2829 de
904 2771 1099 2830 innocentiae
1118 2790 1192 2830 suae
1205 2773 1348 2855 paritate

217 2863 269 2925 eui
285 2857 373 2920 nuda
390 2869 423 2916 et
442 2865 550 2939 aperta
569 2863 640 2910 sunt
654 2853 776 2920 omnia;
797 2854 901 2934 sicque
921 2863 1044 2912 maneat
1068 2853 1102 2910 in
1118 2855 1251 2936 proprio
1275 2873 1351 2930 gra·

218 2945 272 3004 sla.
313 2941 376 3002 lsta
393 2958 469 2999 vero
490 2933 608 3009 omnia,
623 2930 699 3013 quia
713 2933 800 2994 vires
823 2943 944 2994 nostras
964 2933 1136 3010 excedunt,
1158 2934 1192 2992 iu
1223 2934 1348 2998 iudicio

216 3023 450 3106 Episcoporum
473 3018 562 3076 iuxta
588 3013 774 3074 canonicam
800 3016 997 3078 sanctionem
1029 3015 1214 3076 definienda
1239 3017 1348 3077 relin-

218 3106 365 3188 quimus,
384 3100 526 3175 utbaec,
544 3097 674 3179 quaudo
697 3108 764 3157 orta
788 3099 921 3174 fuerint,
952 3098 994 3156 ita
1026 3092 1161 3158 delinire
1190 3107 1345 3179 satagant,

219 3198 256 3249 ut
276 3208 337 3246 uec
357 3183 533 3246 secundum
548 3179 693 3240 seculum
712 3179 825 3239 iustam
845 3179 1140 3262 reprehensionem,
1154 3201 1223 3255 ¹uec
1242 3201 1345 3262 penes

217 3273 333 3343 Deum,
344 3267 432 3348 quod
447 3263 537 3339 absit,
552 3261 798 3338 damnationem,
813 3261 867 3322 sed
879 3271 1025 3321 aeternae
1040 3260 1258 3338 beatitudinis,
1274 3262 1344 3342 ipso

219 3350 393 3412 auxiliante
414 3348 469 3429 qui
492 3343 598 3405 omnia
618 3344 759 3404 infucata
778 3352 916 3424 praestat
933 3344 1072 3425 praemia
1093 3352 1348 3425 consequentum·

260 3459 309 3521 De
330 3468 415 3520 recto
436 3450 555 3514 iudicio
576 3451 614 3510 ab
636 3451 777 3510 omnibus
797 3447 978 3510 iudicando.
1018 3449 1061 3510 Et
1082 3450 1122 3510 dc
1144 3449 1249 3512 litibus
1270 3462 1302 3510 et

571 3531 819 3592 contentionibus
846 3531 1005 3592 cavendis.

300 3637 518 3706 CCLXXXll.
562 3636 682 3696 Omnes
710 3657 876 3698 monemus
891 3645 927 3695 ut
950 3636 1022 3698 lites
1044 3636 1096 3697 vel
1116 3639 1343 3701 contentiones

131 3747 134 3754 ’
220 3749 284 3790 nou
298 3734 385 3788 recte
404 3720 556 3782 iudicatas
574 3716 615 3777 ad
636 3717 808 3798 patientiae
825 3720 953 3778 culmen
979 3719 1157 3799 perducere
1178 3721 1342 3799 studeant,

217 3812 301 3875 sicut
315 3805 471 3869 Dominus
487 3811 595 3862 noster
610 3799 698 3860 lesus
719 3800 863 3860 Christus
880 3804 913 3863 iu
930 3799 1084 3861 mandatis
1110 3801 1175 3864 suis
1197 3823 1255 3864 nos
1282 3804 1343 3864 ad·
1360 3810 1367 3841 ³

218 3902 337 3964 monet,
355 3889 478 3949 dicens:
507 3889 591 3942 laste
608 3879 1018 3962 iudicate,filiibominum.
1061 3885 1118 3944 Et:
1139 3885 1180 3942 In
1199 3905 1342 3978 quocun-

216 3997 276 4057 que
302 3971 419 4032 iudicio
444 3964 675 4033 iudicaveritis,
711 3963 901 4024 iudiccbitur
931 3963 970 4022 de
996 3965 1096 4024 vobis.
1138 3966 1180 4026 Et
1202 3977 1340 4026 iterum:

215 4057 351 4118 Munera
368 4059 538 4112 excoecant
553 4045 659 4106 oculos
676 4046 873 4126 sapientium,
888 4059 918 4106 et
935 4045 1048 4108 tollunt
1060 4048 1157 4107 acrba
1175 4049 1341 4112 iustorum.

216 4137 282 4213 Qui
298 4132 467 4207 consentit,
489 4151 553 4190 non
570 4135 656 4187 recte
679 4126 808 4186 iudicat.
850 4127 903 4190 Sic
928 4128 1244 4210 docetpraeceptum
1270 4131 1340 4192 Do-

216 4214 315 4278 minis
338 4213 434 4298 Quod
450 4213 508 4274 tibi
522 4229 585 4270 non
603 4210 652 4268 ais
660 4207 756 4290 fieri,
780 4227 820 4267 ne
837 4207 955 4290 facias.
998 4211 1066 4274 Vae
1087 4211 1187 4286 vobis,
1212 4211 1340 4274 ludices
