<?xml version="1.0" encoding="UTF-8"?>
<!DOCTYPE html PUBLIC "-//W3C//DTD XHTML 1.0 Transitional//EN"
    "http://www.w3.org/TR/xhtml1/DTD/xhtml1-transitional.dtd">
<html xmlns="http://www.w3.org/1999/xhtml" xml:lang="en" lang="en">
 <head>
  <title>
</title>
<meta http-equiv="Content-Type" content="text/html;charset=utf-8" />
  <meta name='ocr-system' content='tesseract 3.04.00' />
  <meta name='ocr-capabilities' content='ocr_page ocr_carea ocr_par ocr_line ocrx_word'/>
</head>
<body>
  <div class='ocr_page' id='page_1' title='image "./corpusiurisgerm04visigoog_0177.png"; bbox 0 0 2926 4984; ppageno 0'>
   <div class='ocr_carea' id='block_1_1' title="bbox 222 265 969 351">
    <p class='ocr_par' dir='ltr' id='par_1_1' title="bbox 222 265 969 351">
     <span class='ocr_line' id='line_1_1' title="bbox 222 265 969 351; baseline 0.015 -14"><span class='ocrx_word' id='word_1_1' title='bbox 222 265 295 338; x_wconf 73' lang='lat'><strong>574</strong></span> <span class='ocrx_word' id='word_1_2' title='bbox 680 289 969 351; x_wconf 79' lang='lat' dir='ltr'><strong>cnrrrutatuuu</strong></span> 
     </span>
    </p>
   </div>
   <div class='ocr_carea' id='block_1_2' title="bbox 331 424 1239 516">
    <p class='ocr_par' dir='ltr' id='par_1_2' title="bbox 331 424 1239 516">
     <span class='ocr_line' id='line_1_2' title="bbox 331 424 1239 516; baseline 0.012 -32"><span class='ocrx_word' id='word_1_3' title='bbox 331 424 381 484; x_wconf 87' lang='lat' dir='ltr'><strong>De</strong></span> <span class='ocrx_word' id='word_1_4' title='bbox 399 443 435 485; x_wconf 87' lang='lat' dir='ltr'><strong>eo</strong></span> <span class='ocrx_word' id='word_1_5' title='bbox 457 426 513 510; x_wconf 80' lang='lat' dir='ltr'><strong>qui</strong></span> <span class='ocrx_word' id='word_1_6' title='bbox 538 438 649 488; x_wconf 85' lang='lat' dir='ltr'><strong>contra</strong></span> <span class='ocrx_word' id='word_1_7' title='bbox 673 445 768 516; x_wconf 83' lang='lat' dir='ltr'><strong>caput</strong></span> <span class='ocrx_word' id='word_1_8' title='bbox 788 433 919 494; x_wconf 86' lang='lat' dir='ltr'><strong>alterius</strong></span> <span class='ocrx_word' id='word_1_9' title='bbox 934 431 1026 514; x_wconf 79' lang='lat' dir='ltr'><strong>salsa</strong></span> <span class='ocrx_word' id='word_1_10' title='bbox 1047 437 1239 514; x_wconf 80' lang='lat' dir='ltr'><strong>suggesserit.</strong></span> 
     </span>
    </p>
   </div>
   <div class='ocr_carea' id='block_1_3' title="bbox 213 527 1352 952">
    <p class='ocr_par' dir='ltr' id='par_1_3' title="bbox 213 527 1352 952">
     <span class='ocr_line' id='line_1_3' title="bbox 301 527 1350 624; baseline 0.01 -32"><span class='ocrx_word' id='word_1_11' title='bbox 301 527 427 592; x_wconf 80' lang='lat' dir='ltr'><strong>CCCL.</strong></span> <span class='ocrx_word' id='word_1_12' title='bbox 470 530 595 612; x_wconf 89' lang='lat' dir='ltr'><strong>Siquis</strong></span> <span class='ocrx_word' id='word_1_13' title='bbox 623 545 734 594; x_wconf 89' lang='lat' dir='ltr'><strong>contra</strong></span> <span class='ocrx_word' id='word_1_14' title='bbox 754 548 850 620; x_wconf 88' lang='lat' dir='ltr'><strong>caput</strong></span> <span class='ocrx_word' id='word_1_15' title='bbox 876 539 1009 598; x_wconf 90' lang='lat' dir='ltr'><strong>alterius</strong></span> <span class='ocrx_word' id='word_1_16' title='bbox 1030 538 1108 598; x_wconf 86' lang='lat' dir='ltr'><strong>salsa</strong></span> <span class='ocrx_word' id='word_1_17' title='bbox 1131 541 1350 624; x_wconf 78' lang='lat' dir='ltr'><strong>suggesserit,</strong></span> 
     </span>
     <span class='ocr_line' id='line_1_4' title="bbox 215 612 1352 702; baseline 0.008 -26"><span class='ocrx_word' id='word_1_18' title='bbox 215 612 269 676; x_wconf 74' lang='lat' dir='ltr'><strong>vel</strong></span> <span class='ocrx_word' id='word_1_19' title='bbox 279 633 338 695; x_wconf 88' lang='lat' dir='ltr'><strong>pro</strong></span> <span class='ocrx_word' id='word_1_20' title='bbox 348 633 542 694; x_wconf 76' lang='lat' dir='ltr'><strong>tluacunquc</strong></span> <span class='ocrx_word' id='word_1_21' title='bbox 559 614 680 676; x_wconf 88' lang='lat' dir='ltr'><strong>invidia</strong></span> <span class='ocrx_word' id='word_1_22' title='bbox 696 631 751 681; x_wconf 89' lang='lat' dir='ltr'><strong>aut</strong></span> <span class='ocrx_word' id='word_1_23' title='bbox 762 620 1092 683; x_wconf 86' lang='lat' dir='ltr'><strong>iniustaaccusutioue</strong></span> <span class='ocrx_word' id='word_1_24' title='bbox 1110 621 1250 702; x_wconf 83' lang='lat' dir='ltr'>aliquem</span> <span class='ocrx_word' id='word_1_25' title='bbox 1266 648 1352 684; x_wconf 88' lang='lat' dir='ltr'><strong>com·</strong></span> 
     </span>
     <span class='ocr_line' id='line_1_5' title="bbox 215 695 1351 786; baseline 0.011 -35"><span class='ocrx_word' id='word_1_26' title='bbox 215 695 364 769; x_wconf 79' lang='lat' dir='ltr'><strong>moverit,</strong></span> <span class='ocrx_word' id='word_1_27' title='bbox 389 695 455 776; x_wconf 89' lang='lat' dir='ltr'><strong>ipse</strong></span> <span class='ocrx_word' id='word_1_28' title='bbox 474 717 611 777; x_wconf 89' lang='lat' dir='ltr'><strong>poenam</strong></span> <span class='ocrx_word' id='word_1_29' title='bbox 631 701 681 761; x_wconf 86' lang='lat' dir='ltr'><strong>vel</strong></span> <span class='ocrx_word' id='word_1_30' title='bbox 705 707 855 766; x_wconf 90' lang='lat' dir='ltr'><strong>damnum</strong></span> <span class='ocrx_word' id='word_1_31' title='bbox 872 705 958 786; x_wconf 88' lang='lat' dir='ltr'><strong>quod</strong></span> <span class='ocrx_word' id='word_1_32' title='bbox 976 703 1068 764; x_wconf 89' lang='lat' dir='ltr'><strong>alteri</strong></span> <span class='ocrx_word' id='word_1_33' title='bbox 1086 703 1244 784; x_wconf 90' lang='lat' dir='ltr'><strong>intulerit,</strong></span> <span class='ocrx_word' id='word_1_34' title='bbox 1266 708 1351 769; x_wconf 83' lang='lat' dir='ltr'><strong>exci-</strong></span> 
     </span>
     <span class='ocr_line' id='line_1_6' title="bbox 213 779 1351 870; baseline 0.011 -34"><span class='ocrx_word' id='word_1_35' title='bbox 213 779 290 863; x_wconf 83' lang='lat' dir='ltr'><strong>piat.</strong></span> <span class='ocrx_word' id='word_1_36' title='bbox 332 779 501 839; x_wconf 85' lang='lat' dir='ltr'><strong>Neminem</strong></span> <span class='ocrx_word' id='word_1_37' title='bbox 526 780 657 843; x_wconf 83' lang='lat' dir='ltr'>damnes</span> <span class='ocrx_word' id='word_1_38' title='bbox 682 797 854 868; x_wconf 87' lang='lat' dir='ltr'><strong>antequam</strong></span> <span class='ocrx_word' id='word_1_39' title='bbox 877 788 1021 869; x_wconf 88' lang='lat' dir='ltr'><strong>inquiras</strong></span> <span class='ocrx_word' id='word_1_40' title='bbox 1054 787 1240 857; x_wconf 78' lang='lat' dir='ltr'><strong>veritatem3</strong></span> <span class='ocrx_word' id='word_1_41' title='bbox 1274 790 1351 870; x_wconf 87' lang='lat' dir='ltr'><strong>quia</strong></span> 
     </span>
     <span class='ocr_line' id='line_1_7' title="bbox 213 861 1329 952; baseline 0.01 -33"><span class='ocrx_word' id='word_1_42' title='bbox 213 861 371 944; x_wconf 86' lang='lat' dir='ltr'><strong>scriptum</strong></span> <span class='ocrx_word' id='word_1_43' title='bbox 399 869 461 921; x_wconf 86' lang='lat' dir='ltr'><strong>est:</strong></span> <span class='ocrx_word' id='word_1_44' title='bbox 492 863 606 923; x_wconf 83' lang='lat' dir='ltr'><strong>Ouzru&#39;u</strong></span> <span class='ocrx_word' id='word_1_45' title='bbox 622 881 723 928; x_wconf 71' lang='lat' dir='ltr'><strong>aretem</strong></span> <span class='ocrx_word' id='word_1_46' title='bbox 736 871 888 952; x_wconf 82' lang='lat' dir='ltr'><strong>probate;</strong></span> <span class='ocrx_word' id='word_1_47' title='bbox 909 869 997 952; x_wconf 82' lang='lat' dir='ltr'><strong>quod</strong></span> <span class='ocrx_word' id='word_1_48' title='bbox 1012 869 1126 928; x_wconf 82' lang='lat' dir='ltr'><strong>bonum</strong></span> <span class='ocrx_word' id='word_1_49' title='bbox 1151 885 1198 930; x_wconf 87' lang='lat' dir='ltr'><strong>est</strong></span> <span class='ocrx_word' id='word_1_50' title='bbox 1217 885 1329 937; x_wconf 83' lang='lat' dir='ltr'><strong>tenete.</strong></span> 
     </span>
    </p>
   </div>
   <div class='ocr_carea' id='block_1_4' title="bbox 235 991 1332 1140">
    <p class='ocr_par' dir='ltr' id='par_1_4' title="bbox 235 991 1332 1140">
     <span class='ocr_line' id='line_1_8' title="bbox 235 991 1332 1076; baseline 0.009 -24"><span class='ocrx_word' id='word_1_51' title='bbox 235 991 285 1052; x_wconf 85' lang='lat' dir='ltr'><strong>Dc</strong></span> <span class='ocrx_word' id='word_1_52' title='bbox 311 1013 347 1053; x_wconf 87' lang='lat' dir='ltr'><strong>co</strong></span> <span class='ocrx_word' id='word_1_53' title='bbox 369 992 424 1075; x_wconf 78' lang='lat' dir='ltr'><strong>qui</strong></span> <span class='ocrx_word' id='word_1_54' title='bbox 442 1013 503 1076; x_wconf 80' lang='lat' dir='ltr'><strong>per</strong></span> <span class='ocrx_word' id='word_1_55' title='bbox 524 993 675 1054; x_wconf 79' lang='lat' dir='ltr'><strong>iuvidiam</strong></span> <span class='ocrx_word' id='word_1_56' title='bbox 695 999 749 1058; x_wconf 78' lang='lat' dir='ltr'><strong>vel</strong></span> <span class='ocrx_word' id='word_1_57' title='bbox 773 998 882 1058; x_wconf 82' lang='lat' dir='ltr'><strong>dolum</strong></span> <span class='ocrx_word' id='word_1_58' title='bbox 907 1000 1002 1060; x_wconf 80' lang='lat' dir='ltr'><strong>liberi</strong></span> <span class='ocrx_word' id='word_1_59' title='bbox 1027 1000 1081 1059; x_wconf 84' lang='lat' dir='ltr'><strong>vel</strong></span> <span class='ocrx_word' id='word_1_60' title='bbox 1100 1001 1183 1060; x_wconf 83' lang='lat' dir='ltr'><strong>servi</strong></span> <span class='ocrx_word' id='word_1_61' title='bbox 1202 1000 1332 1062; x_wconf 87' lang='lat' dir='ltr'><strong>domum</strong></span> 
     </span>
     <span class='ocr_line' id='line_1_9' title="bbox 636 1081 876 1140; baseline 0.008 -2"><span class='ocrx_word' id='word_1_62' title='bbox 636 1109 640 1114; x_wconf 94' lang='lat'>·</span> <span class='ocrx_word' id='word_1_63' title='bbox 690 1081 876 1140; x_wconf 85' lang='lat' dir='ltr'><strong>incenderit.</strong></span> 
     </span>
    </p>
   </div>
   <div class='ocr_carea' id='block_1_5' title="bbox 211 1175 1349 1518">
    <p class='ocr_par' dir='ltr' id='par_1_5' title="bbox 211 1175 1349 1518">
     <span class='ocr_line' id='line_1_10' title="bbox 298 1175 1349 1268; baseline 0.01 -28"><span class='ocrx_word' id='word_1_64' title='bbox 298 1175 442 1246; x_wconf 81' lang='lat' dir='ltr'><strong>CCCLl.</strong></span> <span class='ocrx_word' id='word_1_65' title='bbox 496 1183 530 1244; x_wconf 91' lang='lat' dir='ltr'><strong>Si</strong></span> <span class='ocrx_word' id='word_1_66' title='bbox 545 1185 616 1266; x_wconf 84' lang='lat' dir='ltr'><strong>quis</strong></span> <span class='ocrx_word' id='word_1_67' title='bbox 631 1206 688 1268; x_wconf 88' lang='lat' dir='ltr'><strong>per</strong></span> <span class='ocrx_word' id='word_1_68' title='bbox 700 1187 840 1268; x_wconf 80' lang='lat' dir='ltr'>aliquam</span> <span class='ocrx_word' id='word_1_69' title='bbox 856 1187 1012 1248; x_wconf 88' lang='lat' dir='ltr'><strong>invidiam</strong></span> <span class='ocrx_word' id='word_1_70' title='bbox 1024 1188 1076 1248; x_wconf 87' lang='lat' dir='ltr'><strong>vel</strong></span> <span class='ocrx_word' id='word_1_71' title='bbox 1096 1189 1207 1249; x_wconf 88' lang='lat' dir='ltr'><strong>dolum</strong></span> <span class='ocrx_word' id='word_1_72' title='bbox 1225 1187 1259 1249; x_wconf 88' lang='lat' dir='ltr'><strong>in</strong></span> <span class='ocrx_word' id='word_1_73' title='bbox 1274 1211 1349 1251; x_wconf 89' lang='lat' dir='ltr'><strong>noc-</strong></span> 
     </span>
     <span class='ocr_line' id='line_1_11' title="bbox 212 1261 1348 1350; baseline 0.009 -28"><span class='ocrx_word' id='word_1_74' title='bbox 212 1265 244 1322; x_wconf 78' lang='lat' dir='ltr'><strong>te</strong></span> <span class='ocrx_word' id='word_1_75' title='bbox 267 1261 321 1323; x_wconf 85' lang='lat' dir='ltr'><strong>vel</strong></span> <span class='ocrx_word' id='word_1_76' title='bbox 340 1261 372 1320; x_wconf 90' lang='lat' dir='ltr'><strong>in</strong></span> <span class='ocrx_word' id='word_1_77' title='bbox 393 1263 444 1324; x_wconf 89' lang='lat' dir='ltr'><strong>die</strong></span> <span class='ocrx_word' id='word_1_78' title='bbox 463 1267 570 1346; x_wconf 83' lang='lat' dir='ltr'><strong>iguem</strong></span> <span class='ocrx_word' id='word_1_79' title='bbox 592 1267 789 1350; x_wconf 72' lang='lat' dir='ltr'><strong>imposuerit,</strong></span> <span class='ocrx_word' id='word_1_80' title='bbox 813 1280 844 1329; x_wconf 89' lang='lat' dir='ltr'><strong>et</strong></span> <span class='ocrx_word' id='word_1_81' title='bbox 869 1270 1053 1331; x_wconf 90' lang='lat' dir='ltr'><strong>incenderit</strong></span> <span class='ocrx_word' id='word_1_82' title='bbox 1072 1272 1167 1332; x_wconf 87' lang='lat' dir='ltr'><strong>liberi</strong></span> <span class='ocrx_word' id='word_1_83' title='bbox 1187 1273 1241 1332; x_wconf 89' lang='lat' dir='ltr'><strong>vel</strong></span> <span class='ocrx_word' id='word_1_84' title='bbox 1263 1274 1348 1335; x_wconf 88' lang='lat' dir='ltr'><strong>servi</strong></span> 
     </span>
     <span class='ocr_line' id='line_1_12' title="bbox 213 1345 1348 1434; baseline 0.006 -29"><span class='ocrx_word' id='word_1_85' title='bbox 213 1345 355 1420; x_wconf 90' lang='lat' dir='ltr'><strong>domum,</strong></span> <span class='ocrx_word' id='word_1_86' title='bbox 379 1347 485 1407; x_wconf 91' lang='lat' dir='ltr'><strong>omnia</strong></span> <span class='ocrx_word' id='word_1_87' title='bbox 500 1350 645 1410; x_wconf 83' lang='lat' dir='ltr'><strong>aedificia</strong></span> <span class='ocrx_word' id='word_1_88' title='bbox 664 1352 823 1427; x_wconf 86' lang='lat' dir='ltr'><strong>restituat,</strong></span> <span class='ocrx_word' id='word_1_89' title='bbox 847 1362 879 1412; x_wconf 93' lang='lat' dir='ltr'><strong>et</strong></span> <span class='ocrx_word' id='word_1_90' title='bbox 893 1353 1051 1434; x_wconf 88' lang='lat' dir='ltr'><strong>quicquid</strong></span> <span class='ocrx_word' id='word_1_91' title='bbox 1072 1354 1114 1413; x_wconf 90' lang='lat' dir='ltr'><strong>ibi</strong></span> <span class='ocrx_word' id='word_1_92' title='bbox 1131 1355 1247 1415; x_wconf 84' lang='lat' dir='ltr'><strong>arserit</strong></span> <span class='ocrx_word' id='word_1_93' title='bbox 1265 1375 1348 1414; x_wconf 90' lang='lat' dir='ltr'><strong>com·</strong></span> 
     </span>
     <span class='ocr_line' id='line_1_13' title="bbox 211 1430 1347 1518; baseline 0.011 -35"><span class='ocrx_word' id='word_1_94' title='bbox 211 1436 322 1509; x_wconf 90' lang='lat' dir='ltr'><strong>ponat,</strong></span> <span class='ocrx_word' id='word_1_95' title='bbox 346 1437 379 1487; x_wconf 92' lang='lat' dir='ltr'><strong>et</strong></span> <span class='ocrx_word' id='word_1_96' title='bbox 398 1430 531 1513; x_wconf 85' lang='lat' dir='ltr'><strong>insuper</strong></span> <span class='ocrx_word' id='word_1_97' title='bbox 555 1432 719 1514; x_wconf 76' lang='lat' dir='ltr'><strong>sexaginta</strong></span> <span class='ocrx_word' id='word_1_98' title='bbox 743 1435 854 1495; x_wconf 88' lang='lat' dir='ltr'><strong>solidis</strong></span> <span class='ocrx_word' id='word_1_99' title='bbox 879 1437 920 1496; x_wconf 87' lang='lat' dir='ltr'><strong>sit</strong></span> <span class='ocrx_word' id='word_1_100' title='bbox 948 1435 1134 1514; x_wconf 84' lang='lat' dir='ltr'><strong>culpabilis,</strong></span> <span class='ocrx_word' id='word_1_101' title='bbox 1157 1445 1190 1496; x_wconf 92' lang='lat' dir='ltr'><strong>et</strong></span> <span class='ocrx_word' id='word_1_102' title='bbox 1217 1437 1347 1518; x_wconf 88' lang='lat' dir='ltr'><strong>publica</strong></span> 
     </span>
    </p>
   </div>
   <div class='ocr_carea' id='block_1_6' title="bbox 210 1509 1439 1590">
    <p class='ocr_par' dir='ltr' id='par_1_6' title="bbox 210 1509 1439 1590">
     <span class='ocr_line' id='line_1_14' title="bbox 210 1509 1439 1590; baseline 0.009 -22"><span class='ocrx_word' id='word_1_103' title='bbox 210 1509 415 1590; x_wconf 87' lang='lat' dir='ltr'><strong>poenitentia</strong></span> <span class='ocrx_word' id='word_1_104' title='bbox 445 1515 624 1576; x_wconf 82' lang='lat' dir='ltr'><strong>secundum</strong></span> <span class='ocrx_word' id='word_1_105' title='bbox 653 1516 809 1576; x_wconf 89' lang='lat' dir='ltr'><strong>iudicium</strong></span> <span class='ocrx_word' id='word_1_106' title='bbox 836 1518 1045 1578; x_wconf 84' lang='lat' dir='ltr'><strong>Sacertlotum</strong></span> <span class='ocrx_word' id='word_1_107' title='bbox 1078 1520 1244 1580; x_wconf 88' lang='lat' dir='ltr'><strong>multetur.</strong></span> <span class='ocrx_word' id='word_1_108' title='bbox 1307 1521 1348 1579; x_wconf 91' lang='lat' dir='ltr'><strong>Et</strong></span> <span class='ocrx_word' id='word_1_109' title='bbox 1438 1547 1439 1560; x_wconf 53' lang='lat'>¹</span> 
     </span>
    </p>
   </div>
   <div class='ocr_carea' id='block_1_7' title="bbox 211 1591 1346 1764">
    <p class='ocr_par' dir='ltr' id='par_1_7' title="bbox 211 1591 1346 1764">
     <span class='ocr_line' id='line_1_15' title="bbox 211 1591 1346 1682; baseline 0.01 -34"><span class='ocrx_word' id='word_1_110' title='bbox 211 1591 326 1672; x_wconf 90' lang='lat' dir='ltr'><strong>quanti</strong></span> <span class='ocrx_word' id='word_1_111' title='bbox 345 1591 493 1656; x_wconf 88' lang='lat' dir='ltr'><strong>homines</strong></span> <span class='ocrx_word' id='word_1_112' title='bbox 508 1599 546 1658; x_wconf 86' lang='lat' dir='ltr'><strong>de</strong></span> <span class='ocrx_word' id='word_1_113' title='bbox 567 1597 636 1680; x_wconf 92' lang='lat' dir='ltr'><strong>ipso</strong></span> <span class='ocrx_word' id='word_1_114' title='bbox 661 1598 813 1660; x_wconf 90' lang='lat' dir='ltr'><strong>inccndio</strong></span> <span class='ocrx_word' id='word_1_115' title='bbox 835 1601 1005 1677; x_wconf 87' lang='lat' dir='ltr'><strong>evaserint,</strong></span> <span class='ocrx_word' id='word_1_116' title='bbox 1028 1599 1207 1682; x_wconf 89' lang='lat' dir='ltr'><strong>unicuique</strong></span> <span class='ocrx_word' id='word_1_117' title='bbox 1229 1622 1346 1662; x_wconf 89' lang='lat' dir='ltr'><strong>seeun-</strong></span> 
     </span>
     <span class='ocr_line' id='line_1_16' title="bbox 211 1673 1346 1764; baseline 0.009 -31"><span class='ocrx_word' id='word_1_118' title='bbox 211 1673 289 1733; x_wconf 91' lang='lat' dir='ltr'><strong>dum</strong></span> <span class='ocrx_word' id='word_1_119' title='bbox 300 1673 405 1754; x_wconf 82' lang='lat' dir='ltr'><strong>legem</strong></span> <span class='ocrx_word' id='word_1_120' title='bbox 420 1689 602 1760; x_wconf 85' lang='lat' dir='ltr'><strong>componat,</strong></span> <span class='ocrx_word' id='word_1_121' title='bbox 625 1690 657 1741; x_wconf 91' lang='lat' dir='ltr'><strong>et</strong></span> <span class='ocrx_word' id='word_1_122' title='bbox 676 1683 783 1741; x_wconf 89' lang='lat' dir='ltr'><strong>omnia</strong></span> <span class='ocrx_word' id='word_1_123' title='bbox 805 1704 888 1763; x_wconf 89' lang='lat' dir='ltr'><strong>quae</strong></span> <span class='ocrx_word' id='word_1_124' title='bbox 909 1683 952 1742; x_wconf 89' lang='lat' dir='ltr'><strong>ihi</strong></span> <span class='ocrx_word' id='word_1_125' title='bbox 971 1682 1174 1764; x_wconf 83' lang='lat' dir='ltr'><strong>perdiderint</strong></span> <span class='ocrx_word' id='word_1_126' title='bbox 1189 1684 1346 1744; x_wconf 88' lang='lat' dir='ltr'><strong>restituat.</strong></span> 
     </span>
    </p>
   </div>
   <div class='ocr_carea' id='block_1_8' title="bbox 216 1776 1345 1953">
    <p class='ocr_par' dir='ltr' id='par_1_8' title="bbox 216 1776 1345 1953">
     <span class='ocr_line' id='line_1_17' title="bbox 216 1776 1345 1862; baseline 0.011 -23"><span class='ocrx_word' id='word_1_127' title='bbox 216 1776 258 1839; x_wconf 87' lang='lat' dir='ltr'><strong>Ut</strong></span> <span class='ocrx_word' id='word_1_128' title='bbox 273 1780 301 1838; x_wconf 89' lang='lat' dir='ltr'><strong>si</strong></span> <span class='ocrx_word' id='word_1_129' title='bbox 318 1783 389 1862; x_wconf 83' lang='lat' dir='ltr'><strong>quis</strong></span> <span class='ocrx_word' id='word_1_130' title='bbox 413 1805 539 1844; x_wconf 85' lang='lat' dir='ltr'><strong>servum</strong></span> <span class='ocrx_word' id='word_1_131' title='bbox 559 1787 672 1845; x_wconf 85' lang='lat' dir='ltr'><strong>iniuste</strong></span> <span class='ocrx_word' id='word_1_132' title='bbox 701 1790 896 1846; x_wconf 80' lang='lat' dir='ltr'><strong>accusaverit</strong></span> <span class='ocrx_word' id='word_1_133' title='bbox 921 1789 1070 1859; x_wconf 85' lang='lat' dir='ltr'><strong>ulr&#39;rnum,</strong></span> <span class='ocrx_word' id='word_1_134' title='bbox 1095 1787 1224 1851; x_wconf 85' lang='lat' dir='ltr'><strong>donu&#39;rto</strong></span> <span class='ocrx_word' id='word_1_135' title='bbox 1243 1791 1345 1851; x_wconf 85' lang='lat' dir='ltr'><strong>simile</strong></span> 
     </span>
     <span class='ocr_line' id='line_1_18' title="bbox 485 1869 1073 1953; baseline 0.007 -28"><span class='ocrx_word' id='word_1_136' title='bbox 485 1870 675 1950; x_wconf 78' lang='lat' dir='ltr'><strong>rrzaucipium</strong></span> <span class='ocrx_word' id='word_1_137' title='bbox 694 1892 754 1953; x_wconf 84' lang='lat' dir='ltr'><strong>pro</strong></span> <span class='ocrx_word' id='word_1_138' title='bbox 771 1873 828 1929; x_wconf 84' lang='lat' dir='ltr'><strong>lroc</strong></span> <span class='ocrx_word' id='word_1_139' title='bbox 837 1870 929 1950; x_wconf 81' lang='lat' dir='ltr'><strong>sacto</strong></span> <span class='ocrx_word' id='word_1_140' title='bbox 949 1869 1073 1934; x_wconf 77' lang='lat' dir='ltr'><strong>reddat.</strong></span> 
     </span>
    </p>
   </div>
   <div class='ocr_carea' id='block_1_9' title="bbox 208 1971 1345 2367">
    <p class='ocr_par' dir='ltr' id='par_1_9' title="bbox 208 1971 1345 2367">
     <span class='ocr_line' id='line_1_19' title="bbox 291 1971 1343 2056; baseline 0.006 -23"><span class='ocrx_word' id='word_1_141' title='bbox 291 1971 450 2034; x_wconf 84' lang='lat' dir='ltr'><strong>CCCLII.</strong></span> <span class='ocrx_word' id='word_1_142' title='bbox 503 1973 536 2032; x_wconf 89' lang='lat' dir='ltr'><strong>Si</strong></span> <span class='ocrx_word' id='word_1_143' title='bbox 558 1973 630 2054; x_wconf 89' lang='lat' dir='ltr'><strong>quis</strong></span> <span class='ocrx_word' id='word_1_144' title='bbox 656 1997 786 2034; x_wconf 87' lang='lat' dir='ltr'><strong>servum</strong></span> <span class='ocrx_word' id='word_1_145' title='bbox 812 1974 929 2035; x_wconf 87' lang='lat' dir='ltr'><strong>iniuste</strong></span> <span class='ocrx_word' id='word_1_146' title='bbox 954 1976 1153 2036; x_wconf 83' lang='lat' dir='ltr'><strong>accusaverit</strong></span> <span class='ocrx_word' id='word_1_147' title='bbox 1177 1979 1343 2056; x_wconf 89' lang='lat' dir='ltr'><strong>alienum,</strong></span> 
     </span>
     <span class='ocr_line' id='line_1_20' title="bbox 209 2056 1345 2144; baseline 0 -25"><span class='ocrx_word' id='word_1_148' title='bbox 209 2065 243 2120; x_wconf 86' lang='lat' dir='ltr'><strong>et</strong></span> <span class='ocrx_word' id='word_1_149' title='bbox 267 2056 461 2115; x_wconf 87' lang='lat' dir='ltr'><strong>innocenter</strong></span> <span class='ocrx_word' id='word_1_150' title='bbox 479 2064 637 2115; x_wconf 87' lang='lat' dir='ltr'><strong>tormenta</strong></span> <span class='ocrx_word' id='word_1_151' title='bbox 660 2057 841 2136; x_wconf 78' lang='lat' dir='ltr'><strong>pertulerit,</strong></span> <span class='ocrx_word' id='word_1_152' title='bbox 865 2056 994 2119; x_wconf 89' lang='lat' dir='ltr'><strong>domino</strong></span> <span class='ocrx_word' id='word_1_153' title='bbox 1016 2058 1120 2119; x_wconf 89' lang='lat' dir='ltr'><strong>simile</strong></span> <span class='ocrx_word' id='word_1_154' title='bbox 1147 2063 1345 2144; x_wconf 87' lang='lat' dir='ltr'><strong>mancipium</strong></span> 
     </span>
     <span class='ocr_line' id='line_1_21' title="bbox 208 2138 1343 2223; baseline 0.003 -24"><span class='ocrx_word' id='word_1_155' title='bbox 208 2163 267 2223; x_wconf 93' lang='lat' dir='ltr'><strong>pro</strong></span> <span class='ocrx_word' id='word_1_156' title='bbox 293 2139 356 2198; x_wconf 89' lang='lat' dir='ltr'><strong>hoc</strong></span> <span class='ocrx_word' id='word_1_157' title='bbox 379 2139 463 2198; x_wconf 89' lang='lat' dir='ltr'><strong>facto</strong></span> <span class='ocrx_word' id='word_1_158' title='bbox 487 2138 610 2201; x_wconf 81' lang='lat' dir='ltr'><strong>reddat.</strong></span> <span class='ocrx_word' id='word_1_159' title='bbox 654 2140 687 2199; x_wconf 85' lang='lat' dir='ltr'><strong>Si</strong></span> <span class='ocrx_word' id='word_1_160' title='bbox 714 2162 792 2199; x_wconf 88' lang='lat' dir='ltr'><strong>vero</strong></span> <span class='ocrx_word' id='word_1_161' title='bbox 817 2140 974 2201; x_wconf 87' lang='lat' dir='ltr'><strong>innocens</strong></span> <span class='ocrx_word' id='word_1_162' title='bbox 1001 2142 1033 2200; x_wconf 94' lang='lat' dir='ltr'><strong>in</strong></span> <span class='ocrx_word' id='word_1_163' title='bbox 1051 2150 1228 2218; x_wconf 38' lang='lat' dir='ltr'><strong>,tormento</strong></span> <span class='ocrx_word' id='word_1_164' title='bbox 1257 2165 1343 2202; x_wconf 89' lang='lat' dir='ltr'><strong>mor-</strong></span> 
     </span>
     <span class='ocr_line' id='line_1_22' title="bbox 208 2219 1343 2299; baseline 0.003 -17"><span class='ocrx_word' id='word_1_165' title='bbox 208 2233 284 2282; x_wconf 91' lang='lat' dir='ltr'><strong>tuus</strong></span> <span class='ocrx_word' id='word_1_166' title='bbox 311 2219 421 2299; x_wconf 86' lang='lat' dir='ltr'><strong>fuerit,</strong></span> <span class='ocrx_word' id='word_1_167' title='bbox 445 2221 524 2281; x_wconf 92' lang='lat' dir='ltr'><strong>duos</strong></span> <span class='ocrx_word' id='word_1_168' title='bbox 543 2240 652 2281; x_wconf 84' lang='lat' dir='ltr'><strong>servos</strong></span> <span class='ocrx_word' id='word_1_169' title='bbox 669 2222 812 2282; x_wconf 87' lang='lat' dir='ltr'><strong>eiusdem</strong></span> <span class='ocrx_word' id='word_1_170' title='bbox 828 2225 933 2284; x_wconf 87' lang='lat' dir='ltr'><strong>meriti</strong></span> <span class='ocrx_word' id='word_1_171' title='bbox 953 2224 1023 2284; x_wconf 88' lang='lat' dir='ltr'><strong>sine</strong></span> <span class='ocrx_word' id='word_1_172' title='bbox 1041 2223 1194 2285; x_wconf 87' lang='lat' dir='ltr'><strong>dilatione</strong></span> <span class='ocrx_word' id='word_1_173' title='bbox 1212 2225 1343 2286; x_wconf 89' lang='lat' dir='ltr'><strong>domiuo</strong></span> 
     </span>
     <span class='ocr_line' id='line_1_23' title="bbox 208 2305 1104 2367; baseline 0 0"><span class='ocrx_word' id='word_1_174' title='bbox 208 2305 367 2367; x_wconf 86' lang='lat' dir='ltr'><strong>restituat.</strong></span> <span class='ocrx_word' id='word_1_175' title='bbox 1101 2307 1104 2314; x_wconf 55' lang='lat'><strong>⁴</strong></span> 
     </span>
    </p>
   </div>
   <div class='ocr_carea' id='block_1_10' title="bbox 643 2409 908 2494">
    <p class='ocr_par' dir='ltr' id='par_1_10' title="bbox 643 2409 908 2494">
     <span class='ocr_line' id='line_1_24' title="bbox 643 2409 908 2494; baseline 0.011 -26"><span class='ocrx_word' id='word_1_176' title='bbox 643 2409 690 2468; x_wconf 85' lang='lat' dir='ltr'><strong>Dc</strong></span> <span class='ocrx_word' id='word_1_177' title='bbox 706 2411 759 2468; x_wconf 81' lang='lat' dir='ltr'><strong>via</strong></span> <span class='ocrx_word' id='word_1_178' title='bbox 770 2411 908 2494; x_wconf 84' lang='lat' dir='ltr'><strong>publica.</strong></span> 
     </span>
    </p>
   </div>
   <div class='ocr_carea' id='block_1_11' title="bbox 161 2513 1343 2850">
    <p class='ocr_par' dir='ltr' id='par_1_11' title="bbox 161 2513 1343 2850">
     <span class='ocr_line' id='line_1_25' title="bbox 291 2513 1342 2596; baseline 0.002 -16"><span class='ocrx_word' id='word_1_179' title='bbox 291 2513 466 2580; x_wconf 79' lang='lat' dir='ltr'><strong>CCCLIII.</strong></span> <span class='ocrx_word' id='word_1_180' title='bbox 508 2513 542 2574; x_wconf 91' lang='lat' dir='ltr'><strong>Si</strong></span> <span class='ocrx_word' id='word_1_181' title='bbox 565 2513 637 2596; x_wconf 90' lang='lat' dir='ltr'><strong>quis</strong></span> <span class='ocrx_word' id='word_1_182' title='bbox 664 2515 746 2575; x_wconf 90' lang='lat' dir='ltr'><strong>viam</strong></span> <span class='ocrx_word' id='word_1_183' title='bbox 763 2516 926 2596; x_wconf 89' lang='lat' dir='ltr'><strong>publicam</strong></span> <span class='ocrx_word' id='word_1_184' title='bbox 944 2527 1000 2578; x_wconf 89' lang='lat' dir='ltr'><strong>aut</strong></span> <span class='ocrx_word' id='word_1_185' title='bbox 1016 2517 1209 2580; x_wconf 84' lang='lat' dir='ltr'><strong>litostratum</strong></span> <span class='ocrx_word' id='word_1_186' title='bbox 1222 2521 1276 2583; x_wconf 86' lang='lat' dir='ltr'><strong>vel</strong></span> <span class='ocrx_word' id='word_1_187' title='bbox 1291 2521 1342 2584; x_wconf 83' lang='lat' dir='ltr'><strong>vi·</strong></span> 
     </span>
     <span class='ocr_line' id='line_1_26' title="bbox 161 2597 1342 2686; baseline 0.003 -24"><span class='ocrx_word' id='word_1_188' title='bbox 161 2661 163 2670; x_wconf 84' lang='lat'>.</span> <span class='ocrx_word' id='word_1_189' title='bbox 208 2624 260 2662; x_wconf 91' lang='lat' dir='ltr'><strong>am</strong></span> <span class='ocrx_word' id='word_1_190' title='bbox 278 2619 483 2662; x_wconf 91' lang='lat' dir='ltr'><strong>communem</strong></span> <span class='ocrx_word' id='word_1_191' title='bbox 502 2599 598 2656; x_wconf 90' lang='lat' dir='ltr'><strong>alicui</strong></span> <span class='ocrx_word' id='word_1_192' title='bbox 625 2597 778 2658; x_wconf 82' lang='lat' dir='ltr'><strong>clauserit</strong></span> <span class='ocrx_word' id='word_1_193' title='bbox 799 2610 912 2660; x_wconf 89' lang='lat' dir='ltr'><strong>contra</strong></span> <span class='ocrx_word' id='word_1_194' title='bbox 939 2600 1062 2682; x_wconf 76' lang='lat' dir='ltr'><strong>legem,</strong></span> <span class='ocrx_word' id='word_1_195' title='bbox 1092 2603 1165 2662; x_wconf 80' lang='lat' dir='ltr'><strong>cuni</strong></span> <span class='ocrx_word' id='word_1_196' title='bbox 1189 2627 1245 2662; x_wconf 87' lang='lat' dir='ltr'><strong>sua</strong></span> <span class='ocrx_word' id='word_1_197' title='bbox 1270 2607 1342 2686; x_wconf 83' lang='lat' dir='ltr'><strong>lege</strong></span> 
     </span>
     <span class='ocr_line' id='line_1_27' title="bbox 207 2680 1343 2766; baseline 0.003 -21"><span class='ocrx_word' id='word_1_198' title='bbox 207 2693 390 2766; x_wconf 88' lang='lat' dir='ltr'><strong>componat,</strong></span> <span class='ocrx_word' id='word_1_199' title='bbox 423 2690 453 2741; x_wconf 89' lang='lat' dir='ltr'><strong>et</strong></span> <span class='ocrx_word' id='word_1_200' title='bbox 479 2680 660 2740; x_wconf 88' lang='lat' dir='ltr'><strong>clausuram</strong></span> <span class='ocrx_word' id='word_1_201' title='bbox 683 2701 780 2760; x_wconf 89' lang='lat' dir='ltr'><strong>quam</strong></span> <span class='ocrx_word' id='word_1_202' title='bbox 804 2681 847 2740; x_wconf 92' lang='lat' dir='ltr'><strong>ibi</strong></span> <span class='ocrx_word' id='word_1_203' title='bbox 870 2682 948 2742; x_wconf 87' lang='lat' dir='ltr'><strong>fecit</strong></span> <span class='ocrx_word' id='word_1_204' title='bbox 970 2684 1071 2744; x_wconf 84' lang='lat' dir='ltr'><strong>tollat.</strong></span> <span class='ocrx_word' id='word_1_205' title='bbox 1115 2686 1212 2762; x_wconf 88' lang='lat' dir='ltr'><strong>Quod</strong></span> <span class='ocrx_word' id='word_1_206' title='bbox 1233 2687 1259 2747; x_wconf 88' lang='lat' dir='ltr'><strong>si</strong></span> <span class='ocrx_word' id='word_1_207' title='bbox 1282 2709 1343 2748; x_wconf 87' lang='lat' dir='ltr'><strong>ne-</strong></span> 
     </span>
     <span class='ocr_line' id='line_1_28' title="bbox 206 2764 1155 2850; baseline 0.002 -24"><span class='ocrx_word' id='word_1_208' title='bbox 206 2789 281 2850; x_wconf 82' lang='lat' dir='ltr'><strong>gare</strong></span> <span class='ocrx_word' id='word_1_209' title='bbox 298 2765 456 2841; x_wconf 72' lang='lat' dir='ltr'><strong>voluerit,</strong></span> <span class='ocrx_word' id='word_1_210' title='bbox 478 2784 553 2824; x_wconf 91' lang='lat' dir='ltr'><strong>cum</strong></span> <span class='ocrx_word' id='word_1_211' title='bbox 569 2764 741 2824; x_wconf 87' lang='lat' dir='ltr'><strong>duodecim</strong></span> <span class='ocrx_word' id='word_1_212' title='bbox 758 2765 1039 2826; x_wconf 85' lang='lat' dir='ltr'><strong>sacramentalibus</strong></span> <span class='ocrx_word' id='word_1_213' title='bbox 1061 2767 1155 2833; x_wconf 88' lang='lat' dir='ltr'><strong>iuret.</strong></span> 
     </span>
    </p>
   </div>
   <div class='ocr_carea' id='block_1_12' title="bbox 598 2870 940 2930">
    <p class='ocr_par' dir='ltr' id='par_1_12' title="bbox 598 2870 940 2930">
     <span class='ocr_line' id='line_1_29' title="bbox 598 2870 940 2930; baseline 0.009 -4"><span class='ocrx_word' id='word_1_214' title='bbox 598 2870 646 2927; x_wconf 88' lang='lat' dir='ltr'><strong>De</strong></span> <span class='ocrx_word' id='word_1_215' title='bbox 671 2871 727 2928; x_wconf 80' lang='lat' dir='ltr'><strong>viu</strong></span> <span class='ocrx_word' id='word_1_216' title='bbox 744 2871 940 2930; x_wconf 78' lang='lat' dir='ltr'><strong>convicinali.</strong></span> 
     </span>
    </p>
   </div>
   <div class='ocr_carea' id='block_1_13' title="bbox 204 2973 1342 3205">
    <p class='ocr_par' dir='ltr' id='par_1_13' title="bbox 204 2973 1342 3205">
     <span class='ocr_line' id='line_1_30' title="bbox 289 2973 1341 3060; baseline 0.002 -19"><span class='ocrx_word' id='word_1_217' title='bbox 289 2973 466 3046; x_wconf 73' lang='lat' dir='ltr'><strong>CCCtht.</strong></span> <span class='ocrx_word' id='word_1_218' title='bbox 510 2976 544 3036; x_wconf 90' lang='lat' dir='ltr'><strong>Si</strong></span> <span class='ocrx_word' id='word_1_219' title='bbox 579 2973 652 3056; x_wconf 89' lang='lat' dir='ltr'><strong>quis</strong></span> <span class='ocrx_word' id='word_1_220' title='bbox 682 2974 767 3035; x_wconf 86' lang='lat' dir='ltr'><strong>viam</strong></span> <span class='ocrx_word' id='word_1_221' title='bbox 796 2975 1033 3036; x_wconf 87' lang='lat' dir='ltr'><strong>convicinalem</strong></span> <span class='ocrx_word' id='word_1_222' title='bbox 1069 2977 1120 3038; x_wconf 88' lang='lat' dir='ltr'><strong>vel</strong></span> <span class='ocrx_word' id='word_1_223' title='bbox 1148 2981 1341 3060; x_wconf 88' lang='lat' dir='ltr'><strong>pastoralem</strong></span> 
     </span>
     <span class='ocr_line' id='line_1_31' title="bbox 204 3058 1342 3145; baseline 0 -21"><span class='ocrx_word' id='word_1_224' title='bbox 204 3060 367 3136; x_wconf 86' lang='lat' dir='ltr'><strong>clauserit,</strong></span> <span class='ocrx_word' id='word_1_225' title='bbox 390 3080 464 3120; x_wconf 90' lang='lat' dir='ltr'><strong>cum</strong></span> <span class='ocrx_word' id='word_1_226' title='bbox 485 3081 542 3121; x_wconf 90' lang='lat' dir='ltr'><strong>sua</strong></span> <span class='ocrx_word' id='word_1_227' title='bbox 561 3058 632 3138; x_wconf 78' lang='lat' dir='ltr'><strong>lege</strong></span> <span class='ocrx_word' id='word_1_228' title='bbox 656 3067 836 3138; x_wconf 90' lang='lat' dir='ltr'><strong>componat,</strong></span> <span class='ocrx_word' id='word_1_229' title='bbox 859 3067 891 3117; x_wconf 88' lang='lat' dir='ltr'><strong>et</strong></span> <span class='ocrx_word' id='word_1_230' title='bbox 913 3059 1013 3141; x_wconf 87' lang='lat' dir='ltr'><strong>ipsam</strong></span> <span class='ocrx_word' id='word_1_231' title='bbox 1034 3059 1119 3122; x_wconf 82' lang='lat' dir='ltr'><strong>viam</strong></span> <span class='ocrx_word' id='word_1_232' title='bbox 1140 3064 1272 3145; x_wconf 80' lang='lat' dir='ltr'><strong>aperiat.</strong></span> <span class='ocrx_word' id='word_1_233' title='bbox 1294 3065 1342 3127; x_wconf 90' lang='lat' dir='ltr'><strong>Si·</strong></span> 
     </span>
     <span class='ocr_line' id='line_1_32' title="bbox 205 3139 862 3205; baseline -0.003 0"><span class='ocrx_word' id='word_1_234' title='bbox 205 3144 327 3205; x_wconf 86' lang='lat' dir='ltr'><strong>militer</strong></span> <span class='ocrx_word' id='word_1_235' title='bbox 348 3151 381 3203; x_wconf 85' lang='lat' dir='ltr'><strong>et</strong></span> <span class='ocrx_word' id='word_1_236' title='bbox 402 3143 441 3202; x_wconf 91' lang='lat' dir='ltr'><strong>de</strong></span> <span class='ocrx_word' id='word_1_237' title='bbox 464 3141 575 3203; x_wconf 87' lang='lat' dir='ltr'><strong>semita</strong></span> <span class='ocrx_word' id='word_1_238' title='bbox 596 3139 783 3200; x_wconf 83' lang='lat' dir='ltr'><strong>faciendum</strong></span> <span class='ocrx_word' id='word_1_239' title='bbox 805 3149 862 3204; x_wconf 85' lang='lat' dir='ltr'><strong>est.</strong></span> 
     </span>
    </p>
   </div>
   <div class='ocr_carea' id='block_1_14' title="bbox 466 3243 1068 3330">
    <p class='ocr_par' dir='ltr' id='par_1_14' title="bbox 466 3243 1068 3330">
     <span class='ocr_line' id='line_1_33' title="bbox 466 3243 1068 3330; baseline -0.002 -22"><span class='ocrx_word' id='word_1_240' title='bbox 466 3250 516 3308; x_wconf 87' lang='lat' dir='ltr'><strong>De</strong></span> <span class='ocrx_word' id='word_1_241' title='bbox 540 3269 576 3307; x_wconf 90' lang='lat' dir='ltr'><strong>eo</strong></span> <span class='ocrx_word' id='word_1_242' title='bbox 595 3247 650 3328; x_wconf 82' lang='lat' dir='ltr'><strong>qui</strong></span> <span class='ocrx_word' id='word_1_243' title='bbox 660 3243 787 3326; x_wconf 84' lang='lat' dir='ltr'><strong>fontem</strong></span> <span class='ocrx_word' id='word_1_244' title='bbox 810 3247 1068 3330; x_wconf 77' lang='lat' dir='ltr'><strong>coinquinaverit,</strong></span> 
     </span>
    </p>
   </div>
   <div class='ocr_carea' id='block_1_15' title="bbox 203 3351 1340 3749">
    <p class='ocr_par' dir='ltr' id='par_1_15' title="bbox 203 3351 1340 3749">
     <span class='ocr_line' id='line_1_34' title="bbox 290 3351 1339 3437; baseline 0.001 -20"><span class='ocrx_word' id='word_1_245' title='bbox 290 3351 459 3432; x_wconf 68' lang='lat' dir='ltr'><strong>CCCLV.=</strong></span> <span class='ocrx_word' id='word_1_246' title='bbox 490 3353 524 3414; x_wconf 90' lang='lat' dir='ltr'><strong>Si</strong></span> <span class='ocrx_word' id='word_1_247' title='bbox 547 3352 619 3434; x_wconf 79' lang='lat' dir='ltr'><strong>q‘uis</strong></span> <span class='ocrx_word' id='word_1_248' title='bbox 641 3353 764 3411; x_wconf 87' lang='lat' dir='ltr'><strong>fontem</strong></span> <span class='ocrx_word' id='word_1_249' title='bbox 786 3371 978 3433; x_wconf 87' lang='lat' dir='ltr'><strong>quacunque</strong></span> <span class='ocrx_word' id='word_1_250' title='bbox 993 3351 1116 3414; x_wconf 85' lang='lat' dir='ltr'><strong>invidia</strong></span> <span class='ocrx_word' id='word_1_251' title='bbox 1144 3353 1339 3437; x_wconf 88' lang='lat' dir='ltr'><strong>coinquina-</strong></span> 
     </span>
     <span class='ocr_line' id='line_1_35' title="bbox 205 3434 1340 3516; baseline -0.006 -11"><span class='ocrx_word' id='word_1_252' title='bbox 205 3437 291 3505; x_wconf 78' lang='lat' dir='ltr'><strong>verit</strong></span> <span class='ocrx_word' id='word_1_253' title='bbox 312 3439 366 3500; x_wconf 91' lang='lat' dir='ltr'><strong>vel</strong></span> <span class='ocrx_word' id='word_1_254' title='bbox 389 3436 619 3512; x_wconf 86' lang='lat' dir='ltr'><strong>maculaverit,</strong></span> <span class='ocrx_word' id='word_1_255' title='bbox 642 3434 792 3493; x_wconf 88' lang='lat' dir='ltr'><strong>emendet</strong></span> <span class='ocrx_word' id='word_1_256' title='bbox 808 3455 882 3494; x_wconf 90' lang='lat' dir='ltr'><strong>eum</strong></span> <span class='ocrx_word' id='word_1_257' title='bbox 899 3435 1013 3516; x_wconf 86' lang='lat' dir='ltr'><strong>primo,</strong></span> <span class='ocrx_word' id='word_1_258' title='bbox 1031 3445 1066 3494; x_wconf 90' lang='lat' dir='ltr'><strong>ut</strong></span> <span class='ocrx_word' id='word_1_259' title='bbox 1087 3438 1178 3496; x_wconf 92' lang='lat' dir='ltr'><strong>nulla</strong></span> <span class='ocrx_word' id='word_1_260' title='bbox 1194 3439 1236 3498; x_wconf 89' lang='lat' dir='ltr'><strong>sit</strong></span> <span class='ocrx_word' id='word_1_261' title='bbox 1253 3439 1340 3499; x_wconf 89' lang='lat' dir='ltr'><strong>coiu-</strong></span> 
     </span>
     <span class='ocr_line' id='line_1_36' title="bbox 205 3516 1340 3605; baseline -0.001 -24"><span class='ocrx_word' id='word_1_262' title='bbox 205 3520 407 3605; x_wconf 87' lang='lat' dir='ltr'><strong>quinationis</strong></span> <span class='ocrx_word' id='word_1_263' title='bbox 430 3519 463 3577; x_wconf 91' lang='lat' dir='ltr'><strong>in</strong></span> <span class='ocrx_word' id='word_1_264' title='bbox 482 3539 520 3579; x_wconf 91' lang='lat' dir='ltr'><strong>eo</strong></span> <span class='ocrx_word' id='word_1_265' title='bbox 540 3517 691 3600; x_wconf 87' lang='lat' dir='ltr'><strong>suspicio,</strong></span> <span class='ocrx_word' id='word_1_266' title='bbox 714 3525 745 3576; x_wconf 90' lang='lat' dir='ltr'><strong>et</strong></span> <span class='ocrx_word' id='word_1_267' title='bbox 765 3537 838 3575; x_wconf 88' lang='lat' dir='ltr'><strong>cum</strong></span> <span class='ocrx_word' id='word_1_268' title='bbox 853 3516 924 3598; x_wconf 82' lang='lat' dir='ltr'><strong>lege</strong></span> <span class='ocrx_word' id='word_1_269' title='bbox 941 3541 998 3579; x_wconf 90' lang='lat' dir='ltr'><strong>sua</strong></span> <span class='ocrx_word' id='word_1_270' title='bbox 1017 3519 1134 3581; x_wconf 83' lang='lat' dir='ltr'><strong>vicinis</strong></span> <span class='ocrx_word' id='word_1_271' title='bbox 1149 3519 1210 3580; x_wconf 90' lang='lat' dir='ltr'><strong>hoc</strong></span> <span class='ocrx_word' id='word_1_272' title='bbox 1232 3543 1340 3582; x_wconf 90' lang='lat' dir='ltr'><strong>emen·</strong></span> 
     </span>
     <span class='ocr_line' id='line_1_37' title="bbox 203 3597 1338 3689; baseline -0.002 -22"><span class='ocrx_word' id='word_1_273' title='bbox 203 3607 269 3671; x_wconf 89' lang='lat' dir='ltr'><strong>det.</strong></span> <span class='ocrx_word' id='word_1_274' title='bbox 312 3604 347 3666; x_wconf 89' lang='lat' dir='ltr'><strong>Si</strong></span> <span class='ocrx_word' id='word_1_275' title='bbox 374 3611 482 3662; x_wconf 88' lang='lat' dir='ltr'><strong>autem</strong></span> <span class='ocrx_word' id='word_1_276' title='bbox 498 3601 712 3683; x_wconf 89' lang='lat' dir='ltr'><strong>plurimorum</strong></span> <span class='ocrx_word' id='word_1_277' title='bbox 731 3599 764 3658; x_wconf 90' lang='lat' dir='ltr'><strong>in</strong></span> <span class='ocrx_word' id='word_1_278' title='bbox 787 3597 909 3662; x_wconf 87' lang='lat' dir='ltr'><strong>vicinio</strong></span> <span class='ocrx_word' id='word_1_279' title='bbox 926 3612 1043 3684; x_wconf 88' lang='lat' dir='ltr'><strong>puteus</strong></span> <span class='ocrx_word' id='word_1_280' title='bbox 1065 3603 1176 3681; x_wconf 88' lang='lat' dir='ltr'><strong>fuerit,</strong></span> <span class='ocrx_word' id='word_1_281' title='bbox 1207 3625 1338 3689; x_wconf 90' lang='lat' dir='ltr'><strong>compo-</strong></span> 
     </span>
     <span class='ocr_line' id='line_1_38' title="bbox 205 3683 721 3749; baseline -0.016 0"><span class='ocrx_word' id='word_1_282' title='bbox 205 3689 359 3749; x_wconf 87' lang='lat' dir='ltr'><strong>sitionem</strong></span> <span class='ocrx_word' id='word_1_283' title='bbox 374 3687 460 3745; x_wconf 85' lang='lat' dir='ltr'><strong>inter</strong></span> <span class='ocrx_word' id='word_1_284' title='bbox 482 3705 514 3744; x_wconf 90' lang='lat' dir='ltr'><strong>se</strong></span> <span class='ocrx_word' id='word_1_285' title='bbox 531 3683 721 3742; x_wconf 86' lang='lat' dir='ltr'><strong>multentur.</strong></span> 
     </span>
    </p>
   </div>
   <div class='ocr_carea' id='block_1_16' title="bbox 204 3787 1338 3948">
    <p class='ocr_par' dir='ltr' id='par_1_16' title="bbox 204 3787 1338 3948">
     <span class='ocr_line' id='line_1_39' title="bbox 204 3787 1338 3948; baseline -0.003 -91"><span class='ocrx_word' id='word_1_286' title='bbox 204 3796 255 3857; x_wconf 80' lang='lat' dir='ltr'><strong>Dc</strong></span> <span class='ocrx_word' id='word_1_287' title='bbox 278 3795 386 3855; x_wconf 86' lang='lat' dir='ltr'><strong>eccui</strong></span> <span class='ocrx_word' id='word_1_288' title='bbox 409 3810 520 3850; x_wconf 83' lang='lat' dir='ltr'><strong>aurum</strong></span> <span class='ocrx_word' id='word_1_289' title='bbox 542 3787 597 3848; x_wconf 83' lang='lat' dir='ltr'><strong>cel</strong></span> <span class='ocrx_word' id='word_1_290' title='bbox 618 3799 779 3948; x_wconf 72' lang='lat' dir='ltr'><strong>argcnslttm</strong></span> <span class='ocrx_word' id='word_1_291' title='bbox 801 3799 855 3847; x_wconf 84' lang='lat' dir='ltr'><strong>aut</strong></span> <span class='ocrx_word' id='word_1_292' title='bbox 883 3802 1099 3850; x_wconf 83' lang='lat' dir='ltr'><strong>ornamentum</strong></span> <span class='ocrx_word' id='word_1_293' title='bbox 1120 3791 1338 3854; x_wconf 84' lang='lat' dir='ltr'><strong>commendata</strong></span> 
     </span>
     <span class='ocr_line' id='line_1_40' title="bbox 723 3872 836 3930; baseline 0 -2"><span class='ocrx_word' id='word_1_294' title='bbox 723 3872 836 3930; x_wconf 88' lang='lat' dir='ltr'><strong>uerint.</strong></span> 
     </span>
    </p>
   </div>
   <div class='ocr_carea' id='block_1_17' title="bbox 198 3975 1337 4308">
    <p class='ocr_par' dir='ltr' id='par_1_17' title="bbox 198 3975 1337 4308">
     <span class='ocr_line' id='line_1_41' title="bbox 287 3975 1336 4060; baseline -0.002 -18"><span class='ocrx_word' id='word_1_295' title='bbox 287 3977 457 4043; x_wconf 85' lang='lat' dir='ltr'><strong>CCCLVI.</strong></span> <span class='ocrx_word' id='word_1_296' title='bbox 501 3977 536 4040; x_wconf 89' lang='lat' dir='ltr'><strong>Si</strong></span> <span class='ocrx_word' id='word_1_297' title='bbox 551 3975 604 4038; x_wconf 89' lang='lat' dir='ltr'><strong>eui</strong></span> <span class='ocrx_word' id='word_1_298' title='bbox 625 3996 740 4037; x_wconf 84' lang='lat' dir='ltr'><strong>aurum</strong></span> <span class='ocrx_word' id='word_1_299' title='bbox 756 3976 810 4038; x_wconf 87' lang='lat' dir='ltr'><strong>vel</strong></span> <span class='ocrx_word' id='word_1_300' title='bbox 829 3987 1018 4060; x_wconf 82' lang='lat' dir='ltr'><strong>argentum,</strong></span> <span class='ocrx_word' id='word_1_301' title='bbox 1045 3989 1100 4039; x_wconf 87' lang='lat' dir='ltr'><strong>aut</strong></span> <span class='ocrx_word' id='word_1_302' title='bbox 1125 3990 1336 4059; x_wconf 85' lang='lat' dir='ltr'><strong>ornamenta,</strong></span> 
     </span>
     <span class='ocr_line' id='line_1_42' title="bbox 202 4059 1335 4146; baseline -0.003 -19"><span class='ocrx_word' id='word_1_303' title='bbox 202 4065 257 4127; x_wconf 89' lang='lat' dir='ltr'><strong>vel</strong></span> <span class='ocrx_word' id='word_1_304' title='bbox 276 4081 492 4146; x_wconf 87' lang='lat' dir='ltr'><strong>quaecunque</strong></span> <span class='ocrx_word' id='word_1_305' title='bbox 512 4060 634 4143; x_wconf 90' lang='lat' dir='ltr'><strong>speeies</strong></span> <span class='ocrx_word' id='word_1_306' title='bbox 652 4059 777 4120; x_wconf 87' lang='lat' dir='ltr'><strong>fuerint</strong></span> <span class='ocrx_word' id='word_1_307' title='bbox 794 4062 1047 4139; x_wconf 85' lang='lat' dir='ltr'><strong>commendatae,</strong></span> <span class='ocrx_word' id='word_1_308' title='bbox 1069 4063 1138 4124; x_wconf 90' lang='lat' dir='ltr'><strong>sive</strong></span> <span class='ocrx_word' id='word_1_309' title='bbox 1166 4064 1206 4123; x_wconf 87' lang='lat' dir='ltr'><strong>ad</strong></span> <span class='ocrx_word' id='word_1_310' title='bbox 1227 4074 1335 4128; x_wconf 84' lang='lat' dir='ltr'><strong>eusto-</strong></span> 
     </span>
     <span class='ocr_line' id='line_1_43' title="bbox 200 4141 1337 4227; baseline -0.004 -18"><span class='ocrx_word' id='word_1_311' title='bbox 200 4143 360 4209; x_wconf 85' lang='lat' dir='ltr'><strong>dieudum</strong></span> <span class='ocrx_word' id='word_1_312' title='bbox 375 4143 512 4205; x_wconf 86' lang='lat' dir='ltr'><strong>traditae</strong></span> <span class='ocrx_word' id='word_1_313' title='bbox 526 4144 602 4221; x_wconf 85' lang='lat' dir='ltr'><strong>sint,</strong></span> <span class='ocrx_word' id='word_1_314' title='bbox 617 4142 683 4203; x_wconf 88' lang='lat' dir='ltr'><strong>sive</strong></span> <span class='ocrx_word' id='word_1_315' title='bbox 700 4141 901 4220; x_wconf 88' lang='lat' dir='ltr'><strong>vendendae,</strong></span> <span class='ocrx_word' id='word_1_316' title='bbox 925 4153 956 4204; x_wconf 91' lang='lat' dir='ltr'><strong>et</strong></span> <span class='ocrx_word' id='word_1_317' title='bbox 973 4166 1006 4203; x_wconf 91' lang='lat' dir='ltr'><strong>m</strong></span> <span class='ocrx_word' id='word_1_318' title='bbox 1023 4144 1117 4206; x_wconf 90' lang='lat' dir='ltr'><strong>domo</strong></span> <span class='ocrx_word' id='word_1_319' title='bbox 1136 4144 1238 4227; x_wconf 88' lang='lat' dir='ltr'><strong>ipsius</strong></span> <span class='ocrx_word' id='word_1_320' title='bbox 1263 4167 1337 4208; x_wconf 88' lang='lat' dir='ltr'><strong>cum</strong></span> 
     </span>
     <span class='ocr_line' id='line_1_44' title="bbox 198 4223 1336 4308; baseline -0.002 -16"><span class='ocrx_word' id='word_1_321' title='bbox 198 4229 296 4292; x_wconf 85' lang='lat' dir='ltr'><strong>rebus</strong></span> <span class='ocrx_word' id='word_1_322' title='bbox 312 4227 378 4290; x_wconf 85' lang='lat' dir='ltr'><strong>suis</strong></span> <span class='ocrx_word' id='word_1_323' title='bbox 392 4227 526 4290; x_wconf 82' lang='lat' dir='ltr'><strong>forsitan</strong></span> <span class='ocrx_word' id='word_1_324' title='bbox 543 4225 666 4290; x_wconf 86' lang='lat' dir='ltr'><strong>fuerint</strong></span> <span class='ocrx_word' id='word_1_325' title='bbox 688 4223 723 4288; x_wconf 93' lang='lat' dir='ltr'><strong>in</strong></span> <span class='ocrx_word' id='word_1_326' title='bbox 745 4223 898 4288; x_wconf 84' lang='lat' dir='ltr'><strong>inccndio</strong></span> <span class='ocrx_word' id='word_1_327' title='bbox 912 4235 1082 4308; x_wconf 87' lang='lat' dir='ltr'><strong>crematae,</strong></span> <span class='ocrx_word' id='word_1_328' title='bbox 1107 4249 1171 4290; x_wconf 89' lang='lat' dir='ltr'><strong>uua</strong></span> <span class='ocrx_word' id='word_1_329' title='bbox 1188 4249 1262 4290; x_wconf 86' lang='lat' dir='ltr'><strong>cum</strong></span> <span class='ocrx_word' id='word_1_330' title='bbox 1275 4237 1336 4290; x_wconf 85' lang='lat' dir='ltr'><strong>tes·</strong></span> 
     </span>
    </p>
   </div>
   <div class='ocr_carea' id='block_1_18' title="bbox 0 0 1468 4984">
    <p class='ocr_par' dir='ltr' id='par_1_18' title="bbox 0 0 1468 4984">
     <span class='ocr_line' id='line_1_45' title="bbox 0 0 1468 4984; baseline 0 5"><span class='ocrx_word' id='word_1_331' title='bbox 0 0 1468 4984; x_wconf 95' lang='lat' dir='ltr'><strong> </strong></span> 
     </span>
    </p>
   </div>
  </div>
 </body>
</html>
