2926 4984
580 324 698 401 uses
729 325 911 390 ausurus.
1231 303 1307 378 509.

158 472 339 534 observare
355 465 582 551 promiserunt.
624 467 667 529 Et
688 468 791 529 omnis
809 467 1021 530 ecclesiastici
1036 466 1160 529 ordinis
1177 465 1322 544 Clerur,

166 551 336 635 Episcopi,
366 558 398 611 et
424 548 625 632 Presbyteri,
660 559 692 610 et
711 551 865 628 Diaconi,
897 573 970 612 cum
998 550 1136 631 reliquis
1158 539 1312 626 Clericis,
1370 542 1373 550 ’

85 659 89 666 ·
166 635 380 719 suscipientes
397 631 605 713 antiquorum
621 635 752 693 Patrum
774 655 925 702 canones,
942 634 1162 715 promiserunt
1175 653 1205 693 se
1220 632 1306 692 velle

166 717 386 781 ecclesiastica
409 715 478 774 iura
507 713 650 775 moribus
673 726 705 775 et
730 716 884 776 doctrinis
907 726 938 776 et
958 716 1139 776 ministerio
1167 735 1307 794 recupe-

163 822 247 865 rare.
291 798 429 859 Abbates
444 817 521 857 vero
538 807 570 857 et
590 798 740 859 Monachi
763 808 957 880 receperunt
973 801 1118 880 regulam
1133 797 1235 858 sancti
1250 799 1309 857 Pa·

158 883 225 942 aris
245 879 415 942 Benedicti
436 880 477 938 ad
494 881 736 940 restaurandam
751 903 894 940 normam
915 881 1074 963 regularis
1092 881 1184 946 vitae.
1227 882 1307 940 For·

164 965 329 1024 nicatores
347 983 485 1042 namque
503 967 535 1022 et
553 963 728 1038 adulteros,
751 964 808 1045 qui
822 975 930 1026 sancta
947 966 1016 1025 loca
1037 965 1087 1024 vel
1116 962 1309 1024 monasteria

155 1039 243 1106 'ante
266 1055 414 1106 tenentes
438 1045 743 1125 coinquinaverunt,
765 1047 979 1130 praecipimus
994 1048 1069 1108 inde
1085 1049 1201 1107 tollere
1222 1044 1308 1105 etad

168 1128 404 1211 poenitentiam
425 1126 583 1209 redigere.
626 1130 668 1189 Et
693 1130 811 1211 sipost
834 1130 918 1190 lninc
942 1130 1163 1196 definitionem
1185 1130 1217 1187 in
1240 1127 1308 1188 cri-

164 1232 241 1270 mea
261 1208 488 1270 fornicationis
506 1211 556 1272 vel
576 1211 730 1272 adulterii
749 1213 944 1290 ceciderint,
968 1212 1085 1295 prioris
1111 1210 1233 1293 Synodi
1257 1211 1309 1270 iu·

74 1359 76 1364 ,
169 1292 497 1359 diciumsustineaut.
542 1293 700 1354 Similiter
718 1304 749 1355 et
768 1295 918 1356 Monachi
945 1305 975 1356 et
996 1297 1141 1360 Nonuae.
1185 1293 1308 1354 Statui-

167 1398 242 1435 mus
258 1396 389 1456 quoque
405 1396 479 1436 cum
500 1377 639 1437 consilio
660 1399 823 1438 servorum
848 1377 907 1440 Dei
930 1388 961 1438 et
983 1378 1096 1460 populi
1119 1372 1307 1450 Christiani,

162 1467 300 1541 propter
322 1457 525 1518 imminentia
539 1459 626 1519 bella
642 1468 673 1518 et
691 1461 932 1541 persecutiones
949 1470 1147 1521 caeterarum
1162 1458 1307 1541 gentium

115 1543 119 1550 '
163 1561 249 1622 quae
273 1539 306 1598 in
332 1539 472 1600 circuitu
497 1552 605 1602 nostro
626 1553 722 1620 sunt,
751 1553 788 1603 ut
811 1544 873 1605 -sub
897 1543 1044 1625 precario
1069 1552 1101 1603 et
1125 1563 1225 1602 censu
1245 1541 1307 1600 ali-

165 1645 265 1703 quam
281 1631 404 1704 partem
422 1624 601 1684 ecclesialis
621 1626 779 1705 pecuniae
801 1627 833 1686 in
855 1625 1052 1686 adiutorium
1070 1625 1231 1686 exercitus
1250 1644 1307 1696 noe

166 1704 230 1765 stri
250 1726 326 1764 cum
352 1704 553 1788 induigentia
576 1708 637 1768 Dei
664 1709 830 1788 aliquanto
859 1718 1002 1791 tempore
1027 1709 1243 1784 retineamus,
1269 1728 1307 1765 ea

167 1786 369 1861 conditione,
392 1788 534 1849 utannis
555 1789 690 1870 singulis
714 1793 753 1851 de
775 1813 969 1872 unaquaque
991 1800 1093 1851 casata
1114 1789 1248 1865 solidus,
1271 1788 1316 1864 id

167 1866 417 1944 cst„duodecim
427 1871 551 1931 denarii
568 1873 607 1931 ad
619 1873 797 1954 Ecclesiam
810 1873 1304 1942 velmonasterium1·eddaotur;

166 1972 207 2010 eo
229 1950 324 2010 modo
344 1959 378 2010 ut
395 1951 420 2011 si
447 1953 603 2013 moriatur
626 1955 682 2030 ille
707 1956 759 2017 cui
786 1958 924 2038 pecunia
945 1957 1142 2018 commodata
1159 1958 1209 2032 w)
1229 1955 1305 2031 fuit,

164 2032 313 2094 Ecclesia
336 2053 409 2092 cum
425 2037 554 2118 propria
574 2038 712 2118 pecunia
738 2040 888 2099 revestita
907 2040 964 2111 sit;
996 2047 1028 2098 ct
1054 2038 1182 2111 iterum,
1206 2037 1231 2097 si
1250 2059 1307 2098 ne-

160 2115 295 2180 cessitas
323 2126 415 2197 cogat
436 2128 490 2177 aut
516 2119 673 2202 Princeps
696 2122 822 2196 iubeat,
846 2122 1026 2203 precarium
1046 2129 1244 2194 renovetur,
1273 2127 1306 2179 et

164 2197 363 2257 rescribatur
391 2209 522 2265 norum.
571 2203 612 2262 Et
639 2204 771 2262 omnino
797 2205 986 2266 observetur
1008 2213 1044 2262 ut
1069 2202 1236 2263 Ecclesiae
1252 2201 1306 2263 vel

161 2279 360 2340 Mouasteria
376 2284 544 2361 penuriam
561 2294 591 2344 et
606 2295 824 2366 paupertatem
839 2308 902 2346 non
919 2287 1082 2368 patiantur
1099 2305 1237 2367 quorum
1253 2305 1306 2367 pe-

163 2361 263 2420 cunia
277 2361 313 2420 in
330 2365 476 2444 precario
490 2367 638 2448 praestita
658 2369 707 2432 sil.
753 2370 816 2428 Sed
831 2370 855 2430 si
887 2377 1056 2451 paupertas
1075 2368 1306 2446 cogat,Eccle·

162 2443 229 2504 siae
251 2453 282 2504 et
303 2444 412 2505 domui
429 2447 489 2506 Dei
512 2449 665 2510 reddatur
682 2452 806 2532 integra
819 2451 985 2534 possessio.
1038 2449 1196 2510 Similiter
1208 2471 1304 2531 prac-

158 2525 303 2606 cipimus
321 2536 356 2586 ut
376 2528 462 2588 iusta
477 2529 605 2606 decreta
627 2534 806 2603 Caroeam,
830 2533 987 2596 ailulteria
1006 2543 1038 2593 et
1058 2532 1177 2592 incesta
1198 2530 1310 2594 matris

161 2609 284 2685 monia,
301 2630 383 2690 quae
402 2633 464 2670 non
481 2624 555 2672 sunt
571 2615 1205 2696 legitima,proliibeanturEpiscoporum
1221 2613 1304 2672 iudi-

162 2691 233 2761 cio;
256 2700 288 2750 et
301 2700 335 2750 ut
355 2694 513 2776 mancipia
537 2695 717 2758 Christiana
730 2701 866 2779 Paganis
886 2720 949 2760 non
963 2699 1142 2758 tradantur.
1184 2699 1305 2759 Decre-

160 2773 424 2856 vimusquoque‚
447 2780 535 2857 qriod
555 2789 586 2838 et
611 2789 704 2861 pater
725 2805 815 2842 meus
840 2793 912 2842 sinte
937 2779 1164 2861 praecipiebat,
1189 2789 1223 2838 ut
1246 2778 1303 2858 qui

159 2856 304 2936 Paganas
325 2856 563 2921 observationes
575 2861 609 2920 in
633 2864 740 2943 aliqua
756 2887 790 2924 re
812 2865 937 2938 fecerit,
953 2864 1111 2922 multetur
1128 2871 1160 2920 et
1176 2863 1305 2921 damne-

161 2946 218 2996 tur
236 2938 424 3016 quindecim
447 2943 568 3006 solidis.
613 2945 747 3030 Capitol.
765 2945 1142 3026 1},rtar1n2ann.a.743,
1163 2944 1302 3028 Capitol.

159 3019 289 3103 Pippin.
298 3045 326 3086 a.
343 3024 412 3102 744,
423 3025 485 3090 ε.6.

353 3129 488 3212 Defide
503 3133 660 3193 catholica
671 3147 703 3193 vet
717 3137 822 3217 prinzo
832 3115 1004 3219 praecepto
1018 3134 1104 3214 legis.
1186 3185 1191 3193 .

246 3231 306 3298 IV,
349 3232 458 3294 Primo
492 3239 634 3298 omnium
666 3235 875 3301 admonemus
903 3249 939 3299 ut
967 3242 1046 3301 lides
1075 3239 1234 3302 catholica
1260 3239 1300 3302 ab

161 3312 333 3395 Episcopis
354 3325 386 3375 et
407 3319 607 3404 preshyteris
639 3323 814 3404 diligenter
840 3326 979 3404 legatur,
1003 3324 1157 3407 omnique
1180 3327 1301 3406 populo

155 3397 378 3477 praedicetur.
425 3401 493 3464 Hoc
518 3403 604 3481 enim
629 3405 767 3486 primum
787 3417 991 3488 praeceptum
1007 3407 1136 3467 Domini
1152 3407 1213 3466 Dei
1231 3429 1302 3466 om·

161 3478 342 3559 nipotentis
364 3491 410 3544 est
429 3484 464 3542 in
485 3489 577 3568 lege:
599 3487 703 3564 Audi,
732 3491 831 3548 lsrael
854 3492 928 3572 quia
949 3491 1105 3550 Dominus
1125 3490 1299 3549 Deustuus
1339 3493 1341 3497 ’

132 3619 135 3624 .
162 3559 249 3625 Deua
267 3584 348 3638 lenus
369 3578 425 3630 est.
467 3571 509 3630 Et
523 3578 559 3628 ut
579 3569 633 3630 ille
651 3571 806 3652 diligatur
823 3594 862 3632 ex
876 3581 943 3633 toto
965 3574 1085 3648 corde,
1108 3582 1139 3631 et
1170 3594 1211 3632 ex
1236 3580 1301 3631 tota

161 3653 292 3723 ruente,
311 3653 346 3706 et
360 3667 400 3707 ex
412 3657 480 3709 tota
498 3651 623 3729 anima,
647 3663 681 3713 et
695 3675 734 3714 ex
748 3663 812 3713 tota
831 3655 962 3720 virtute.
985 3654 1167 3739 SupraLil».
1182 3661 1206 3719 I.
1215 3676 1243 3720 c.
1251 3655 1300 3720 58.

443 3756 491 3816 De
510 3779 589 3840 pace
607 3771 637 3818 ct
653 3759 825 3819 concordia
842 3759 1010 3822 servanda.

244 3852 285 3921 V.
329 3859 371 3918 Ut
382 3883 442 3940 pax
462 3861 503 3922 sit
526 3873 558 3923 et
575 3865 804 3926 concordiam
824 3866 1016 3926 unanimitas
1036 3889 1109 3927 cum
1136 3867 1223 3926 omni
1240 3889 1299 3948 po-

159 3936 240 4028 pulo
259 3937 465 4018 Christiano,
489 3946 575 4005 inter
590 3947 784 4027 Episcopus,
807 3947 955 4024 Abbates,
977 3951 1137 4025 Comites,
1162 3950 1300 4021 ludices,

163 4029 196 4078 et
211 4042 322 4084 omnes
341 4023 463 4106 ubique
488 4050 545 4088 seu
565 4031 701 4090 maiores
722 4052 777 4089 seu
801 4031 943 4092 minores
963 4054 1129 4113 personas3
1149 4031 1228 4112 quia
1248 4032 1300 4090 ni-

161 4099 209 4160 hil
226 4101 298 4164 Deo
313 4105 384 4167 sine
401 4129 478 4190 pace
498 4111 624 4193 placet,
648 4135 709 4174 nec
727 4133 845 4174 munus
865 4123 994 4174 sanctae
1015 4107 1311 4176 obtunsioneris?

186 4233 422 4258 Q--Q

196 4285 238 4347 w)
257 4281 292 4332 al,
310 4299 359 4338 aar.
378 4285 591 4355 coiomemlorae,⁴
610 4287 828 4356 accommodare.
