2926 4984
237 314 311 388 5⁵⁶
653 343 941 406 causumaiuu

236 475 421 542 iuramento
438 503 516 544 vcro
540 503 594 546 eos
617 487 793 570 constringi
824 489 992 562 uolumus,
1026 491 1159 570 propter
1181 477 1353 562 perieulum

235 561 383 643 periurii.
426 564 511 628 Ibid.
533 587 559 628 e.
581 569 630 650 39.

586 675 634 735 De
658 675 810 738 Ecclesiis
836 677 1013 739 destructis.

320 771 505 841 CCLXXV.
545 784 594 843 De
611 781 766 845 Ecclesiis
789 784 974 862 destructis,
997 794 1033 844 ut
1049 780 1200 864 Episcopi
1219 786 1250 838 et
1264 771 1349 834 Missi

234 853 481 936 inquisitionem
506 865 625 924 faciunt
643 877 751 928 utrum
769 890 828 950 per
850 868 1088 950 neglegentiam
1107 875 1163 924 aut
1183 853 1353 941 impossihi-

235 936 360 1034 iitntem
388 943 569 1008 destructae
593 950 666 1014 sint.
709 953 750 1012 Et
772 951 828 1012 ubi
858 951 1061 1034 neglegentia
1091 949 1222 1008 inventa
1245 938 1352 1012 suerit,

234 1025 410 1105 episcopali
431 1032 619 1092 auctoritate
647 1035 816 1095 emendare
845 1044 1001 1116 cogantur
1026 1033 1064 1091 ab
1083 1031 1132 1092 his
1158 1027 1215 1110 qui
1237 1045 1288 1084 eas
1305 1042 1353 1080 re·

234 1113 377 1166 staurare
399 1110 592 1175 debuerunt.
635 1116 668 1176 Si
690 1139 767 1178 vero
783 1139 841 1199 per
858 1115 1146 1198 impossibilitatem
1163 1105 1353 1198 001]ῑῖίέῘῆῑέι

234 1195 289 1246 aut
308 1188 466 1268 pluriores
480 1196 546 1257 sint
562 1220 658 1279 quam
678 1221 807 1261 necesse
830 1200 888 1274 sit,
911 1209 966 1258 aut
985 1197 1113 1257 maioris
1131 1187 1353 1278 magnitudinis
1430 1199 1431 1232 ἓ

234 1287 332 1350 quam
348 1283 383 1334 ut
401 1297 440 1337 ex
459 1279 555 1340 relius
570 1281 671 1342 adeas
684 1283 920 1361 pertinentibus
935 1278 1105 1342 restaurari
1116 1276 1251 1358 possint,
1268 1270 1355 1364 'Eius'

234 1373 334 1435 copus
349 1359 477 1419 modum
499 1362 644 1423 inveniat
656 1366 795 1447 qualiter
811 1385 951 1447 congrue
970 1361 1134 1425 emendari
1145 1369 1176 1420 et
1188 1359 1352 1424 consrstere

232 1437 363 1518 possint.
408 1441 542 1526 Capitul.
563 1469 590 1504 a.
614 1448 683 1528 829.
708 1448 771 1507 Tit.
797 1469 821 1506 1.
843 1470 868 1513 e.
892 1449 920 1507 5.

379 1546 428 1606 De
447 1549 495 1608 bis
511 1553 566 1632 qui
584 1573 681 1612 nonas
697 1567 727 1612 et
746 1552 884 1612 decimas
908 1552 984 1612 dare
1001 1551 1217 1632 neglexerunt.

317 1647 520 1716 CCLxxvl.
563 1659 611 1718 De
630 1657 679 1718 his
697 1659 754 1740 qui
772 1679 873 1720 nonus
893 1669 925 1720 et
945 1657 1082 1719 decimas
1103 1656 1166 1716 iam
1186 1675 1247 1735 per
1274 1645 1351 1708 mul-

232 1739 282 1793 tos
298 1755 398 1794 anuos
418 1746 473 1796 aut
489 1761 528 1799 ex
549 1751 638 1822 purte
661 1750 714 1800 unt
737 1763 776 1800 ex
798 1750 865 1801 toto
883 1741 957 1802 dare
975 1741 1202 1822 neglexerunt,
1213 1735 1351 1795 volumus

232 1826 269 1875 ut
289 1837 347 1896 per
361 1819 473 1880 Missos
487 1833 612 1884 nostros
629 1823 888 1904 constringantur
902 1834 939 1883 ut
953 1823 1131 1885 secundum
1142 1819 1352 1900 capitularem

231 1899 373 1976 priorem
397 1902 524 1965 solvant
549 1927 649 1966 nonas
674 1917 706 1966 et
730 1904 867 1966 decimas
887 1928 962 1966 cum
982 1905 1147 1986 senlenge,
1173 1911 1207 1962 et
1230 1901 1353 1976 iusuper

231 1981 374 2042 bannum
391 1995 544 2053 nostrum,
575 1990 618 2047 Et
640 1987 702 2049 hoe
730 1987 776 2047 eis
796 1988 1025 2063 denuntietur,
1058 1988 1147 2070 quod
1169 1985 1351 2068 quicunque

230 2063 316 2123 lra'ne
330 2067 567 2148 neglegentiam
587 2070 765 2142 iteraverit,
786 2071 980 2133 heneficium
1001 2069 1088 2130 unde
1111 2069 1193 2130 haec
1220 2085 1303 2126 nona
1324 2064 1352 2153 tl

231 2145 354 2207 decima
375 2150 511 2228 persolvi
530 2152 657 2226 debuit,
683 2154 871 2219 amissurum
887 2174 920 2216 se
941 2154 1028 2218 sciat.
1080 2152 1125 2211 lta
1148 2151 1236 2213 enim
1255 2151 1352 2207 eon-ti-

231 2239 330 2302 netur
351 2230 383 2288 in
401 2230 578 2313 Capitulari
597 2235 700 2296 bonae
718 2237 887 2300 memoriae
912 2235 1066 2315 genitoris
1086 2236 1187 2295 nostri
1218 2233 1252 2292 in
1276 2229 1351 2290 libro

229 2311 354 2395 prime,
377 2315 518 2396 capitulo
535 2341 606 2377 svn.
651 2318 1003 2400 Quicunqueldeeimam
1025 2318 1179 2378 abstrahit
1193 2317 1234 2375 de
1248 2313 1351 2373 Eccte·
1431 2313 1432 2384 f

231 2396 280 2453 sia
294 2394 340 2454 ad
359 2416 451 2478 quam
470 2421 529 2481 per
550 2401 701 2460 iustitiam
720 2403 794 2463 dari
813 2402 904 2462 debet
926 2415 955 2459 et
969 2423 1036 2460 euru
1049 2399 1294 2480 praesumptiose
1309 2392 1351 2452 uel

191 2491 196 2499 ·
226 2491 363 2561 propter
384 2501 512 2541 munera
534 2497 586 2542 atat
607 2485 795 2554 amicitiam,
829 2495 883 2544 arat
904 2485 998 2544 alitam
1018 2482 1189 2564 quamlibet
1215 2478 1349 2540 occasio-

230 2579 321 2631 nem,
344 2561 389 2620 ad
407 2565 537 2623 alterum
559 2565 733 2624 Ecclesium
766 2567 907 2640 dederit,
939 2589 957 2624 a
981 2563 1099 2626 Comite
1127 2565 1180 2623 uel
1209 2587 1230 2622 a
1259 2561 1351 2620 Mauo

229 2655 340 2702 nostru
360 2644 570 2726 distringatur
590 2660 623 2706 ut
644 2649 782 2708 eiusdem
812 2648 950 2708 decimae
971 2647 1176 2729 quantitatem
1206 2665 1279 2705 eum
1303 2660 1353 2699 tue

231 2722 299 2804 lege
321 2729 474 2793 restituat.
520 2729 602 2795 lbid.
627 2751 653 2790 c.
677 2731 702 2794 5.
725 2731 754 2792 6.

214 2875 219 2884 ·
304 2910 306 2914 ,
361 2856 410 2917 De
432 2860 480 2918 bis
498 2860 553 2939 qui
573 2863 815 2921 restaurationes
836 2858 1048 2921 Ecclesiarnm
1064 2860 1236 2940 neglegunt.

314 2961 538 3026 CCLxxvll.
581 2965 778 3046 Quicunque
798 2966 951 3027 derebus
979 2966 1197 3026 Ecclesiarum
1219 2985 1298 3046 quas
1323 2960 1355 3018 iu

229 3045 424 3108 heneficium
450 3046 586 3122 insilient,
615 3049 863 3109 restaurationes
885 3069 994 3107 earum
1020 3049 1126 3108 facere
1143 3043 1353 3128 neglexerint,

231 3128 321 3190 iuxta
337 3129 534 3190 auctoritatis
553 3141 677 3190 nostrae
696 3129 930 3212 Capitulium,
956 3130 988 3188 iu
1011 3152 1076 3209 quo
1101 3131 1140 3189 de
1164 3128 1354 3209 operibusac

231 3212 326 3290 nonis
342 3219 373 3270 et
389 3211 521 3274 decimis
538 3213 748 3274 constitutum
772 3223 834 3288 est,
857 3212 903 3272 sic
922 3212 960 3272 de
975 3210 1025 3272 his
1043 3211 1260 3292 adimpleatur
1280 3209 1355 3270 sicut

231 3291 267 3352 in
290 3293 372 3352 libro
395 3305 526 3372 quarto,
556 3296 698 3375 capitulo
716 3318 853 3370 xxxvru,
884 3294 1085 3354 continetur:
1137 3296 1185 3356 De
1215 3311 1309 3378 opere
1329 3298 1355 3347 et

231 3377 459 3438 restauratione
481 3377 694 3437 Ecclesiarum
708 3381 894 3438 consitutum
910 3390 956 3435 est
978 3391 1011 3435 ut
1032 3378 1071 3438 de
1085 3375 1235 3456 frugibus
1259 3389 1354 3434 terrae

232 3470 263 3516 et
293 3458 475 3516 animalium
502 3461 691 3530 nutrimine,
725 3474 755 3520 et
784 3461 902 3519 eunctis
932 3460 1094 3529 censibus,
1130 3458 1273 3539 exceptis
1302 3457 1357 3513 bo-

231 3541 432 3609 stilensibus,
460 3543 693 3622 persolvantur.
736 3543 784 3600 De
809 3561 902 3621 opere
923 3542 977 3599 uel
995 3541 1225 3600 restauratione
1248 3535 1354 3596 Eccle-

231 3622 349 3682 siarum
360 3621 467 3679 Comes
486 3624 540 3682 uel
557 3623 753 3705 Episcopus,
771 3622 946 3693 siueAbba,
970 3615 1031 3682 una
1049 3645 1117 3682 cum
1126 3623 1226 3680 Misso
1237 3631 1353 3686 nostro,

231 3723 323 3786 quem
339 3703 402 3784 ipsi
426 3704 487 3764 sibi
507 3703 552 3763 ad
577 3706 633 3763 boc
662 3706 829 3784 elegerint,
866 3703 1148 3764 considerationem
1171 3699 1299 3777 ,saciant
1325 3708 1355 3756 ut

231 3787 441 3866 unusquisque
460 3807 567 3846 eorum
584 3786 792 3856 tantumjnde
814 3787 950 3867 accipiat
974 3785 1019 3844 ad
1040 3785 1233 3868 operandum
1262 3794 1293 3840 et
1312 3801 1357 3838 re·

231 3866 461 3938 staurandum,
486 3880 636 3947 quantum
656 3871 723 3950 ipse
745 3867 784 3926 de
807 3869 897 3928 rebus
920 3868 1133 3929 Ecclesiarum
1163 3867 1277 3925 babere
1310 3882 1356 3922 eo-

228 3950 399 4032 gnoscitur.
442 3949 598 4010 Similiter
619 3961 649 4008 et
673 3949 766 4009 Vassi
786 3951 889 4008 nostri
917 3964 971 4008 aut
993 3952 1026 4008 in
1058 3970 1218 4010 commune
1239 3959 1354 4004 tantum

231 4033 337 4114 operis
360 4033 515 4100 accipiant
531 4045 679 4114 quantum
701 4053 805 4091 rerum
835 4031 1115 4090 ecclesiasticarum
1142 4031 1276 4098 babent,
1306 4022 1355 4083 uel

233 4114 443 4193 unumquisque
463 4134 523 4193 per
543 4134 574 4172 se
598 4115 689 4173 iuxta
711 4115 915 4194 quantitatem
937 4132 1029 4192 quam
1051 4115 1117 4194 ipse
1147 4123 1236 4171 tenet.
1296 4107 1355 4166 Aut

145 4261 147 4266 ,
230 4196 259 4256 ri
279 4196 362 4253 inter
384 4216 436 4254 eos
458 4197 640 4255 corruenerit
662 4209 695 4254 ut
708 4217 767 4276 pro
783 4215 875 4278 opere
886 4191 1039 4273 faciendo
1055 4207 1215 4275 argentum
1228 4190 1352 4256 donent,

232 4278 326 4348 iuxta
344 4277 592 4364 aestimationem
611 4279 714 4364 operis
742 4280 776 4338 in
805 4287 933 4358 argento
960 4277 1167 4361 persoluaut‚³¹
1200 4293 1268 4334 cum
1297 4287 1355 4354 (μω
