2926 4984
204 311 278 388 548
638 328 924 387 carnommuu

199 475 240 538 ad
255 471 397 554 aliquem
408 468 627 532 venerabilem
641 469 764 546 locum,
788 471 837 532 vel
849 471 1035 554 propinquo
1049 495 1107 536 suo
1118 479 1171 537 vel
1193 477 1330 540 cuilibet

199 556 292 619 alteri
302 554 428 616 tradere
443 552 594 627 voluerit,
617 561 650 612 et
669 574 707 612 eo
730 563 873 636 tempore
895 555 978 615 intra
1000 554 1112 638 ipsum
1141 560 1329 620 comitatum

196 637 350 700 fueritin
397 657 438 694 uo
459 659 511 698 res
538 635 613 694 illac
640 635 761 716 positae
794 646 887 713 sunt,
917 636 1093 718 legitimam
1120 642 1330 703 traditionem

196 724 303 782 facere
325 658 473 792 stddeat.¹
502 716 645 796 Quodsi
676 738 713 776 eo
745 726 889 798 tempore
915 742 981 802 quo
1005 721 1076 782 illas
1100 724 1228 784 tradere
1260 725 1330 784 vult

197 814 287 864 extra
307 800 447 862 eundem
466 800 650 862 comitatum
668 800 778 874 suerit,
802 802 835 861 id
855 811 913 876 est,
934 802 1002 862 sive
1024 805 1056 863 in
1079 806 1238 883 exercitu,
1262 807 1328 867 sive

197 885 370 968 lapidatio,
393 882 505 943 sivein
521 881 744 965 alioquolibet
758 884 849 957 loco,
874 884 1023 944 adhibeat
1046 887 1106 946 sihi
1126 889 1178 949 vel
1203 890 1242 948 de
1264 888 1328 950 suis

193 967 396 1051 pagensibus,
407 968 456 1026 vel
470 968 509 1026 de
519 964 653 1046 aliisqui
663 965 773 1024 eadem
783 967 853 1048 lege
865 967 979 1027 vivunt
988 990 1050 1049 qua
1064 970 1129 1050 ipse
1142 969 1328 1031 vivittestes

195 1052 339 1112 idoneos.
361 1049 422 1110 Vel
437 1049 463 1109 si
481 1049 555 1108 illos
572 1048 688 1106 habere
710 1069 775 1106 non
795 1057 948 1130 potnerit,
974 1061 1050 1110 tunc
1069 1055 1108 1111 de
1125 1054 1197 1112 aliis
1215 1053 1327 1134 quales

196 1133 239 1194 ibi
256 1132 405 1194 meliores
427 1130 568 1190 inveniri
596 1138 745 1210 possunt,
779 1140 811 1192 et
843 1153 948 1191 coram
968 1133 1045 1216 ipsis
1065 1155 1175 1194 rerum
1197 1157 1326 1195 suarum

194 1217 402 1294 traditionem
416 1213 523 1286 faciat,
547 1223 578 1273 et
595 1211 798 1274 fideiussores
816 1215 990 1275 vestiturae
1007 1217 1105 1276 donet
1118 1217 1148 1276 ei
1165 1217 1222 1298 qui
1239 1217 1328 1276 illam

194 1297 401 1360 traditionem
416 1295 543 1377 accipit,
564 1297 622 1376 qui
643 1293 830 1355 vestituram
840 1297 968 1357 faciant.
1010 1300 1052 1358 Et
1064 1309 1234 1380 postquam
1246 1299 1326 1360 haec

193 1381 323 1441 traditio
339 1380 381 1438 ita
395 1378 478 1438 facta
493 1379 601 1455 luerit,
624 1375 718 1436 heres
734 1380 824 1438 illius
843 1379 966 1439 nullam
986 1379 1024 1440 de
1039 1381 1208 1462 praedictis
1230 1382 1325 1442 rebus

194 1464 300 1523 valcat
322 1461 429 1521 facere
454 1461 689 1542 repetitionem.
739 1463 875 1543 Insuper
898 1471 930 1520 et
959 1462 1026 1544 ipse
1057 1483 1115 1544 per
1137 1485 1170 1524 se
1192 1463 1326 1523 fideius-

193 1566 299 1606 sorem
319 1544 414 1604 faciat
432 1542 575 1603 eiusdem
593 1539 776 1615 vestituram
798 1565 839 1604 ne
856 1543 968 1603 heredi
992 1544 1059 1603 ulla
1076 1545 1200 1607 occasio
1221 1565 1326 1604 rema·

194 1636 269 1687 neat
290 1625 375 1686 hanc
399 1625 603 1686 traditionem
626 1625 919 1701 immutandi,‚sea
946 1627 1051 1706 potius
1078 1627 1256 1688 necessitas
1279 1628 1326 1685 in·

193 1708 321 1770 cumbet
341 1708 430 1768 illam
447 1709 646 1786 perficiendi.
688 1711 732 1770 Et
750 1710 776 1770 si
802 1710 946 1768 nondum
961 1730 1012 1768 res
1031 1732 1101 1770 suas
1129 1732 1203 1771 cum
1226 1708 1325 1768 cohe-

192 1790 323 1851 redibus
351 1789 549 1851 suisdivisas
573 1791 696 1870 hahuit,
719 1813 784 1852 non
812 1791 841 1851 ei
872 1791 934 1851 hoc
964 1791 1004 1850 sit
1039 1792 1322 1874 impedimentnm;

193 1873 249 1934 scd
271 1871 405 1932 coheres
425 1871 512 1949 eius,
536 1873 562 1934 si
587 1887 700 1957 sponte
733 1873 889 1949 noluerit,
928 1883 983 1932 aut
1011 1895 1071 1954 per
1097 1876 1246 1935 comitem
1272 1881 1325 1932 aut

192 1975 253 2037 per
267 1955 400 2025 Missum
420 1955 489 2014 eius
506 1956 714 2040 distringatur
731 1966 768 2018 ut
786 1956 980 2016 divisionem
1001 1977 1075 2016 cum
1097 1959 1154 2017 illo
1172 1955 1268 2017 faciat
1282 1954 1323 2014 ad

193 2058 291 2118 quem
309 2035 482 2096 defunctus
496 2037 708 2102 hereditatem
724 2061 811 2100 suam
828 2039 934 2101 voluit
951 2040 1132 2120 pervenire.
1154 2042 1196 2100 Et
1208 2039 1234 2100 si
1253 2035 1323 2098 cui-

193 2119 273 2179 lihet
289 2117 452 2178 Ecclesiae
470 2139 539 2177 eam
556 2123 682 2183 tradere
703 2122 843 2202 rogavit,
874 2121 1006 2180 coheres
1026 2123 1095 2183 eius
1123 2143 1193 2182 cam
1219 2123 1323 2202 legem

193 2223 267 2262 cum
289 2200 345 2259 illa
366 2200 512 2263 Ecclesia
534 2201 572 2261 de
592 2206 755 2283 praedicta
768 2202 946 2262 hereditate
974 2202 1108 2282 habeat,
1136 2227 1233 2284 quam
1249 2223 1323 2263 cum

193 2283 251 2343 illo
269 2282 429 2343 coherede
444 2305 501 2343 suo
521 2283 638 2346 habere
654 2287 759 2347 debet.
780 2289 823 2347 Et
834 2286 895 2346 hoc
913 2282 1102 2346 observetur
1115 2308 1189 2366 erga
1201 2295 1323 2366 patrem

194 2375 226 2425 et
245 2365 349 2424 lilium
365 2376 399 2436 et
415 2375 564 2445 nepotem
584 2389 684 2448 usque
702 2370 741 2428 ad
757 2391 858 2428 annos
878 2368 1045 2448 legitimos.
1094 2369 1212 2429 Postea
1235 2367 1321 2450 ipsae

193 2468 245 2508 res
260 2448 297 2508 ad
315 2446 522 2509 emunitatem
545 2449 642 2531 ipsius
664 2451 827 2519 Ecclesiae
847 2451 991 2514 redeant.
1035 2450 1119 2511 Ibid.
1141 2472 1167 2510 c.
1196 2470 1241 2531 ις).

515 2553 564 2613 De
582 2556 762 2616 homicidiis
776 2554 990 2640 prohibendis,

157 2721 159 2729 .
277 2660 480 2744 CCXXXVI.
529 2660 725 2740 Quicunque
745 2660 911 2720 hominem
929 2669 985 2720 aut
1007 2683 1047 2722 ex
1069 2661 1134 2722 levi
1160 2646 1259 2742 causa
1273 2674 1326 2725 aut

193 2745 263 2806 sinc
282 2765 376 2804 causa
397 2741 617 2819 interfecerit,
650 2743 835 2828 wirgildum
852 2742 921 2802 eius
940 2741 991 2805 his
1011 2745 1051 2804 ad
1067 2767 1146 2826 quos
1164 2745 1221 2805 ille
1250 2769 1326 2828 per-

194 2829 291 2900 tinet,
314 2833 492 2907 componat.
535 2826 606 2908 Ipse
630 2847 707 2886 vero
733 2835 867 2907 propter
900 2825 999 2885 talem
1029 2827 1327 2909 praesumptionem

78 2955 80 2962 ,
136 2940 138 2944 >
193 2909 226 2968 in
249 2907 383 2968 exilium
403 2908 546 2968 mittatur
566 2907 605 2967 ad
627 2919 782 2989 quantum
800 2918 925 2989 tempus
949 2907 1040 2970 nobis
1064 2909 1234 2992 placuerit.
1263 2913 1326 2972 Res

193 3001 300 3050 tamen
316 3012 386 3052 suas
404 3012 470 3078 non
486 2991 618 3050 amittat.
661 2991 742 3052 laid.
766 3013 792 3051 c.
816 3011 864 3050 20.

320 3119 409 3200 Quid
424 3122 457 3178 in
473 3121 728 3204 compositionem
748 3118 892 3198 wirgildi
910 3116 983 3178 clari
997 3141 1060 3180 non
1079 3119 1200 3190 debeat.

279 3223 505 3290 CCXXXVll.
548 3225 587 3286 ln
611 3225 876 3307 compositionem
900 3208 1039 3306 wirgildi
1057 3227 1205 3288 volumus
1229 3237 1265 3288 ut
1288 3251 1325 3290 ea

198 3309 317 3368 dentur
337 3306 469 3387 quaein
498 3309 568 3388 lege
590 3309 809 3382 continentur,
833 3318 967 3388 excepto
990 3307 1141 3388 accipitre
1164 3320 1195 3370 et
1217 3321 1323 3391 spata;

196 3391 271 3472 quia
284 3399 424 3471 propter·
436 3389 492 3448 illa
506 3391 570 3450 duo
589 3390 758 3470 aliquoties
777 3390 958 3472 periurium
976 3391 1196 3468 committitur,
1219 3415 1325 3474 quan-

196 3477 238 3535 do
256 3470 385 3532 maioris
399 3472 495 3553 pretii
509 3494 605 3552 quam
629 3473 685 3531 illa
702 3473 764 3532 sint
785 3493 852 3531 esse
875 3472 1030 3537 iurantur,
1073 3473 1160 3534 laid.
1183 3497 1209 3534 c.
1233 3497 1283 3536 ar.

474 3575 523 3635 Dc
540 3589 633 3659 raptu
658 3577 833 3636 alienarum
850 3597 1044 3658 sponsarum.

278 3681 525 3748 CCXXXVlll.
569 3681 603 3741 Si
621 3682 693 3762 quis
710 3703 857 3762 sponsam
876 3681 1013 3741 allenam
1030 3683 1184 3764 rapuerit,
1200 3693 1257 3744 ant
1271 3707 1325 3768 pa-

194 3768 322 3844 tricius,
333 3776 388 3826 aut
400 3766 428 3827 ei
442 3765 499 3846 qui
515 3765 639 3844 legibus
654 3764 876 3824 eiusdcl'ensor
891 3786 957 3824 esse
976 3765 1082 3841 debet,
1093 3786 1166 3825 cum
1181 3790 1237 3828 sua
1253 3769 1323 3850 lege

195 3873 265 3913 eam
284 3848 407 3910 reddat.
450 3851 492 3908 Et
504 3847 662 3927 quicquid
676 3869 748 3906 cum
769 3869 804 3905 ea
819 3847 940 3923 tulerit,
953 3847 1098 3907 semotim
1117 3871 1325 3931 unamquam-

193 3952 256 4016 que
283 3953 350 3992 rem
374 3931 553 3991 secundum
577 3929 681 4010 legem
701 3929 825 3992 reddat.
875 3931 916 3988 Et
942 3929 968 3988 si
991 3929 1053 3989 hoc
1077 3931 1230 4007 defensor
1253 3933 1323 3994 eius

191 4014 371 4099 perpetrari
395 4013 574 4087 consensit,
598 4021 630 4071 et
652 4013 722 4071 ideo
745 4011 865 4090 raptori
892 4010 975 4070 nihil
1003 4033 1139 4092 quarere
1161 4016 1321 4088 volucrit,

193 4101 307 4159 Comes
328 4096 454 4176 singula
477 4096 516 4156 de
544 4115 737 4174 unaquaque
763 4114 797 4151 re
818 4094 910 4153 freda
930 4104 1037 4154 nostra
1055 4093 1093 4153 ah
1114 4117 1152 4156 eo
1174 4106 1321 4157 exactare

192 4181 306 4240 faciat:
329 4201 445 4261 sponso
458 4199 534 4238 vero
552 4177 656 4258 legem
678 4198 767 4236 suam
783 4184 964 4256 componat,
988 4185 1020 4237 et
1033 4177 1164 4259 insuper
1177 4179 1322 4238 hennum

194 4271 349 4338 nostrum,
373 4260 479 4339 idest,
505 4259 669 4342 sexaginta
691 4257 809 4320 solidos
835 4258 956 4330 solvat3
980 4259 1033 4323 vel
1053 4258 1087 4320 in
1109 4261 1321 4344 praesentiam
