2948 4990
481 389 485 398 ,
560 327 676 389 aissa
698 322 897 388 cernuus.
1208 315 1279 393 679

254 466 690 556 amalteriusaliquamscrip-
739 487 809 532 sio.
832 467 941 530 Deliis
950 477 1007 554 qni
1017 473 1280 538 sinciussioncE·

229 594 233 602 .
254 557 356 608 turam
369 553 423 613 vel
439 557 690 636 canticacompo·
839 555 964 638 piscopi
979 557 1105 617 Iudices
1125 560 1280 619 seculares

232 633 373 691 *suerint
401 633 457 694 vel
485 638 688 698 cantaverint.
740 665 747 673 =
842 634 969 709 adeunt,
998 652 1052 699 aut
1071 643 1136 700 sine
1155 643 1280 702 licentia

150 725 223 770 uot-
252 709 340 848 {aia
352 714 391 774 de
405 717 626 779 Sacerdotibus
643 715 691 776 vel
843 729 874 778 et
906 720 1021 781 litteris
1053 722 1205 806 Episcopi
1230 724 1283 782 sni

281 797 373 856 evitis
392 797 431 856 cle
443 821 474 860 se
490 802 605 860 crimen
618 819 690 860 con·
838 799 1093 884 proficiscuntur.
1110 805 1198 864 Etde
1208 805 1280 864 Lai·

154 889 158 896 “
243 871 413 955 fitentibus
434 880 586 959 agendum
607 883 657 940 sit.
840 883 885 942 cis
904 883 1055 944 Ecclesiis
1078 887 1132 947 vel
1150 887 1279 947 Clericis

149 973 221 1016 202.
255 952 297 1014 Ut
312 961 414 1020 nullus
432 964 602 1040 Presbyter
610 984 688 1044 poe·
789 955 792 962 ’
842 963 1248 1047 calumniamfacientibus.¹

254 1038 387 1100 nitentes
405 1046 580 1105 inconsulto
599 1045 691 1124 Epis·
739 1061 810 1102 211.
840 1045 887 1103 De
901 1045 1005 1108 Laicis
1019 1053 1136 1110 vitiosis
1147 1053 1165 1109 ἱι
1178 1051 1279 1110 Cleri-

255 1139 333 1203 copo
344 1127 548 1186 reconciliare
563 1126 688 1190 audeat.
828 1128 898 1198 ¹cis,
909 1131 971 1188 nisi
983 1147 1091 1214 sponte
1112 1133 1276 1206 voluerint,

257 1199 300 1260 Et
313 1217 347 1263 ut
363 1229 467 1266 omnes
480 1209 603 1289 publice
617 1228 690 1291 poe·
839 1229 902 1268 non
918 1214 1117 1295 recipiendis.

253 1285 387 1346 nitentes
402 1292 434 1349 in
450 1289 692 1349 CoeaaDomint
740 1307 811 1350 212.
844 1288 926 1350 Utbi
936 1297 991 1375 qui
1000 1310 1108 1379 sponte
1123 1294 1277 1354 bominem

255 1365 301 1424 ad
319 1368 510 1452 Episcopum
525 1373 691 1455 proprium
841 1373 984 1435 occidere
994 1379 1158 1448 voluerint,
1176 1390 1204 1434 ct
1214 1397 1277 1436 non

227 1487 229 1490 -
256 1456 460 1529 conveniant,
483 1464 516 1510 nt
532 1455 570 1514 ab
592 1473 627 1514 eo
640 1474 691 1525 ca·
837 1461 999 1536 potuerint
1020 1472 1221 1543 perpetrare,
1243 1469 1277 1516 nt

256 1534 366 1594 nonice
397 1535 602 1596 absolvantur
636 1534 690 1595 vel
841 1537 1016 1600 homicidae
1035 1542 1216 1604 habeantur.

256 1609 478 1678 diiudicentur.
740 1614 811 1680 213.
837 1616 885 1677 De
906 1621 1034 1682 Cleriois
1048 1624 1102 1706 qui
1119 1623 1137 1680 a
1154 1623 1218 1680 suis
1229 1641 1276 1680 rc·

108 1757 110 1762 ,
139 1688 226 1756 305.
252 1691 304 1752 De
321 1699 442 1760 Clerico
464 1697 512 1760 vel
528 1698 691 1780 Laicoqui
840 1699 953 1762 cedunt
971 1703 1085 1786 Episco
1110 1706 1146 1768 is,

88 1798 89 1804 ¹
147 1807 151 1812 ·
256 1794 312 1836 suo
337 1780 494 1864 Episcopo
523 1780 690 1841 calumnia·
739 1725 1275 1856 214.UtnnlliSaeerdbteseorum

255 1868 307 1917 tor
323 1863 473 1927 extiterit.
840 1864 989 1938 decimas,
1013 1881 1068 1926 ant
1093 1865 1215 1948 aliquid
1235 1865 1274 1924 dc

151 1930 223 2009 noli·
252 1943 301 2001 De
311 1946 413 2005 causis
429 1947 463 2004 in
475 1941 592 2004 iudicio
611 1965 687 2004 con·
840 1945 929 2006 rebus
943 1947 1273 2026 oelsacultaribusEc·

253 2026 426 2091 vincendis.
487 2025 530 2084 Et
554 2026 592 2085 de
616 2047 688 2086 scn-
838 2027 962 2100 clesiae,
981 2033 1047 2089 sine
1062 2030 1273 2113 licentiapro·

253 2111 351 2168 tentia
375 2106 528 2168 aduersas
547 2110 686 2169 absentes
834 2111 901 2191 prii
942 2111 1093 2196 Episcopi
1136 2109 1274 2172 uendere

251 2189 453 2272 infirmanda.
495 2189 537 2248 Et
560 2189 600 2248 de
617 2210 687 2249 cau·
832 2206 1040 2272 panesunaant.

251 2274 294 2331 sis
309 2275 343 2331 in
359 2270 477 2332 iudicio
496 2293 559 2332 non
584 2271 687 2330 rcool·
735 2266 804 2332 215.
832 2272 880 2330 De
915 2276 1118 2334 anathematis
1143 2273 1274 2333 bomini·

252 2352 374 2416 vendis.
421 2352 465 2412 Et
487 2367 520 2412 ut
546 2353 686 2414 absentes
750 2371 753 2382 ·
836 2354 892 2415 bus
912 2357 1108 2439 repellendis.

149 2457 154 2465 ·
250 2458 314 2498 non
331 2435 523 2508 damnentur.
544 2431 688 2518 thuod
735 2431 803 2499 2216.
834 2435 882 2496 Dc
898 2436 1274 2498 sententiaadoersusalr·

251 2521 393 2580 absentes
404 2538 465 2599 per
486 2519 581 2578 alium
589 2561 602 2588 ,
630 2536 686 2574 nec
837 2533 937 2578 sentes
962 2520 1009 2579 vel
1036 2520 1170 2579 minores
1193 2515 1275 2578 iudi·

252 2621 420 2670 accusare,
458 2621 513 2661 nec
546 2597 688 2661 accusari
838 2613 908 2661 cata
925 2623 987 2662 non
1011 2601 1149 2662 valenda.

249 2683 381 2766 possint.
569 2711 571 2718 v
738 2699 807 2761 217.
839 2681 926 2762 Quid
949 2682 988 2742 de
1015 2683 1145 2743 Clericis
1163 2681 1219 2764 qui
1240 2681 1274 2740 in

150 2760 221 2827 2⁰5.
252 2765 339 2842 Quid
358 2764 397 2824 ae
427 2763 617 2827 delatoribus
639 2759 688 2847 fi·
841 2763 993 2827 seditione
1019 2787 1105 2826 arma
1123 2775 1274 2848 portaue-

166 2888 171 2903 .
254 2846 375 2908 delibus
389 2846 540 2926 agendum
555 2847 606 2910 sit.
840 2846 1112 2926 rint,saciendnrn
1131 2848 1181 2904 sit.

150 2925 223 2992 206.
254 2928 301 2988 De
317 2930 539 2990 Sacerdotibus
559 2929 607 2988 vel
623 2927 689 2987 Cle·
740 2923 809 2990 218.
837 2927 886 2986 De
901 2931 1009 3012 bisqui
1019 2929 1224 2996 inebriantur,
1240 2938 1274 2985 ut

147 3032 150 3038 ·
255 3012 392 3092 ricisqui
405 3033 465 3095 per
498 3011 622 3072 ectenias
633 3009 689 3070 ati·
839 3009 1118 3082 acomnzunione,
1155 3009 1217 3068 nisi
1243 3028 1274 3067 so

255 3114 343 3170 orum
364 3033 568 3154 Sacerlbeam
582 3090 690 3152 Eccle·
839 3098 1057 3164 eoroeaecrint,
1080 3087 1275 3176 suspendan-

255 3178 317 3234 sias
335 3189 387 3234 aut
415 3174 567 3258 beneficia
590 3173 691 3234 subri-
778 3245 781 3252 Ι
841 3186 913 3247 tur,
940 3189 993 3236 acet
1014 3173 1174 3258 corporali
1200 3192 1275 3254 sup·

249 3259 341 3338 piant
362 3258 416 3316 vel
432 3259 621 3317 subveniunt.
863 3257 936 3318 licio
959 3258 1140 3320 subdantur.

149 3357 221 3418 207.
256 3337 296 3398 Ut
315 3342 469 3398 seculares
478 3337 516 3398 de
530 3339 609 3398 viris
621 3337 689 3396 Deo
741 3355 810 3419 219.
827 3276 957 3418 {nitide
966 3341 1013 3399 bis
1023 3339 1181 3398 Ecclesiae
1190 3334 1278 3396 ludi·

254 3421 382 3492 dicatis,
398 3421 617 3503 Ecclesiaeque
629 3417 689 3500 sa·
841 3417 1277 3504 cibusfaciendurnsitquiab·

255 3504 433 3575 cultatibus,
451 3501 689 3584 adsenibilpu·
840 3517 940 3563 sentes
954 3503 1048 3563 indic.
1065 3511 1276 3583 praesumunt.

255 3596 319 3644 tent
328 3589 485 3668 pertinere
496 3595 623 3664 praeter
637 3603 689 3642 re·
739 3603 808 3645 uuo.
830 3581 878 3645 De
892 3586 940 3644 bis
950 3585 1004 3668 qui
1016 3583 1102 3670 apud
1109 3596 1276 3643 extraneos

252 3671 424 3728 verentium
443 3677 572 3726 tantum.
842 3667 1098 3728 Iudiceseausam
1112 3683 1275 3745 suampro·

54 3775 61 3792 ⁶
152 3746 222 3808 ποθ.
250 3748 298 3806 De
314 3751 410 3808 servis
426 3748 632 3808 Dominarum
637 3745 696 3828 fea
790 3813 793 3820 ,
840 3745 1278 3833 ponunt,Etdelcisquipri-

256 3832 364 3890 cinora
382 3828 533 3911 confessis
553 3846 616 3887 non
633 3850 690 3889 au·
842 3827 1280 3914 usinpropriosorononiar·

256 3911 394 3977 diendis„
839 3914 994 3991 gaverint.
1012 3911 1056 3974 Et
1073 3910 1111 3968 de
1121 3907 1285 3970 iudicibus.

155 4012 226 4074 2⁰9·
255 3992 342 4074 Quid
363 3993 402 4054 de
434 3992 610 4052 bominibus
636 3997 696 4076 qui
765 4029 768 4042 ·
842 3996 897 4078 qui
914 4015 970 4052 sua
991 3988 1181 4072 neglegentia
1203 4005 1278 4052 tau-

255 4095 407 4156 paupcres
435 4076 624 4157 expoliant,
661 4089 691 4138 ct
842 4096 893 4135 sas
914 4073 1076 4158 differunt.

257 4155 440 4216 admonente
456 4157 571 4238 ltpisco
595 4178 693 4220 onon
742 4176 812 4222 221.
826 4155 922 4240 Quod
928 4155 1217 4217 ruinismiserorum
1226 4173 1282 4238 op·

257 4235 465 4318 reddiderint,
476 4255 553 4319 agen
579 4261 628 4302 unt
639 4242 697 4304 sits
729 4311 731 4322 Ι
795 4267 798 4276 ’
841 4239 918 4327 pido
932 4233 1176 4302 succurccnclum
1188 4237 1239 4298 sia
