2910 4986
180 273 252 345 410
641 296 929 370 carnumnrnu

426 436 506 497 Item
525 435 564 498 cte
580 441 715 498 arroritia
737 441 791 498 uel
809 438 1068 522 concupiscentie.

244 536 380 601 LXIV.
423 541 472 599 De
491 542 623 601 avaritia
641 552 748 604 autem
768 543 904 625 legimus
929 543 1120 624 Apostolum
1138 541 1311 603 dicentcm=

180 623 338 697 Avaritia,
357 641 435 704 quae
456 623 681 685 cst-idolorum
699 629 846 703 servitus,
880 625 1025 686 carendo.
1067 625 1116 685 De
1142 625 1315 706 concupis-

180 705 286 768 centia
300 725 377 766 vero
394 705 517 787 legitur
530 707 617 788 quod
636 708 727 768 radix
749 709 790 768 sit
805 709 948 770 omnium
966 709 1132 768 malorum.
1153 708 1195 768 Et
1214 707 1247 767 in
1264 707 1315 766 le-

180 810 236 874 ge:
258 788 332 849 Non
347 789 545 872 concupisces
562 810 627 849 rem
644 793 858 872 proximitui.
880 790 964 852 Ibid.
980 811 1006 851 c.
1024 790 1073 867 64.

549 895 599 954 De
627 896 745 956 honore
773 911 948 981 porcinum.

261 999 362 1064 LXV.
404 1001 473 1063 Hoc
496 1023 569 1062 cum
589 1023 704 1084 magno
722 1003 828 1064 studio
851 1004 1089 1066 admonendum
1117 1012 1176 1081 est,
1198 1012 1235 1063 ut
1256 1002 1316 1064 filii

179 1086 344 1146 honorent
364 1095 514 1167 parentes
536 1106 629 1155 suos;
658 1085 735 1167 quia
765 1086 833 1167 ipse
866 1086 1024 1148 Dominus
1056 1085 1151 1147 dicit:
1181 1085 1317 1146 Honora

176 1181 300 1251 patrem
327 1180 413 1231 tuum
438 1181 469 1228 et
494 1181 625 1228 ciatrem
651 1180 746 1246 tuom,
772 1181 806 1227 nt
826 1170 869 1228 sis
891 1168 1057 1248 longaevus
1081 1179 1316 1252 superterram

98 1327 105 1338 ,
179 1264 272 1333 quom
291 1251 446 1310 Dominus
468 1250 554 1308 Deus
569 1249 741 1311 innodabit
764 1250 830 1311 tibi.
872 1249 956 1313 loid.
979 1272 1005 1312 c.
1024 1251 1075 1333 67.

302 1356 351 1415 Dc
368 1353 445 1438 fide
458 1353 722 1431 Presbyterorum
742 1359 780 1418 ab
796 1354 964 1441 Episcopis
983 1354 1192 1425 discutienda.

261 1459 381 1522 LXVI.
424 1463 466 1521 Ut
482 1459 635 1542 Episcopi
655 1461 829 1544 diligenter
846 1461 1022 1522 discutiant
1040 1484 1101 1545 per
1123 1487 1194 1530 suas
1216 1493 1314 1553 parc·

181 1542 269 1607 chias
281 1543 549 1628 Presbyterorum
566 1541 673 1622 fidem,
690 1544 845 1633 baptisma
860 1542 1065 1629 catholicum,
1091 1556 1124 1607 et
1147 1552 1318 1614 Missurum

181 1625 427 1703 celebrationes,
444 1634 479 1686 ut
491 1625 586 1686 fidem
600 1635 721 1687 rectam
740 1634 884 1697 teneant,
900 1635 933 1686 et
949 1626 1104 1710 baptisma
1119 1633 1317 1696 catholicum

181 1709 364 1786 observent,
383 1719 415 1769 et
436 1709 605 1770 Missarum
626 1730 738 1793 preces
758 1709 841 1770 bene
864 1707 1067 1791 intellegant,
1092 1721 1124 1771 et
1147 1725 1184 1776 ut
1201 1719 1316 1799 psalmi

181 1793 278 1874 digne
295 1791 475 1852 secundnm
495 1791 670 1854 divisiones
694 1813 845 1855 versuum
871 1791 1091 1870 modulentur,
1117 1805 1149 1856 ct
1173 1798 1314 1859 domini-

181 1896 250 1937 cam
264 1871 444 1934 orationem
461 1873 520 1956 ipsi
535 1873 737 1956 intellegant,
751 1883 783 1936 et
800 1873 948 1934 omnibns
964 1875 1152 1956 praedicent
1180 1880 1317 1943 intelle-

180 1955 329 2040 gendam,
346 1964 382 2016 ut
399 1955 536 2038 quisque
554 1956 632 2018 sciat
652 1956 730 2037 quid
747 1965 836 2040 petat
852 1955 870 2014 d
889 1958 969 2016 Deo.
1010 1957 1053 2016 Et
1067 1967 1104 2017 ut
1122 1960 1234 2022 Gloria
1245 1964 1317 2023 Po-

180 2041 224 2100 tri
247 2060 322 2099 curn
338 2039 426 2098 omni
445 2037 568 2100 honore
584 2039 670 2123 apud
686 2060 796 2101 omnes
817 2046 981 2109 cantetur3
1005 2045 1038 2099 et
1067 2040 1134 2122 ipse
1160 2044 1319 2107 Sacerdos

181 2143 256 2183 cum
276 2121 393 2182 sanctis
412 2119 545 2202 Angelis
569 2131 601 2183 et
617 2120 745 2205 ‘populo
764 2121 826 2182 Dei
857 2121 1021 2181 communi
1046 2144 1137 2201 voce,
1166 2125 1322 2200 donetur,-

180 2203 328 2275 Sonctuc,
346 2202 479 2262 Sanctus
496 2201 654 2265 decantet.
695 2204 737 2263 Et
753 2203 945 2264 omnimodis
962 2203 1136 2265 dicendum
1154 2216 1201 2268 est
1219 2209 1320 2268 Pres-

178 2286 299 2368 byteris
316 2293 350 2347 ct
363 2283 560 2348 Diaconihus
576 2296 612 2347 nt
631 2307 716 2346 arma
730 2306 795 2346 non
811 2295 953 2368 portent,
983 2285 1041 2348 sed
1059 2288 1158 2370 magis
1180 2309 1214 2352 se
1237 2310 1318 2351 con-

181 2369 282 2430 fidant
296 2367 331 2429 in
351 2367 497 2428 oratione
518 2368 580 2430 Dei
595 2389 691 2451 quam
707 2367 740 2428 in
761 2369 865 2430 armis.
906 2368 991 2430 Ibid.
1007 2389 1033 2429 c.
1052 2369 1102 2432 68.

520 2474 569 2533 Dc
586 2475 704 2534 bonore
729 2472 888 2535 Ecclesiae
907 2474 978 2533 Dei.

263 2579 401 2644 LXVII.
441 2579 571 2642 Placuit
585 2578 678 2641 nobis
692 2578 864 2640 admonere
884 2588 920 2642 ut
938 2581 1162 2664 unusquisque
1182 2582 1320 2668 Episcoe

205 2686 242 2725 us
259 2664 369 2728 videat
382 2683 442 2749 per
453 2662 637 2746 parochiam
655 2680 743 2722 suam
764 2670 800 2721 ut
828 2661 975 2723 Ecclesia
1004 2663 1065 2725 Dei
1087 2687 1181 2726 snum
1202 2666 1320 2727 habeat

179 2687 350 2826 honorem,
373 2747 468 2808 simul
492 2755 525 2806 et
544 2744 655 2804 altaria
668 2744 848 2805 secundum
869 2766 957 2806 suam
980 2744 1169 2827 dignitatem
1194 2753 1235 2826 m)
1260 2769 1320 2810 ve·
1343 2761 1351 2774 “

181 2839 351 2908 nerentur,
373 2839 406 2891 et
423 2850 500 2894 non
521 2828 562 2890 sit
578 2828 691 2888 domus
710 2825 772 2886 Dei
797 2834 828 2886 et
856 2827 966 2888 altaria
989 2838 1109 2888 sacrata
1128 2829 1240 2912 pervia
1265 2851 1320 2892 ca·

182 2912 288 2974 nibus.
331 2914 373 2980 Et
390 2921 427 2973 ut
443 2933 516 2974 vasa
533 2919 654 2972 sacrata
670 2912 741 2970 Deo
761 2929 835 2970 cum
849 2930 964 2991 magna
987 2911 1197 2973 veneratione
1222 2912 1320 2972 hahe-

182 3002 289 3054 antur.
331 2996 373 3056 Et
387 3003 423 3054 ut
440 2993 595 3056 sacrificia
609 2990 803 3053 sanctificata
815 3001 851 3063 n)
865 2993 935 3052 Deo
958 3012 1033 3051 cum
1049 3013 1164 3074 magna
1183 2993 1320 3076 diligen·

182 3078 229 3136 tia
250 3076 352 3137 abeis
373 3075 570 3158 colligantur
582 3075 639 3158 qui
663 3073 753 3156 digni
779 3081 865 3150 sunt,
891 3082 923 3133 et
946 3095 1021 3134 cum
1040 3073 1164 3136 honore
1183 3097 1319 3138 serven-

182 3167 294 3230 turo).
335 3159 377 3220 Et
396 3170 431 3219 ut
459 3159 619 3222 secularia
645 3155 773 3238 negotia
800 3154 851 3216 vcl
881 3154 1071 3236 vaniloquia
1100 3157 1134 3216 in
1162 3156 1319 3219 Ecclesiis

184 3262 251 3300 non
269 3251 420 3322 agantur:
443 3243 519 3324 quia
536 3242 650 3304 domus
665 3238 727 3301 Dei
749 3238 861 3299 domus
877 3237 1029 3299 orationis
1046 3237 1143 3300 debet
1155 3260 1235 3316 esse,
1251 3259 1318 3297 non

184 3322 340 3405 spelunca
359 3324 527 3384 latronum.
571 3325 614 3384 Et
635 3323 777 3406 intentos
795 3319 934 3382 habeant
954 3319 1076 3381 animos
1090 3329 1128 3404 p)
1147 3321 1188 3385 ad
1213 3322 1320 3383 Deum

184 3404 315 3488 quando
332 3405 470 3466 veniunt
485 3406 525 3467 ad
539 3406 708 3472 Missarum
722 3403 890 3480 solemnia,
905 3412 937 3463 et
953 3411 989 3461 nt
1009 3422 1075 3461 non
1104 3411 1222 3463 exeant
1245 3410 1320 3463 ante

185 3487 434 3572 completionem
452 3487 689 3548 benedictionis
703 3485 917 3547 sacerdotalis.
960 3483 1043 3546 Ibid.
1065 3505 1091 3545 c.
1113 3483 1163 3566 69.

403 3595 452 3654 De
474 3592 632 3654 Ministris
654 3591 765 3653 altoris
786 3592 861 3663 Dei,
879 3603 910 3652 ct
928 3588 969 3650 de
987 3590 1104 3650 schola.

266 3699 422 3772 LXVIII.
465 3699 531 3760 Sed
553 3707 587 3759 et
607 3697 671 3758 hoc
694 3697 871 3780 flagitamus
897 3704 1035 3761 vestram
1066 3695 1252 3776 almitatem,
1284 3709 1321 3760 ut

186 3785 325 3861 Ministri
352 3782 461 3844 altaris
477 3780 539 3844 Dei
559 3801 654 3845 suum
668 3779 885 3841 ministerium
902 3779 996 3840 bonis
1022 3779 1165 3841 moribus
1190 3790 1319 3860 ornent,

187 3891 245 3932 sea
266 3867 321 3928 alii
344 3865 500 3929 Canonici
524 3864 694 3928 observent
709 3869 819 3925 eorum
835 3860 978 3941 ordines,
997 3862 1051 3924 rel
1073 3858 1223 3926 Monachi
1243 3885 1323 3947 pro·

217 4033 476 4052 m

222 4174 487 4241 m)a1.ms.illornm
505 4171 719 4246 magnitudinem
820 4174 851 4234 o)
869 4167 902 4219 al.
921 4185 980 4221 mss.
997 4168 1144 4237 serviant,·
1161 4173 1286 4226 servant.

224 4255 258 4309 n)
275 4245 308 4298 al.
328 4247 373 4298 ms.
391 4256 522 4298 socrum>
819 4245 851 4308 p)
867 4239 899 4291 al,
919 4257 978 4293 mss.
997 4240 1124 4296 homines.
