2910 4984
488 335 645 394 noaino
680 337 842 401 Qunam
1160 317 1265 398 837,

11 491 19 546 ι
115 475 164 538 De
186 471 391 540 Praesidibus
411 473 466 534 nel
485 477 615 536 coeteris
636 475 880 575 rempublicam
893 495 983 558 ogere
1005 497 1040 538 oo
1042 476 1187 548 lentibus,
1196 498 1234 537 ne

115 559 183 621 sine
198 557 313 616 litteris
332 555 483 652 Episcopi
508 559 557 617 sui
577 561 808 621 communicent
849 556 891 621 Et
922 570 993 620 cum
1014 563 1123 620 contro
1137 558 1237 618 disci-

133 639 254 723 plinam
271 640 407 717 egerint,
430 641 746 706 excommunicentur
786 640 842 702 Ex
867 641 1006 702 Concita
1025 640 1224 704 Arelatense.

198 741 358 810 XXXVI.
400 746 448 805 De
468 745 666 828 praesidibus
684 769 739 828 qur
731 746 865 808 fideles
878 746 923 807 ‘ad
933 746 1145 844 praesidatum
1160 767 1241 842 pro·

7 827 15 854 ⁷
119 825 447 922 siliuntitaplacuit‚
469 838 593 888 utcum
609 829 744 911 promoti
765 830 904 906 suerint,
928 831 1049 890 litteras
1080 829 1239 925 accipiant

119 908 367 986 ecclesiasticas,
390 908 423 969 id
443 920 508 986 est,
529 913 854 983 communicatorias·
866 912 1035 972 itatamen
1055 911 1142 971 utin
1169 910 1252 993 qui-¹
1329 959 1332 966 .

9 1007 12 1014 “
118 992 309 1072 buscunque
327 990 406 1053 Iocis
421 992 592 1074 gesserint,
614 994 651 1052 ab
664 994 824 1076 Episcopo
839 994 980 1055 eiusdem
999 993 1061 1054 loci
1082 1016 1158 1054 eura
1173 977 1244 1052 illis

7 1075 13 1109 Υ
120 1083 254 1156 agetur3
248 1083 303 1132 ut
320 1096 393 1135 curn
413 1075 579 1170 coeperint
597 1083 707 1136 contra
721 1077 921 1169 disciplinam
942 1076 1104 1156 publicam
1119 1096 1243 1167 agere,
1263 1081 1264 1084 ’

8 1173 11 1176 ·
119 1165 189 1216 tum
204 1157 369 1216 demum
344 1180 363 1216 a
380 1156 603 1218 communione
624 1158 846 1224 excludantur.
888 1157 1044 1220 Similiter
1071 1167 1105 1220 et
1129 1159 1167 1224 de
1188 1155 1242 1216 Itis

8 1263 9 1266 ¹
119 1260 176 1321 qni
167 1239 427 1321 rempublicam
438 1261 531 1322 agere
547 1239 670 1304 volunt.

8 1357 13 1444 Ἴ,
124 1369 167 1432 Ut
184 1369 299 1431 Clerici
312 1369 366 1429 uel
382 1369 473 1429 Laici
491 1371 524 1430 in
553 1369 656 1430 alieno
681 1369 824 1431 Ecclesia
845 1392 908 1432 non
931 1369 1244 1432 communicantium

264 1451 543 1536 litterisEpiscopi
561 1453 618 1517 sui.
660 1451 716 1514 Ex
741 1453 1102 1535 CoucilinCortlrnginiS.
1164 1527 1168 1532 ι

202 1554 381 1623 XXXVII.
424 1557 550 1618 Sassina
564 1557 755 1622 Velenensis
774 1559 949 1640 Episcopus
966 1559 1062 1619 dixit·
1092 1585 1113 1616 ιι
1119 1559 1241 1620 Statuit

124 1639 289 1720 »gravitas
304 1645 409 1705 uestra
425 1649 461 1699 ut
476 1638 697 1721 unusquisque
717 1641 862 1702 (lleriens
876 1642 926 1702 vel
944 1641 1056 1704 Laicns
1070 1662 1149 1700 nou
1158 1661 1246 1701 eom·

123 1721 320 1784 amnuioent
340 1721 374 1782 in
392 1722 454 1782 alia
469 1722 604 1804 plebe'
581 1745 649 1784 siue
675 1723 791 1784 litteris
812 1722 963 1806 Episcopi
978 1723 1037 1788 sui
1049 1747 1067 1780 ι
1087 1723 1162 1784 VII.
1170 1720 1241 1800 456.

263 1855 344 1914 Item
365 1872 418 1913 ex
430 1851 582 1950 Capitulis
604 1853 722 1912 Domni
741 1851 856 1912 Koroli
883 1853 1099 1934 Imperatoris.

7 2007 9 2012 s
203 1955 399 2022 XXXVIII.
438 1956 473 2017 si
489 1955 560 2038 quis
571 1954 852 2031 Secularium,tam
872 1957 1000 2018 maioris
1017 1958 1137 2018 ordinis
1146 1974 1242 2038 quam

7 2091 14 2098 ,.
124 2050 159 2102 et
178 2038 341 2102 inferioris
357 2049 523 2120 peecatum
539 2039 660 2120 egerit,
683 2049 715 2098 et
729 2048 858 2100 vocatus
871 2061 921 2100 sur
913 2038 1095 2120 Episcopi
1106 2040 1242 2100 auctori·

123 2133 187 2183 tate
208 2121 248 2180 ad
267 2120 522 2183 emendationem
541 2143 576 2180 ao
597 2120 827 2200 poenitentiam
845 2121 956 2181 venire
973 2122 1144 2200 distuterit‚
1165 2131 1244 2182 tam-

125 2206 181 2266 diu
199 2203 240 2264 sit
258 2203 296 2262 ab
316 2203 462 2264 Ecclesia
482 2203 618 2264 extorris
630 2212 662 2263 et
676 2203 694 2262 d
710 2201 938 2263 catholicorum
956 2205 1115 2265 consortio
1131 2225 1244 2284 seque-¹

124 2297 257 2362 stratus,
279 2306 446 2366 quousque
468 2285 690 2380 quodinIicite
709 2284 880 2346 commissit
910 2277 1073 2363 emendet,
1106 2309 1142 2347 ae
1170 2305 1242 2345 rea·

123 2380 191 2429 tum
206 2389 300 2427 suum
316 2368 476 2449 usquead
497 2367 744 2429 satisfactionem
767 2367 920 2428 canonice
942 2367 1059 2443 diluat,
1082 2375 1176 2449 atque
1194 2387 1254 2426 re·-

125 2449 350 2512 conciliatione
374 2450 494 2530 proprii
523 2449 677 2534 Episcopi
697 2449 814 2510 divinis
832 2449 997 2546 precihus
1009 2414 1243 2546 indulgentiam

125 2542 340 2611 consequitur
361 2543 393 2592 et
412 2533 538 2592 veniam
553 2526 811 2608 ‚EecIesiaeque
837 2531 974 2610 gremio,
996 2533 1014 2592 a
1038 2531 1129 2592 cuius
1151 2541 1243 2590 utero

124 2615 325 2690 deviaverat,
345 2626 475 2695 peracte
485 2615 718 2690 satisfactione,
741 2613 781 2674 ab
793 2614 905 2674 eodem
918 2635 977 2695 per
995 2614 1243 2674 satisiactionem

126 2697 312 2762 emendatus
324 2698 483 2778 Eprscopo
503 2697 656 2760 canonice
670 2697 830 2758 reddatur.
874 2695 931 2757 VI.
948 2696 1010 2774 88..
1036 2696 1110 2758 VII.
1131 2697 1202 2778 597.
1286 2763 1291 2779 Ι

353 2828 403 2888 De
422 2828 540 2887 lionore
563 2837 594 2887 et
611 2847 687 2910 poce
708 2837 832 2886 sanctae
852 2823 930 2886 Eccl
930 2828 1020 2886 esiae.

206 2931 367 2996 XXXIX.
409 2933 451 2991 Ut
469 2930 619 2992 honoret
637 2953 700 3012 pax
717 2939 811 3013 atque
827 2929 946 2992 iustitia
960 2939 1085 2991 sanctae
1100 2931 1160 2994 Dei
1184 2933 1248 2994 an
1230 2953 1253 2984 -ι

127 3016 261 3094 elesino,
286 3026 495 3078 etseruorum
515 3013 602 3094 eius²
624 3011 762 3077 inlaesus
786 3013 831 3077 ah
858 3012 1005 3074 omuibus
1027 3024 1243 3080 conservetur.

194 3122 223 3164 0
596 3139 601 3146 .

126 3101 157 3167 L
172 3122 191 3182 9
322 3207 370 3266 Dc
391 3205 453 3264 Dec
464 3199 684 3263 Sacerdotibus
705 3193 901 3260 et-Ministris
921 3201 1040 3263 alteris.

208 3311 280 3372 XL.
322 3313 363 3370 Ut
383 3307 445 3369 Dei
463 3305 689 3368 Sacerdotibus
703 3314 734 3366 et
756 3305 917 3366 Ministris
935 3306 1041 3369 altaris
1061 3318 1171 3372 contra
1190 3329 1246 3382 ca·-

129 3395 277 3456 nouieam
293 3390 618 3454 auctoritatemnnlla
633 3387 768 3449 laesiod
788 3393 949 3470 quoquam
967 3389 1029 3454 liat.

331 3500 380 3558 De
401 3495 814 3579 concordicEpiscoporum
834 3507 872 3554 et·
888 3493 1049 3556 Coneitum.

210 3603 299 3666 XLI.
340 3606 383 3664 Ut
404 3583 554 3698 Episcopi
571 3611 603 3660 et
616 3599 753 3661 Comites
772 3599 944 3680 concordes
959 3599 1031 3661 sint.
1071 3602 1114 3662 Et
1136 3605 1246 3666 Gumi-

129 3699 177 3748 tes
190 3710 362 3768 eurumque
382 3685 520 3747 Ministri
540 3681 705 3766 Episcopis
726 3690 820 3764 atque
838 3703 948 3742 eorum
965 3683 1145 3746 Ministris
1136 3707 1169 3748 ιιι
1184 3709 1248 3754 om·

131 3771 226 3830 uibus
246 3770 408 3834 adiutores
420 3768 567 3831 existant
607 3771 657 3828 ΙΙ.
671 3766 700 3827 6.
728 3787 773 3826 ιιι

485 3875 534 3933 De
555 3870 700 3934 inccndio
722 3883 757 3930 et
772 3873 892 3955 rupino.

212 3943 319 4044 XLII.
361 3983 403 4040 Ut
418 3977 608 4040 incendium
618 3977 713 4040 rel
689 3977 837 4056 rapinam
850 3979 883 4037 in
901 3999 1001 4060 reguo
1015 3987 1123 4038 nostro
1140 3981 1258 4042 nuilus·

131 4065 235 4126 iaciat
274 4068 317 4126 Et
336 4060 786 4155 furesvelraptoresfortiter
804 4061 1086 4142 constringantur,
1117 4071 1153 4124 ut
1184 4083 1248 4124 uon·

132 4147 192 4210 utli
213 4167 269 4208 sna
288 4149 412 4207 auferre
436 4143 588 4222 audiant
554 4141 668 4205 tuisi
689 4141 991 4224 gratistrihuantur,
1005 4152 1059 4204 aut
1080 4143 1161 4210 iusto
1176 4167 1255 4207 cen*

133 4253 170 4294 su
186 4229 298 4335 exigua
304 4240 364 4290 t.ur
770 4261 773 4269 ι
