<?xml version="1.0" encoding="UTF-8"?>
<!DOCTYPE html PUBLIC "-//W3C//DTD XHTML 1.0 Transitional//EN"
    "http://www.w3.org/TR/xhtml1/DTD/xhtml1-transitional.dtd">
<html xmlns="http://www.w3.org/1999/xhtml" xml:lang="en" lang="en">
 <head>
  <title>
</title>
<meta http-equiv="Content-Type" content="text/html;charset=utf-8" />
  <meta name='ocr-system' content='tesseract 3.04.00' />
  <meta name='ocr-capabilities' content='ocr_page ocr_carea ocr_par ocr_line ocrx_word'/>
</head>
<body>
  <div class='ocr_page' id='page_1' title='image "./corpusiurisgerm04visigoog_0240.png"; bbox 0 0 2948 4990; ppageno 0'>
   <div class='ocr_carea' id='block_1_1' title="bbox 585 274 1281 361">
    <p class='ocr_par' dir='ltr' id='par_1_1' title="bbox 585 274 1281 361">
     <span class='ocr_line' id='line_1_1' title="bbox 585 274 1281 361; baseline -0.003 -1"><span class='ocrx_word' id='word_1_1' title='bbox 585 303 697 361; x_wconf 76' lang='grc'><strong>11111</strong></span> <span class='ocrx_word' id='word_1_2' title='bbox 734 274 888 361; x_wconf 69' lang='lat' dir='ltr'><strong>sextus,</strong></span> <span class='ocrx_word' id='word_1_3' title='bbox 925 336 926 340; x_wconf 16' lang='lat' dir='ltr'><strong>a</strong></span> <span class='ocrx_word' id='word_1_4' title='bbox 1209 283 1281 358; x_wconf 79' lang='grc'><strong>637</strong></span> 
     </span>
    </p>
   </div>
   <div class='ocr_carea' id='block_1_2' title="bbox 148 441 1286 1211">
    <p class='ocr_par' dir='ltr' id='par_1_2' title="bbox 354 441 1072 530">
     <span class='ocr_line' id='line_1_2' title="bbox 354 441 1072 530; baseline -0.006 -22"><span class='ocrx_word' id='word_1_5' title='bbox 354 441 396 508; x_wconf 87' lang='lat' dir='ltr'><strong>Ut</strong></span> <span class='ocrx_word' id='word_1_6' title='bbox 413 445 606 530; x_wconf 79' lang='lat' dir='ltr'><strong>potentiores</strong></span> <span class='ocrx_word' id='word_1_7' title='bbox 628 467 691 506; x_wconf 89' lang='lat' dir='ltr'><strong>non</strong></span> <span class='ocrx_word' id='word_1_8' title='bbox 713 447 890 530; x_wconf 82' lang='lat' dir='ltr'><strong>opprimant</strong></span> <span class='ocrx_word' id='word_1_9' title='bbox 907 441 1072 528; x_wconf 66' lang='lat' dir='ltr'><strong>pauperes.</strong></span> 
     </span>
    </p>

    <p class='ocr_par' dir='ltr' id='par_1_3' title="bbox 148 549 1286 1211">
     <span class='ocr_line' id='line_1_3' title="bbox 235 549 1282 634; baseline -0.001 -20"><span class='ocrx_word' id='word_1_10' title='bbox 235 549 467 614; x_wconf 85' lang='lat' dir='ltr'><strong>CCLXXXll.</strong></span> <span class='ocrx_word' id='word_1_11' title='bbox 509 553 558 612; x_wconf 86' lang='lat' dir='ltr'><strong>De</strong></span> <span class='ocrx_word' id='word_1_12' title='bbox 588 551 795 634; x_wconf 77' lang='lat' dir='ltr'><strong>oppressione</strong></span> <span class='ocrx_word' id='word_1_13' title='bbox 824 569 1000 632; x_wconf 87' lang='lat' dir='ltr'><strong>pauperum</strong></span> <span class='ocrx_word' id='word_1_14' title='bbox 1023 549 1200 610; x_wconf 89' lang='lat' dir='ltr'><strong>liberorum</strong></span> <span class='ocrx_word' id='word_1_15' title='bbox 1221 552 1282 614; x_wconf 92' lang='lat' dir='ltr'><strong>ho·</strong></span> 
     </span>
     <span class='ocr_line' id='line_1_4' title="bbox 149 631 1284 716; baseline 0 -21"><span class='ocrx_word' id='word_1_16' title='bbox 149 634 290 712; x_wconf 86' lang='lat' dir='ltr'><strong>minum,</strong></span> <span class='ocrx_word' id='word_1_17' title='bbox 312 641 429 695; x_wconf 87' lang='lat' dir='ltr'><strong>utnon</strong></span> <span class='ocrx_word' id='word_1_18' title='bbox 457 634 537 694; x_wconf 85' lang='lat' dir='ltr'><strong>fiant</strong></span> <span class='ocrx_word' id='word_1_19' title='bbox 560 633 578 693; x_wconf 81' lang='lat' dir='ltr'><strong>b</strong></span> <span class='ocrx_word' id='word_1_20' title='bbox 598 631 833 716; x_wconf 83' lang='lat' dir='ltr'><strong>potentioribus</strong></span> <span class='ocrx_word' id='word_1_21' title='bbox 855 654 914 714; x_wconf 84' lang='lat' dir='ltr'><strong>per</strong></span> <span class='ocrx_word' id='word_1_22' title='bbox 936 632 1069 712; x_wconf 78' lang='lat' dir='ltr'>aliquod</span> <span class='ocrx_word' id='word_1_23' title='bbox 1089 634 1208 693; x_wconf 90' lang='lat' dir='ltr'><strong>malum</strong></span> <span class='ocrx_word' id='word_1_24' title='bbox 1230 636 1284 695; x_wconf 91' lang='lat' dir='ltr'><strong>in·-</strong></span> 
     </span>
     <span class='ocr_line' id='line_1_5' title="bbox 148 714 1285 800; baseline 0.002 -22"><span class='ocrx_word' id='word_1_25' title='bbox 148 718 284 800; x_wconf 84' lang='lat' dir='ltr'><strong>genium</strong></span> <span class='ocrx_word' id='word_1_26' title='bbox 292 725 413 778; x_wconf 83' lang='lat' dir='ltr'><strong>&#39;contra</strong></span> <span class='ocrx_word' id='word_1_27' title='bbox 431 717 585 778; x_wconf 80' lang='lat' dir='ltr'><strong>iustitiam</strong></span> <span class='ocrx_word' id='word_1_28' title='bbox 603 716 756 798; x_wconf 88' lang='lat' dir='ltr'>oppressi,</span> <span class='ocrx_word' id='word_1_29' title='bbox 780 715 823 775; x_wconf 90' lang='lat' dir='ltr'><strong>ita</strong></span> <span class='ocrx_word' id='word_1_30' title='bbox 836 725 873 775; x_wconf 88' lang='lat' dir='ltr'><strong>ut</strong></span> <span class='ocrx_word' id='word_1_31' title='bbox 889 714 990 775; x_wconf 91' lang='lat' dir='ltr'><strong>coacti</strong></span> <span class='ocrx_word' id='word_1_32' title='bbox 1010 735 1062 775; x_wconf 86' lang='lat' dir='ltr'><strong>res</strong></span> <span class='ocrx_word' id='word_1_33' title='bbox 1079 735 1191 775; x_wconf 90' lang='lat' dir='ltr'><strong>eorum</strong></span> <span class='ocrx_word' id='word_1_34' title='bbox 1208 740 1285 779; x_wconf 87' lang='lat' dir='ltr'><strong>veu-</strong></span> 
     </span>
     <span class='ocr_line' id='line_1_6' title="bbox 149 796 1282 878; baseline 0 -16"><span class='ocrx_word' id='word_1_35' title='bbox 149 803 231 862; x_wconf 91' lang='lat' dir='ltr'><strong>dant</strong></span> <span class='ocrx_word' id='word_1_36' title='bbox 244 809 300 860; x_wconf 89' lang='lat' dir='ltr'><strong>aut</strong></span> <span class='ocrx_word' id='word_1_37' title='bbox 319 799 455 864; x_wconf 85' lang='lat' dir='ltr'><strong>tradant.</strong></span> <span class='ocrx_word' id='word_1_38' title='bbox 497 799 575 859; x_wconf 81' lang='lat' dir='ltr'><strong>Idco&#39;</strong></span> <span class='ocrx_word' id='word_1_39' title='bbox 591 797 671 860; x_wconf 89' lang='lat' dir='ltr'><strong>haec</strong></span> <span class='ocrx_word' id='word_1_40' title='bbox 688 798 727 859; x_wconf 93' lang='lat' dir='ltr'><strong>de</strong></span> <span class='ocrx_word' id='word_1_41' title='bbox 741 798 851 860; x_wconf 88' lang='lat' dir='ltr'><strong>liberis</strong></span> <span class='ocrx_word' id='word_1_42' title='bbox 866 796 1051 858; x_wconf 87' lang='lat' dir='ltr'><strong>hominibus</strong></span> <span class='ocrx_word' id='word_1_43' title='bbox 1075 798 1222 878; x_wconf 84' lang='lat' dir='ltr'><strong>dicimus,</strong></span> <span class='ocrx_word' id='word_1_44' title='bbox 1241 823 1282 862; x_wconf 89' lang='lat' dir='ltr'><strong>ne</strong></span> 
     </span>
     <span class='ocr_line' id='line_1_7' title="bbox 150 879 1286 966; baseline 0.001 -23"><span class='ocrx_word' id='word_1_45' title='bbox 150 885 237 943; x_wconf 80' lang='lat' dir='ltr'><strong>sorte</strong></span> <span class='ocrx_word' id='word_1_46' title='bbox 255 891 404 966; x_wconf 88' lang='lat' dir='ltr'><strong>parentes</strong></span> <span class='ocrx_word' id='word_1_47' title='bbox 428 895 539 942; x_wconf 88' lang='lat' dir='ltr'><strong>contra</strong></span> <span class='ocrx_word' id='word_1_48' title='bbox 557 881 712 941; x_wconf 90' lang='lat' dir='ltr'><strong>iustitiam</strong></span> <span class='ocrx_word' id='word_1_49' title='bbox 730 881 808 940; x_wconf 77' lang='lat' dir='ltr'><strong>fiant</strong></span> <span class='ocrx_word' id='word_1_50' title='bbox 829 879 1026 955; x_wconf 80' lang='lat' dir='ltr'><strong>exheredati,</strong></span> <span class='ocrx_word' id='word_1_51' title='bbox 1049 889 1082 941; x_wconf 88' lang='lat' dir='ltr'><strong>et</strong></span> <span class='ocrx_word' id='word_1_52' title='bbox 1102 883 1209 963; x_wconf 81' lang='lat' dir='ltr'><strong>regale</strong></span> <span class='ocrx_word' id='word_1_53' title='bbox 1226 884 1286 944; x_wconf 93' lang='lat' dir='ltr'><strong>ob·</strong></span> 
     </span>
     <span class='ocr_line' id='line_1_8' title="bbox 151 961 1285 1046; baseline 0.001 -21"><span class='ocrx_word' id='word_1_54' title='bbox 151 965 302 1046; x_wconf 85' lang='lat' dir='ltr'><strong>sequium</strong></span> <span class='ocrx_word' id='word_1_55' title='bbox 324 963 501 1041; x_wconf 87' lang='lat' dir='ltr'><strong>minuatur,</strong></span> <span class='ocrx_word' id='word_1_56' title='bbox 525 971 556 1024; x_wconf 88' lang='lat' dir='ltr'><strong>et</strong></span> <span class='ocrx_word' id='word_1_57' title='bbox 584 962 644 1044; x_wconf 88' lang='lat' dir='ltr'><strong>ipsi</strong></span> <span class='ocrx_word' id='word_1_58' title='bbox 663 963 799 1024; x_wconf 88' lang='lat' dir='ltr'><strong>heredes</strong></span> <span class='ocrx_word' id='word_1_59' title='bbox 816 973 948 1046; x_wconf 87' lang='lat' dir='ltr'><strong>propter</strong></span> <span class='ocrx_word' id='word_1_60' title='bbox 964 961 1179 1044; x_wconf 80' lang='lat' dir='ltr'><strong>indigentiam</strong></span> <span class='ocrx_word' id='word_1_61' title='bbox 1196 987 1285 1026; x_wconf 87' lang='lat' dir='ltr'><strong>men-</strong></span> 
     </span>
     <span class='ocr_line' id='line_1_9' title="bbox 150 1045 1284 1128; baseline 0.002 -20"><span class='ocrx_word' id='word_1_62' title='bbox 150 1047 229 1125; x_wconf 85' lang='lat' dir='ltr'><strong>dici,</strong></span> <span class='ocrx_word' id='word_1_63' title='bbox 251 1047 305 1108; x_wconf 87' lang='lat' dir='ltr'><strong>vel</strong></span> <span class='ocrx_word' id='word_1_64' title='bbox 323 1048 476 1122; x_wconf 88' lang='lat' dir='ltr'><strong>latrones,</strong></span> <span class='ocrx_word' id='word_1_65' title='bbox 494 1067 551 1106; x_wconf 90' lang='lat' dir='ltr'><strong>seu</strong></span> <span class='ocrx_word' id='word_1_66' title='bbox 570 1046 791 1107; x_wconf 86' lang='lat' dir='ltr'><strong>malefactores</strong></span> <span class='ocrx_word' id='word_1_67' title='bbox 812 1045 1004 1106; x_wconf 83' lang='lat' dir='ltr'><strong>efficiantur.</strong></span> <span class='ocrx_word' id='word_1_68' title='bbox 1045 1045 1088 1105; x_wconf 90' lang='lat' dir='ltr'><strong>Et</strong></span> <span class='ocrx_word' id='word_1_69' title='bbox 1108 1055 1144 1104; x_wconf 90' lang='lat' dir='ltr'><strong>ut</strong></span> <span class='ocrx_word' id='word_1_70' title='bbox 1158 1049 1284 1128; x_wconf 86' lang='lat' dir='ltr'><strong>saepius</strong></span> 
     </span>
     <span class='ocr_line' id='line_1_10' title="bbox 149 1126 1283 1211; baseline 0.003 -23"><span class='ocrx_word' id='word_1_71' title='bbox 149 1151 218 1189; x_wconf 87' lang='lat' dir='ltr'><strong>non</strong></span> <span class='ocrx_word' id='word_1_72' title='bbox 242 1128 476 1206; x_wconf 24' lang='lat' dir='ltr'><strong>liantlmanniti</strong></span> <span class='ocrx_word' id='word_1_73' title='bbox 498 1129 537 1187; x_wconf 85' lang='lat' dir='ltr'><strong>ad</strong></span> <span class='ocrx_word' id='word_1_74' title='bbox 559 1129 733 1209; x_wconf 89' lang='lat' dir='ltr'><strong>placitum,</strong></span> <span class='ocrx_word' id='word_1_75' title='bbox 763 1128 825 1189; x_wconf 89' lang='lat' dir='ltr'><strong>nisi</strong></span> <span class='ocrx_word' id='word_1_76' title='bbox 845 1129 930 1190; x_wconf 88' lang='lat' dir='ltr'><strong>sicut</strong></span> <span class='ocrx_word' id='word_1_77' title='bbox 951 1128 984 1188; x_wconf 89' lang='lat' dir='ltr'><strong>iu</strong></span> <span class='ocrx_word' id='word_1_78' title='bbox 1018 1126 1082 1186; x_wconf 88' lang='lat' dir='ltr'><strong>alio</strong></span> <span class='ocrx_word' id='word_1_79' title='bbox 1103 1129 1283 1211; x_wconf 76' lang='lat' dir='ltr'><strong>capitulari</strong></span> 
     </span>
    </p>
   </div>
   <div class='ocr_carea' id='block_1_3' title="bbox 149 1209 722 1295">
    <p class='ocr_par' dir='ltr' id='par_1_4' title="bbox 149 1209 722 1295">
     <span class='ocr_line' id='line_1_11' title="bbox 149 1209 722 1295; baseline 0.005 -25"><span class='ocrx_word' id='word_1_80' title='bbox 149 1211 381 1295; x_wconf 83' lang='lat' dir='ltr'><strong>praecepimus.</strong></span> <span class='ocrx_word' id='word_1_81' title='bbox 420 1211 448 1272; x_wconf 89' lang='lat' dir='ltr'><strong>I.</strong></span> <span class='ocrx_word' id='word_1_82' title='bbox 475 1210 561 1287; x_wconf 63' lang='lat'><strong>115„</strong></span> <span class='ocrx_word' id='word_1_83' title='bbox 586 1209 625 1270; x_wconf 88' lang='lat' dir='ltr'><strong>V.</strong></span> <span class='ocrx_word' id='word_1_84' title='bbox 653 1210 722 1274; x_wconf 81' lang='lat'><strong>256.</strong></span> 
     </span>
    </p>
   </div>
   <div class='ocr_carea' id='block_1_4' title="bbox 170 1337 1265 1483">
    <p class='ocr_par' dir='ltr' id='par_1_5' title="bbox 170 1337 1265 1483">
     <span class='ocr_line' id='line_1_12' title="bbox 170 1337 1265 1426; baseline 0.004 -24"><span class='ocrx_word' id='word_1_85' title='bbox 170 1339 220 1402; x_wconf 52' lang='lat' dir='ltr'><strong>*Ut</strong></span> <span class='ocrx_word' id='word_1_86' title='bbox 248 1339 409 1402; x_wconf 76' lang='lat' dir='ltr'><strong>Ecclesiae</strong></span> <span class='ocrx_word' id='word_1_87' title='bbox 430 1341 722 1400; x_wconf 76' lang='lat' dir='ltr'><strong>nouiter&#39;inaentae</strong></span> <span class='ocrx_word' id='word_1_88' title='bbox 738 1342 804 1400; x_wconf 90' lang='lat' dir='ltr'><strong>sine</strong></span> <span class='ocrx_word' id='word_1_89' title='bbox 824 1337 978 1424; x_wconf 81' lang='lat' dir='ltr'><strong>Episcopi</strong></span> <span class='ocrx_word' id='word_1_90' title='bbox 993 1342 1180 1426; x_wconf 81' lang='lat' dir='ltr'><strong>probatione</strong></span> <span class='ocrx_word' id='word_1_91' title='bbox 1201 1366 1265 1408; x_wconf 86' lang='lat' dir='ltr'><strong>non</strong></span> 
     </span>
     <span class='ocr_line' id='line_1_13' title="bbox 618 1436 817 1483; baseline 0.005 -1"><span class='ocrx_word' id='word_1_92' title='bbox 618 1436 817 1483; x_wconf 73' lang='lat' dir='ltr'><strong>venerentur.</strong></span> 
     </span>
    </p>
   </div>
   <div class='ocr_carea' id='block_1_5' title="bbox 148 1525 1296 1766">
    <p class='ocr_par' dir='ltr' id='par_1_6' title="bbox 148 1525 1296 1766">
     <span class='ocr_line' id='line_1_14' title="bbox 233 1525 1282 1608; baseline 0.004 -18"><span class='ocrx_word' id='word_1_93' title='bbox 233 1525 476 1590; x_wconf 86' lang='lat' dir='ltr'>CCLXXXIII.</span> <span class='ocrx_word' id='word_1_94' title='bbox 518 1528 569 1588; x_wconf 89' lang='lat' dir='ltr'><strong>De</strong></span> <span class='ocrx_word' id='word_1_95' title='bbox 585 1527 741 1590; x_wconf 88' lang='lat' dir='ltr'><strong>Ecclesiis</strong></span> <span class='ocrx_word' id='word_1_96' title='bbox 758 1548 817 1589; x_wconf 87' lang='lat' dir='ltr'><strong>seu</strong></span> <span class='ocrx_word' id='word_1_97' title='bbox 836 1528 960 1591; x_wconf 88' lang='lat' dir='ltr'><strong>Sanctis</strong></span> <span class='ocrx_word' id='word_1_98' title='bbox 976 1529 1106 1591; x_wconf 86' lang='lat' dir='ltr'><strong>noviter</strong></span> <span class='ocrx_word' id='word_1_99' title='bbox 1119 1529 1189 1608; x_wconf 78' lang='lat' dir='ltr'><strong>sine</strong></span> <span class='ocrx_word' id='word_1_100' title='bbox 1208 1551 1282 1594; x_wconf 89' lang='lat' dir='ltr'><strong>auc·</strong></span> 
     </span>
     <span class='ocr_line' id='line_1_15' title="bbox 150 1609 1296 1694; baseline 0.005 -23"><span class='ocrx_word' id='word_1_101' title='bbox 150 1610 281 1672; x_wconf 87' lang='lat' dir='ltr'><strong>toritate</strong></span> <span class='ocrx_word' id='word_1_102' title='bbox 300 1610 464 1694; x_wconf 86' lang='lat' dir='ltr'><strong>inventis,</strong></span> <span class='ocrx_word' id='word_1_103' title='bbox 486 1609 548 1672; x_wconf 89' lang='lat' dir='ltr'><strong>nisi</strong></span> <span class='ocrx_word' id='word_1_104' title='bbox 566 1609 726 1692; x_wconf 88' lang='lat' dir='ltr'><strong>Episcopo</strong></span> <span class='ocrx_word' id='word_1_105' title='bbox 740 1611 896 1693; x_wconf 83' lang='lat' dir='ltr'><strong>probante</strong></span> <span class='ocrx_word' id='word_1_106' title='bbox 917 1612 1049 1676; x_wconf 86' lang='lat' dir='ltr'><strong>minime</strong></span> <span class='ocrx_word' id='word_1_107' title='bbox 1069 1624 1296 1680; x_wconf 76' lang='lat' dir='ltr'><strong>venerenturt&#39;</strong></span> 
     </span>
     <span class='ocr_line' id='line_1_16' title="bbox 148 1691 1281 1766; baseline 0.004 -12"><span class='ocrx_word' id='word_1_108' title='bbox 148 1693 235 1754; x_wconf 83' lang='lat' dir='ltr'><strong>salva</strong></span> <span class='ocrx_word' id='word_1_109' title='bbox 258 1691 353 1753; x_wconf 90' lang='lat' dir='ltr'><strong>etiam</strong></span> <span class='ocrx_word' id='word_1_110' title='bbox 369 1693 408 1754; x_wconf 90' lang='lat' dir='ltr'><strong>de</strong></span> <span class='ocrx_word' id='word_1_111' title='bbox 432 1692 495 1753; x_wconf 87' lang='lat' dir='ltr'><strong>hoe</strong></span> <span class='ocrx_word' id='word_1_112' title='bbox 517 1702 550 1754; x_wconf 88' lang='lat' dir='ltr'><strong>et</strong></span> <span class='ocrx_word' id='word_1_113' title='bbox 573 1691 612 1753; x_wconf 91' lang='lat' dir='ltr'><strong>de</strong></span> <span class='ocrx_word' id='word_1_114' title='bbox 637 1693 785 1755; x_wconf 89' lang='lat' dir='ltr'><strong>omnibus</strong></span> <span class='ocrx_word' id='word_1_115' title='bbox 807 1693 962 1756; x_wconf 89' lang='lat' dir='ltr'><strong>Ecclesiis</strong></span> <span class='ocrx_word' id='word_1_116' title='bbox 988 1695 1144 1766; x_wconf 82' lang='lat' dir='ltr'><strong>canonica</strong></span> <span class='ocrx_word' id='word_1_117' title='bbox 1168 1706 1281 1759; x_wconf 89' lang='lat' dir='ltr'><strong>aucto-</strong></span> 
     </span>
    </p>
   </div>
   <div class='ocr_carea' id='block_1_6' title="bbox 41 1774 542 1860">
    <p class='ocr_par' dir='ltr' id='par_1_7' title="bbox 41 1774 542 1860">
     <span class='ocr_line' id='line_1_17' title="bbox 41 1774 542 1860; baseline -0.002 -23"><span class='ocrx_word' id='word_1_118' title='bbox 41 1785 46 1792; x_wconf 86' lang='lat'><em>&#39;</em></span> <span class='ocrx_word' id='word_1_119' title='bbox 146 1775 253 1842; x_wconf 85' lang='lat' dir='ltr'><strong>ritate.</strong></span> <span class='ocrx_word' id='word_1_120' title='bbox 294 1774 375 1860; x_wconf 81' lang='lat' dir='ltr'><strong>App.</strong></span> <span class='ocrx_word' id='word_1_121' title='bbox 394 1775 423 1840; x_wconf 90' lang='lat' dir='ltr'><strong>I.</strong></span> <span class='ocrx_word' id='word_1_122' title='bbox 444 1795 470 1836; x_wconf 87' lang='lat' dir='ltr'><strong>c.</strong></span> <span class='ocrx_word' id='word_1_123' title='bbox 496 1797 542 1837; x_wconf 78' lang='grc' dir='ltr'><strong>ιο.</strong></span> 
     </span>
    </p>
   </div>
   <div class='ocr_carea' id='block_1_7' title="bbox 191 1901 1280 2093">
    <p class='ocr_par' dir='ltr' id='par_1_8' title="bbox 191 1901 1280 2093">
     <span class='ocr_line' id='line_1_18' title="bbox 291 1901 1134 1992; baseline 0.008 -28"><span class='ocrx_word' id='word_1_124' title='bbox 291 1904 341 1964; x_wconf 87' lang='lat' dir='ltr'><strong>De</strong></span> <span class='ocrx_word' id='word_1_125' title='bbox 354 1901 455 1986; x_wconf 83' lang='lat' dir='ltr'><strong>salsis</strong></span> <span class='ocrx_word' id='word_1_126' title='bbox 476 1904 608 1964; x_wconf 85' lang='lat' dir='ltr'><strong>monetis</strong></span> <span class='ocrx_word' id='word_1_127' title='bbox 629 1923 707 1987; x_wconf 86' lang='lat' dir='ltr'><strong>quae</strong></span> <span class='ocrx_word' id='word_1_128' title='bbox 730 1915 842 1984; x_wconf 69' lang='lat' dir='ltr'><strong>contra</strong></span> <span class='ocrx_word' id='word_1_129' title='bbox 870 1907 1022 1968; x_wconf 84' lang='lat' dir='ltr'><strong>iustitiam</strong></span> <span class='ocrx_word' id='word_1_130' title='bbox 1033 1907 1134 1992; x_wconf 82' lang='lat' dir='ltr'><strong>fiunt.</strong></span> 
     </span>
     <span class='ocr_line' id='line_1_19' title="bbox 191 2008 1280 2093; baseline 0.007 -18"><span class='ocrx_word' id='word_1_131' title='bbox 191 2008 466 2075; x_wconf 85' lang='lat' dir='ltr'>CCCLXXXIV.</span> <span class='ocrx_word' id='word_1_132' title='bbox 515 2011 564 2070; x_wconf 90' lang='lat' dir='ltr'><strong>De</strong></span> <span class='ocrx_word' id='word_1_133' title='bbox 589 2008 677 2070; x_wconf 86' lang='lat' dir='ltr'><strong>falsis</strong></span> <span class='ocrx_word' id='word_1_134' title='bbox 707 2011 861 2088; x_wconf 88' lang='lat' dir='ltr'><strong>monetis,</strong></span> <span class='ocrx_word' id='word_1_135' title='bbox 889 2013 964 2093; x_wconf 90' lang='lat' dir='ltr'><strong>quia</strong></span> <span class='ocrx_word' id='word_1_136' title='bbox 997 2014 1030 2074; x_wconf 93' lang='lat' dir='ltr'><strong>in</strong></span> <span class='ocrx_word' id='word_1_137' title='bbox 1058 2017 1168 2080; x_wconf 89' lang='lat' dir='ltr'><strong>multis</strong></span> <span class='ocrx_word' id='word_1_138' title='bbox 1200 2015 1280 2083; x_wconf 84' lang='lat' dir='ltr'><strong>locis</strong></span> 
     </span>
    </p>
   </div>
   <div class='ocr_carea' id='block_1_8' title="bbox 148 2091 1355 2421">
    <p class='ocr_par' dir='ltr' id='par_1_9' title="bbox 148 2091 1355 2421">
     <span class='ocr_line' id='line_1_20' title="bbox 148 2091 1283 2171; baseline 0.007 -14"><span class='ocrx_word' id='word_1_139' title='bbox 148 2105 262 2158; x_wconf 86' lang='lat' dir='ltr'><strong>contra</strong></span> <span class='ocrx_word' id='word_1_140' title='bbox 285 2092 437 2154; x_wconf 86' lang='lat' dir='ltr'><strong>iustitiam</strong></span> <span class='ocrx_word' id='word_1_141' title='bbox 453 2101 485 2154; x_wconf 89' lang='lat' dir='ltr'><strong>et</strong></span> <span class='ocrx_word' id='word_1_142' title='bbox 499 2101 611 2154; x_wconf 90' lang='lat' dir='ltr'><strong>contra</strong></span> <span class='ocrx_word' id='word_1_143' title='bbox 631 2091 771 2152; x_wconf 88' lang='lat' dir='ltr'><strong>edictum</strong></span> <span class='ocrx_word' id='word_1_144' title='bbox 790 2094 887 2171; x_wconf 81' lang='lat' dir='ltr'><strong>liunt,</strong></span> <span class='ocrx_word' id='word_1_145' title='bbox 910 2095 1058 2158; x_wconf 83' lang='lat' dir='ltr'><strong>volumus</strong></span> <span class='ocrx_word' id='word_1_146' title='bbox 1078 2101 1167 2162; x_wconf 87' lang='lat' dir='ltr'><strong>utin</strong></span> <span class='ocrx_word' id='word_1_147' title='bbox 1189 2104 1283 2165; x_wconf 87' lang='lat' dir='ltr'><strong>nullo</strong></span> 
     </span>
     <span class='ocr_line' id='line_1_21' title="bbox 149 2173 1355 2256; baseline 0.007 -18"><span class='ocrx_word' id='word_1_148' title='bbox 149 2178 215 2239; x_wconf 90' lang='lat' dir='ltr'><strong>alio</strong></span> <span class='ocrx_word' id='word_1_149' title='bbox 239 2178 455 2237; x_wconf 86' lang='lat' dir='ltr'><strong>locomoneta</strong></span> <span class='ocrx_word' id='word_1_150' title='bbox 476 2173 528 2253; x_wconf 88' lang='lat' dir='ltr'><strong>sit,</strong></span> <span class='ocrx_word' id='word_1_151' title='bbox 552 2173 615 2235; x_wconf 89' lang='lat' dir='ltr'><strong>nisi</strong></span> <span class='ocrx_word' id='word_1_152' title='bbox 635 2173 805 2256; x_wconf 89' lang='lat' dir='ltr'><strong>inpalatio</strong></span> <span class='ocrx_word' id='word_1_153' title='bbox 827 2187 946 2256; x_wconf 90' lang='lat' dir='ltr'><strong>nostro,</strong></span> <span class='ocrx_word' id='word_1_154' title='bbox 970 2181 1031 2241; x_wconf 92' lang='lat' dir='ltr'><strong>nisi</strong></span> <span class='ocrx_word' id='word_1_155' title='bbox 1050 2183 1134 2244; x_wconf 87' lang='lat' dir='ltr'><strong>forte</strong></span> <span class='ocrx_word' id='word_1_156' title='bbox 1164 2184 1284 2247; x_wconf 88' lang='lat' dir='ltr'><strong>iterum</strong></span> <span class='ocrx_word' id='word_1_157' title='bbox 1349 2185 1355 2210; x_wconf 83' lang='lat'><strong>¹</strong></span> 
     </span>
     <span class='ocr_line' id='line_1_22' title="bbox 148 2257 1282 2348; baseline 0.004 -27"><span class='ocrx_word' id='word_1_158' title='bbox 148 2261 244 2321; x_wconf 87' lang='lat' dir='ltr'><strong>aliter</strong></span> <span class='ocrx_word' id='word_1_159' title='bbox 261 2259 279 2319; x_wconf 84' lang='lat' dir='ltr'><strong>b</strong></span> <span class='ocrx_word' id='word_1_160' title='bbox 296 2257 387 2318; x_wconf 89' lang='lat' dir='ltr'><strong>nohis</strong></span> <span class='ocrx_word' id='word_1_161' title='bbox 408 2257 508 2317; x_wconf 88' lang='lat' dir='ltr'><strong>fuerit</strong></span> <span class='ocrx_word' id='word_1_162' title='bbox 531 2257 723 2317; x_wconf 90' lang='lat' dir='ltr'><strong>ordinatum.</strong></span> <span class='ocrx_word' id='word_1_163' title='bbox 765 2258 818 2318; x_wconf 89' lang='grc'><strong>1111</strong></span> <span class='ocrx_word' id='word_1_164' title='bbox 840 2269 945 2320; x_wconf 89' lang='lat' dir='ltr'><strong>tamen</strong></span> <span class='ocrx_word' id='word_1_165' title='bbox 961 2262 1088 2323; x_wconf 89' lang='lat' dir='ltr'><strong>denarii</strong></span> <span class='ocrx_word' id='word_1_166' title='bbox 1106 2267 1163 2348; x_wconf 87' lang='lat' dir='ltr'><strong>qui</strong></span> <span class='ocrx_word' id='word_1_167' title='bbox 1184 2269 1282 2329; x_wconf 88' lang='lat' dir='ltr'><strong>modo</strong></span> 
     </span>
     <span class='ocr_line' id='line_1_23' title="bbox 150 2339 1282 2421; baseline 0.007 -18"><span class='ocrx_word' id='word_1_168' title='bbox 150 2339 315 2404; x_wconf 89' lang='lat' dir='ltr'><strong>monedati</strong></span> <span class='ocrx_word' id='word_1_169' title='bbox 329 2349 414 2416; x_wconf 90' lang='lat' dir='ltr'><strong>sunt,</strong></span> <span class='ocrx_word' id='word_1_170' title='bbox 428 2339 455 2400; x_wconf 87' lang='lat' dir='ltr'><strong>si</strong></span> <span class='ocrx_word' id='word_1_171' title='bbox 466 2347 638 2421; x_wconf 83' lang='lat' dir='ltr'><strong>pensantes</strong></span> <span class='ocrx_word' id='word_1_172' title='bbox 651 2349 683 2400; x_wconf 85' lang='lat' dir='ltr'><strong>et</strong></span> <span class='ocrx_word' id='word_1_173' title='bbox 695 2341 775 2400; x_wconf 89' lang='lat' dir='ltr'><strong>meri</strong></span> <span class='ocrx_word' id='word_1_174' title='bbox 790 2341 923 2420; x_wconf 86' lang='lat' dir='ltr'><strong>l&#39;uerint,</strong></span> <span class='ocrx_word' id='word_1_175' title='bbox 936 2343 1126 2408; x_wconf 87' lang='lat' dir='ltr'><strong>habeantur.</strong></span> <span class='ocrx_word' id='word_1_176' title='bbox 1147 2348 1212 2421; x_wconf 84' lang='lat' dir='ltr'><em>III.</em></span> <span class='ocrx_word' id='word_1_177' title='bbox 1235 2351 1282 2416; x_wconf 78' lang='lat'><strong>15.</strong></span> 
     </span>
    </p>
   </div>
   <div class='ocr_carea' id='block_1_9' title="bbox 320 2465 1106 2554">
    <p class='ocr_par' dir='ltr' id='par_1_10' title="bbox 320 2465 1106 2554">
     <span class='ocr_line' id='line_1_24' title="bbox 320 2465 1106 2554; baseline 0.006 -22"><span class='ocrx_word' id='word_1_178' title='bbox 320 2469 362 2532; x_wconf 87' lang='lat' dir='ltr'><strong>Ut</strong></span> <span class='ocrx_word' id='word_1_179' title='bbox 381 2469 569 2531; x_wconf 75' lang='lat' dir='ltr'><strong>heribannus</strong></span> <span class='ocrx_word' id='word_1_180' title='bbox 589 2465 764 2530; x_wconf 84' lang='lat' dir='ltr'><strong>dominicus</strong></span> <span class='ocrx_word' id='word_1_181' title='bbox 778 2469 931 2554; x_wconf 81' lang='lat' dir='ltr'><strong>fideliter</strong></span> <span class='ocrx_word' id='word_1_182' title='bbox 951 2477 1106 2553; x_wconf 74' lang='lat' dir='ltr'><strong>exigatur.</strong></span> 
     </span>
    </p>
   </div>
   <div class='ocr_carea' id='block_1_10' title="bbox 136 2573 1315 3817">
    <p class='ocr_par' dir='ltr' id='par_1_11' title="bbox 136 2573 1315 3817">
     <span class='ocr_line' id='line_1_25' title="bbox 234 2573 1283 2648; baseline 0 -6"><span class='ocrx_word' id='word_1_183' title='bbox 234 2574 459 2642; x_wconf 87' lang='lat' dir='ltr'>CCLXXXV.</span> <span class='ocrx_word' id='word_1_184' title='bbox 500 2576 548 2636; x_wconf 85' lang='lat' dir='ltr'><strong>De</strong></span> <span class='ocrx_word' id='word_1_185' title='bbox 566 2573 745 2636; x_wconf 86' lang='lat' dir='ltr'><strong>heribanno</strong></span> <span class='ocrx_word' id='word_1_186' title='bbox 761 2575 910 2648; x_wconf 82' lang='lat' dir='ltr'><strong>volumus</strong></span> <span class='ocrx_word' id='word_1_187' title='bbox 929 2588 966 2640; x_wconf 87' lang='lat' dir='ltr'><strong>ut</strong></span> <span class='ocrx_word' id='word_1_188' title='bbox 989 2581 1076 2642; x_wconf 88' lang='lat' dir='ltr'><strong>Missi</strong></span> <span class='ocrx_word' id='word_1_189' title='bbox 1099 2583 1201 2644; x_wconf 88' lang='lat' dir='ltr'><strong>nostri</strong></span> <span class='ocrx_word' id='word_1_190' title='bbox 1219 2582 1283 2648; x_wconf 77' lang='lat' dir='ltr'><strong>hoc</strong></span> 
     </span>
     <span class='ocr_line' id='line_1_26' title="bbox 150 2657 1282 2744; baseline 0 -21"><span class='ocrx_word' id='word_1_191' title='bbox 150 2663 292 2724; x_wconf 85' lang='lat' dir='ltr'><strong>fideliter</strong></span> <span class='ocrx_word' id='word_1_192' title='bbox 308 2659 448 2740; x_wconf 81' lang='lat' dir='ltr'><strong>exigant,</strong></span> <span class='ocrx_word' id='word_1_193' title='bbox 470 2657 589 2738; x_wconf 88' lang='lat' dir='ltr'><strong>absque</strong></span> <span class='ocrx_word' id='word_1_194' title='bbox 616 2657 715 2718; x_wconf 85' lang='lat' dir='ltr'><strong>ullius</strong></span> <span class='ocrx_word' id='word_1_195' title='bbox 734 2679 888 2738; x_wconf 83' lang='lat' dir='ltr'><strong>personae</strong></span> <span class='ocrx_word' id='word_1_196' title='bbox 908 2663 1018 2743; x_wconf 83' lang='lat' dir='ltr'><strong>gratia,</strong></span> <span class='ocrx_word' id='word_1_197' title='bbox 1038 2665 1207 2744; x_wconf 87' lang='lat' dir='ltr'><strong>blanditia,</strong></span> <span class='ocrx_word' id='word_1_198' title='bbox 1223 2688 1282 2728; x_wconf 85' lang='lat' dir='ltr'><strong>sen</strong></span> 
     </span>
     <span class='ocr_line' id='line_1_27' title="bbox 150 2739 1283 2822; baseline 0.003 -15"><span class='ocrx_word' id='word_1_199' title='bbox 150 2744 288 2822; x_wconf 82' lang='lat' dir='ltr'><strong>terrore,</strong></span> <span class='ocrx_word' id='word_1_200' title='bbox 311 2741 490 2802; x_wconf 86' lang='lat' dir='ltr'><strong>secundum</strong></span> <span class='ocrx_word' id='word_1_201' title='bbox 513 2739 687 2800; x_wconf 86' lang='lat' dir='ltr'><strong>iussionem</strong></span> <span class='ocrx_word' id='word_1_202' title='bbox 703 2749 858 2812; x_wconf 81' lang='lat' dir='ltr'><strong>nostram3</strong></span> <span class='ocrx_word' id='word_1_203' title='bbox 880 2742 991 2822; x_wconf 88' lang='lat' dir='ltr'><strong>idest,</strong></span> <span class='ocrx_word' id='word_1_204' title='bbox 1013 2748 1053 2808; x_wconf 90' lang='lat' dir='ltr'><strong>de</strong></span> <span class='ocrx_word' id='word_1_205' title='bbox 1071 2747 1202 2810; x_wconf 88' lang='lat' dir='ltr'><strong>homine</strong></span> <span class='ocrx_word' id='word_1_206' title='bbox 1221 2749 1283 2810; x_wconf 89' lang='lat' dir='ltr'><strong>ha-</strong></span> 
     </span>
     <span class='ocr_line' id='line_1_28' title="bbox 149 2821 1282 2911; baseline 0.003 -23"><span class='ocrx_word' id='word_1_207' title='bbox 149 2830 249 2892; x_wconf 87' lang='lat' dir='ltr'><strong>bente</strong></span> <span class='ocrx_word' id='word_1_208' title='bbox 272 2823 368 2885; x_wconf 91' lang='lat' dir='ltr'><strong>libras</strong></span> <span class='ocrx_word' id='word_1_209' title='bbox 399 2841 456 2882; x_wconf 86' lang='lat' dir='ltr'><strong>sex</strong></span> <span class='ocrx_word' id='word_1_210' title='bbox 480 2821 514 2881; x_wconf 91' lang='lat' dir='ltr'><strong>in</strong></span> <span class='ocrx_word' id='word_1_211' title='bbox 537 2842 638 2898; x_wconf 86' lang='lat' dir='ltr'><strong>auro,</strong></span> <span class='ocrx_word' id='word_1_212' title='bbox 663 2822 699 2881; x_wconf 92' lang='lat' dir='ltr'><strong>-in</strong></span> <span class='ocrx_word' id='word_1_213' title='bbox 721 2832 876 2904; x_wconf 83' lang='lat' dir='ltr'><strong>argento,</strong></span> <span class='ocrx_word' id='word_1_214' title='bbox 904 2825 1047 2906; x_wconf 87' lang='lat' dir='ltr'><strong>bruniis,</strong></span> <span class='ocrx_word' id='word_1_215' title='bbox 1079 2839 1282 2911; x_wconf 86' lang='lat' dir='ltr'><strong>aeramento,</strong></span> 
     </span>
     <span class='ocr_line' id='line_1_29' title="bbox 150 2903 1284 2996; baseline 0 -25"><span class='ocrx_word' id='word_1_216' title='bbox 150 2910 268 2996; x_wconf 88' lang='lat' dir='ltr'><strong>pannis</strong></span> <span class='ocrx_word' id='word_1_217' title='bbox 290 2905 435 2990; x_wconf 78' lang='lat' dir='ltr'><strong>integris,</strong></span> <span class='ocrx_word' id='word_1_218' title='bbox 458 2903 600 2980; x_wconf 84' lang='lat' dir='ltr'><strong>caballis,</strong></span> <span class='ocrx_word' id='word_1_219' title='bbox 622 2904 747 2983; x_wconf 84' lang='lat' dir='ltr'><strong>ovibus,</strong></span> <span class='ocrx_word' id='word_1_220' title='bbox 768 2907 884 2983; x_wconf 80' lang='lat' dir='ltr'><strong>vaccis,</strong></span> <span class='ocrx_word' id='word_1_221' title='bbox 906 2909 958 2970; x_wconf 82' lang='lat' dir='ltr'><strong>vel</strong></span> <span class='ocrx_word' id='word_1_222' title='bbox 983 2912 1046 2972; x_wconf 89' lang='lat' dir='ltr'><strong>alio</strong></span> <span class='ocrx_word' id='word_1_223' title='bbox 1064 2914 1212 2995; x_wconf 87' lang='lat' dir='ltr'><strong>peculio,</strong></span> <span class='ocrx_word' id='word_1_224' title='bbox 1238 2914 1284 2976; x_wconf 85' lang='lat' dir='ltr'><strong>ita</strong></span> 
     </span>
     <span class='ocr_line' id='line_1_30' title="bbox 151 2985 1315 3078; baseline 0.003 -25"><span class='ocrx_word' id='word_1_225' title='bbox 151 3003 189 3053; x_wconf 90' lang='lat' dir='ltr'><strong>ut</strong></span> <span class='ocrx_word' id='word_1_226' title='bbox 210 3011 327 3051; x_wconf 84' lang='lat' dir='ltr'><strong>uxores</strong></span> <span class='ocrx_word' id='word_1_227' title='bbox 353 3008 466 3049; x_wconf 88' lang='lat' dir='ltr'><strong>corum</strong></span> <span class='ocrx_word' id='word_1_228' title='bbox 486 2985 540 3047; x_wconf 86' lang='lat' dir='ltr'><strong>vel</strong></span> <span class='ocrx_word' id='word_1_229' title='bbox 561 2986 700 3048; x_wconf 85' lang='lat' dir='ltr'><strong>infantes</strong></span> <span class='ocrx_word' id='word_1_230' title='bbox 721 3007 787 3047; x_wconf 91' lang='lat' dir='ltr'><strong>non</strong></span> <span class='ocrx_word' id='word_1_231' title='bbox 806 2987 884 3048; x_wconf 81' lang='lat' dir='ltr'><strong>fiant</strong></span> <span class='ocrx_word' id='word_1_232' title='bbox 902 2991 1063 3074; x_wconf 87' lang='lat' dir='ltr'><strong>dispoliati</strong></span> <span class='ocrx_word' id='word_1_233' title='bbox 1086 3017 1145 3078; x_wconf 89' lang='lat' dir='ltr'><strong>pro</strong></span> <span class='ocrx_word' id='word_1_234' title='bbox 1160 2995 1221 3058; x_wconf 87' lang='lat' dir='ltr'><strong>hae</strong></span> <span class='ocrx_word' id='word_1_235' title='bbox 1234 3017 1282 3075; x_wconf 87' lang='lat' dir='ltr'><strong>re,</strong></span> <span class='ocrx_word' id='word_1_236' title='bbox 1313 2991 1315 2994; x_wconf 38' lang='lat'>¹</span> 
     </span>
     <span class='ocr_line' id='line_1_31' title="bbox 152 3069 1284 3157; baseline 0 -21"><span class='ocrx_word' id='word_1_237' title='bbox 152 3077 193 3136; x_wconf 87' lang='lat' dir='ltr'><strong>de</strong></span> <span class='ocrx_word' id='word_1_238' title='bbox 215 3071 412 3136; x_wconf 78' lang='lat' dir='ltr'><strong>vestimentis</strong></span> <span class='ocrx_word' id='word_1_239' title='bbox 444 3089 557 3129; x_wconf 89' lang='lat' dir='ltr'><strong>eorum</strong></span> <span class='ocrx_word' id='word_1_240' title='bbox 585 3069 745 3151; x_wconf 90' lang='lat' dir='ltr'><strong>accipiant</strong></span> <span class='ocrx_word' id='word_1_241' title='bbox 770 3070 949 3152; x_wconf 82' lang='lat' dir='ltr'><strong>legitimum</strong></span> <span class='ocrx_word' id='word_1_242' title='bbox 977 3075 1215 3157; x_wconf 86' lang='lat' dir='ltr'><strong>heribannum,</strong></span> <span class='ocrx_word' id='word_1_243' title='bbox 1248 3080 1284 3142; x_wconf 90' lang='lat' dir='ltr'><strong>id</strong></span> 
     </span>
     <span class='ocr_line' id='line_1_32' title="bbox 152 3150 1284 3246; baseline -0.007 -28"><span class='ocrx_word' id='word_1_244' title='bbox 152 3166 212 3234; x_wconf 86' lang='lat' dir='ltr'><strong>est,</strong></span> <span class='ocrx_word' id='word_1_245' title='bbox 235 3156 333 3216; x_wconf 88' lang='lat' dir='ltr'><strong>libras</strong></span> <span class='ocrx_word' id='word_1_246' title='bbox 353 3164 428 3213; x_wconf 89' lang='lat' dir='ltr'><strong>tres.</strong></span> <span class='ocrx_word' id='word_1_247' title='bbox 470 3151 536 3226; x_wconf 86' lang='lat' dir='ltr'><strong>Qui</strong></span> <span class='ocrx_word' id='word_1_248' title='bbox 552 3170 629 3212; x_wconf 86' lang='lat' dir='ltr'><strong>vero</strong></span> <span class='ocrx_word' id='word_1_249' title='bbox 643 3172 707 3211; x_wconf 89' lang='lat' dir='ltr'><strong>non</strong></span> <span class='ocrx_word' id='word_1_250' title='bbox 722 3150 870 3214; x_wconf 86' lang='lat' dir='ltr'><strong>habuerit</strong></span> <span class='ocrx_word' id='word_1_251' title='bbox 884 3157 1020 3238; x_wconf 87' lang='lat' dir='ltr'><strong>amplius</strong></span> <span class='ocrx_word' id='word_1_252' title='bbox 1036 3160 1069 3220; x_wconf 93' lang='lat' dir='ltr'><strong>in</strong></span> <span class='ocrx_word' id='word_1_253' title='bbox 1087 3162 1284 3246; x_wconf 86' lang='lat' dir='ltr'><strong>suprascrip.</strong></span> 
     </span>
     <span class='ocr_line' id='line_1_33' title="bbox 136 3231 1283 3328; baseline -0.005 -29"><span class='ocrx_word' id='word_1_254' title='bbox 136 3248 184 3299; x_wconf 94' lang='lat' dir='ltr'><strong>·to</strong></span> <span class='ocrx_word' id='word_1_255' title='bbox 204 3237 309 3320; x_wconf 89' lang='lat' dir='ltr'><strong>pretio</strong></span> <span class='ocrx_word' id='word_1_256' title='bbox 331 3237 459 3312; x_wconf 80' lang='lat' dir='ltr'><strong>valente</strong></span> <span class='ocrx_word' id='word_1_257' title='bbox 478 3233 540 3294; x_wconf 92' lang='lat' dir='ltr'><strong>nisi</strong></span> <span class='ocrx_word' id='word_1_258' title='bbox 562 3231 658 3292; x_wconf 89' lang='lat' dir='ltr'><strong>libras</strong></span> <span class='ocrx_word' id='word_1_259' title='bbox 681 3242 755 3310; x_wconf 85' lang='lat' dir='ltr'><strong>tres,</strong></span> <span class='ocrx_word' id='word_1_260' title='bbox 777 3235 873 3296; x_wconf 81' lang='lat' dir='ltr'><strong>solidi</strong></span> <span class='ocrx_word' id='word_1_261' title='bbox 893 3239 1024 3322; x_wconf 85' lang='lat' dir='ltr'><strong>triginta</strong></span> <span class='ocrx_word' id='word_1_262' title='bbox 1040 3243 1078 3302; x_wconf 90' lang='lat' dir='ltr'><strong>ab</strong></span> <span class='ocrx_word' id='word_1_263' title='bbox 1097 3266 1136 3305; x_wconf 88' lang='lat' dir='ltr'><strong>co</strong></span> <span class='ocrx_word' id='word_1_264' title='bbox 1152 3245 1283 3328; x_wconf 72' lang='lat' dir='ltr'><strong>exigam.</strong></span> 
     </span>
     <span class='ocr_line' id='line_1_34' title="bbox 148 3314 1283 3405; baseline 0.003 -23"><span class='ocrx_word' id='word_1_265' title='bbox 148 3332 214 3382; x_wconf 86' lang='lat' dir='ltr'><strong>tur.</strong></span> <span class='ocrx_word' id='word_1_266' title='bbox 257 3318 323 3396; x_wconf 88' lang='lat' dir='ltr'><strong>Qui</strong></span> <span class='ocrx_word' id='word_1_267' title='bbox 339 3326 445 3378; x_wconf 88' lang='lat' dir='ltr'><strong>autem</strong></span> <span class='ocrx_word' id='word_1_268' title='bbox 465 3337 529 3375; x_wconf 90' lang='lat' dir='ltr'><strong>non</strong></span> <span class='ocrx_word' id='word_1_269' title='bbox 544 3314 691 3376; x_wconf 87' lang='lat' dir='ltr'><strong>habuerit</strong></span> <span class='ocrx_word' id='word_1_270' title='bbox 711 3317 844 3398; x_wconf 89' lang='lat' dir='ltr'><strong>amplius</strong></span> <span class='ocrx_word' id='word_1_271' title='bbox 862 3320 924 3382; x_wconf 88' lang='lat' dir='ltr'><strong>nisi</strong></span> <span class='ocrx_word' id='word_1_272' title='bbox 945 3323 1022 3386; x_wconf 89' lang='lat' dir='ltr'><strong>duas</strong></span> <span class='ocrx_word' id='word_1_273' title='bbox 1042 3325 1150 3405; x_wconf 88' lang='lat' dir='ltr'><strong>libras,</strong></span> <span class='ocrx_word' id='word_1_274' title='bbox 1170 3327 1283 3389; x_wconf 89' lang='lat' dir='ltr'><strong>decem</strong></span> 
     </span>
     <span class='ocr_line' id='line_1_35' title="bbox 150 3397 1281 3488; baseline 0 -23"><span class='ocrx_word' id='word_1_275' title='bbox 150 3403 271 3466; x_wconf 87' lang='lat' dir='ltr'><strong>solidos</strong></span> <span class='ocrx_word' id='word_1_276' title='bbox 293 3400 447 3460; x_wconf 80' lang='lat' dir='ltr'><strong>exsolvat.</strong></span> <span class='ocrx_word' id='word_1_277' title='bbox 490 3398 524 3459; x_wconf 90' lang='lat' dir='ltr'><strong>Si</strong></span> <span class='ocrx_word' id='word_1_278' title='bbox 546 3418 623 3458; x_wconf 89' lang='lat' dir='ltr'><strong>vero</strong></span> <span class='ocrx_word' id='word_1_279' title='bbox 639 3397 701 3459; x_wconf 90' lang='lat' dir='ltr'><strong>nisi</strong></span> <span class='ocrx_word' id='word_1_280' title='bbox 719 3420 816 3460; x_wconf 86' lang='lat' dir='ltr'><strong>unam</strong></span> <span class='ocrx_word' id='word_1_281' title='bbox 835 3401 951 3464; x_wconf 90' lang='lat' dir='ltr'><strong>libram</strong></span> <span class='ocrx_word' id='word_1_282' title='bbox 967 3405 1135 3488; x_wconf 85' lang='lat' dir='ltr'><strong>habuerit,</strong></span> <span class='ocrx_word' id='word_1_283' title='bbox 1160 3411 1281 3472; x_wconf 87' lang='lat' dir='ltr'><strong>solidos</strong></span> 
     </span>
     <span class='ocr_line' id='line_1_36' title="bbox 151 3479 1284 3567; baseline -0.003 -22"><span class='ocrx_word' id='word_1_284' title='bbox 151 3486 310 3567; x_wconf 87' lang='lat' dir='ltr'><strong>quinque,</strong></span> <span class='ocrx_word' id='word_1_285' title='bbox 333 3483 377 3541; x_wconf 88' lang='lat' dir='ltr'><strong>ita</strong></span> <span class='ocrx_word' id='word_1_286' title='bbox 398 3489 434 3540; x_wconf 92' lang='lat' dir='ltr'><strong>ut</strong></span> <span class='ocrx_word' id='word_1_287' title='bbox 455 3479 572 3540; x_wconf 89' lang='lat' dir='ltr'><strong>iterum</strong></span> <span class='ocrx_word' id='word_1_288' title='bbox 588 3501 621 3540; x_wconf 88' lang='lat' dir='ltr'><strong>se</strong></span> <span class='ocrx_word' id='word_1_289' title='bbox 646 3480 752 3542; x_wconf 79' lang='lat' dir='ltr'><strong>valeat</strong></span> <span class='ocrx_word' id='word_1_290' title='bbox 769 3505 918 3566; x_wconf 88' lang='lat' dir='ltr'><strong>reparare</strong></span> <span class='ocrx_word' id='word_1_291' title='bbox 938 3488 978 3549; x_wconf 87' lang='lat' dir='ltr'><strong>ad</strong></span> <span class='ocrx_word' id='word_1_292' title='bbox 992 3491 1053 3552; x_wconf 88' lang='lat' dir='ltr'><strong>Dei</strong></span> <span class='ocrx_word' id='word_1_293' title='bbox 1071 3492 1238 3554; x_wconf 79' lang='lat' dir='ltr'><strong>servitium</strong></span> <span class='ocrx_word' id='word_1_294' title='bbox 1251 3503 1284 3554; x_wconf 76' lang='lat' dir='ltr'><strong>et</strong></span> 
     </span>
     <span class='ocr_line' id='line_1_37' title="bbox 150 3560 1284 3656; baseline -0.008 -27"><span class='ocrx_word' id='word_1_295' title='bbox 150 3577 292 3629; x_wconf 88' lang='lat' dir='ltr'><strong>nostram</strong></span> <span class='ocrx_word' id='word_1_296' title='bbox 306 3564 485 3626; x_wconf 86' lang='lat' dir='ltr'><strong>utilitatem.</strong></span> <span class='ocrx_word' id='word_1_297' title='bbox 527 3563 570 3624; x_wconf 87' lang='lat' dir='ltr'><strong>Et</strong></span> <span class='ocrx_word' id='word_1_298' title='bbox 589 3560 677 3622; x_wconf 87' lang='lat' dir='ltr'><strong>Missi</strong></span> <span class='ocrx_word' id='word_1_299' title='bbox 703 3566 804 3625; x_wconf 90' lang='lat' dir='ltr'><strong>nostri</strong></span> <span class='ocrx_word' id='word_1_300' title='bbox 828 3580 961 3632; x_wconf 86' lang='lat' dir='ltr'><strong>caveant</strong></span> <span class='ocrx_word' id='word_1_301' title='bbox 984 3583 1020 3633; x_wconf 90' lang='lat' dir='ltr'><strong>ut</strong></span> <span class='ocrx_word' id='word_1_302' title='bbox 1041 3575 1215 3656; x_wconf 75' lang='lat' dir='ltr'><strong>diligenter</strong></span> <span class='ocrx_word' id='word_1_303' title='bbox 1234 3575 1284 3633; x_wconf 78' lang='lat' dir='ltr'><strong>in.</strong></span> 
     </span>
     <span class='ocr_line' id='line_1_38' title="bbox 150 3644 1282 3730; baseline -0.008 -21"><span class='ocrx_word' id='word_1_304' title='bbox 150 3649 283 3730; x_wconf 91' lang='lat' dir='ltr'><strong>quirant</strong></span> <span class='ocrx_word' id='word_1_305' title='bbox 304 3669 344 3708; x_wconf 90' lang='lat' dir='ltr'><strong>ne</strong></span> <span class='ocrx_word' id='word_1_306' title='bbox 367 3666 426 3727; x_wconf 90' lang='lat' dir='ltr'><strong>per</strong></span> <span class='ocrx_word' id='word_1_307' title='bbox 451 3644 583 3724; x_wconf 85' lang='lat' dir='ltr'><strong>aliquod</strong></span> <span class='ocrx_word' id='word_1_308' title='bbox 600 3644 721 3705; x_wconf 85' lang='lat' dir='ltr'><strong>malum</strong></span> <span class='ocrx_word' id='word_1_309' title='bbox 742 3647 909 3730; x_wconf 80' lang='lat' dir='ltr'><strong>ingenium</strong></span> <span class='ocrx_word' id='word_1_310' title='bbox 930 3655 1282 3720; x_wconf 16' lang='lat' dir='ltr'><strong>nostramysuhtratfflnt</strong></span> 
     </span>
     <span class='ocr_line' id='line_1_39' title="bbox 149 3726 1281 3817; baseline 0.004 -25"><span class='ocrx_word' id='word_1_311' title='bbox 149 3730 315 3807; x_wconf 90' lang='lat' dir='ltr'><strong>iustitiam,</strong></span> <span class='ocrx_word' id='word_1_312' title='bbox 338 3727 433 3790; x_wconf 88' lang='lat' dir='ltr'><strong>alteri</strong></span> <span class='ocrx_word' id='word_1_313' title='bbox 450 3726 607 3788; x_wconf 88' lang='lat' dir='ltr'><strong>tradendo</strong></span> <span class='ocrx_word' id='word_1_314' title='bbox 626 3738 682 3789; x_wconf 89' lang='lat' dir='ltr'><strong>aut</strong></span> <span class='ocrx_word' id='word_1_315' title='bbox 695 3733 960 3797; x_wconf 89' lang='lat' dir='ltr'><strong>commendando.</strong></span> <span class='ocrx_word' id='word_1_316' title='bbox 982 3742 1049 3800; x_wconf 84' lang='lat' dir='ltr'><em>III.</em></span> <span class='ocrx_word' id='word_1_317' title='bbox 1075 3734 1142 3817; x_wconf 60' lang='lat'><strong>14„</strong></span> <span class='ocrx_word' id='word_1_318' title='bbox 1161 3737 1281 3802; x_wconf 79' lang='lat' dir='ltr'><strong>V.25a</strong></span> 
     </span>
    </p>
   </div>
   <div class='ocr_carea' id='block_1_11' title="bbox 168 3855 1280 4152">
    <p class='ocr_par' dir='ltr' id='par_1_12' title="bbox 168 3855 1280 4152">
     <span class='ocr_line' id='line_1_40' title="bbox 216 3855 1220 3999; baseline 0.007 -76"><span class='ocrx_word' id='word_1_319' title='bbox 216 3859 258 3923; x_wconf 89' lang='lat' dir='ltr'><strong>Ut</strong></span> <span class='ocrx_word' id='word_1_320' title='bbox 279 3880 389 3922; x_wconf 87' lang='lat' dir='ltr'><strong>census</strong></span> <span class='ocrx_word' id='word_1_321' title='bbox 410 3857 524 3939; x_wconf 83' lang='lat' dir='ltr'><strong>regalis</strong></span> <span class='ocrx_word' id='word_1_322' title='bbox 551 3855 788 3999; x_wconf 63' lang='lat' dir='ltr'><strong>indelsobuatur</strong></span> <span class='ocrx_word' id='word_1_323' title='bbox 820 3863 902 3924; x_wconf 83' lang='lat' dir='ltr'><strong>unde</strong></span> <span class='ocrx_word' id='word_1_324' title='bbox 930 3866 1007 3927; x_wconf 86' lang='lat' dir='ltr'><strong>olim</strong></span> <span class='ocrx_word' id='word_1_325' title='bbox 1033 3868 1220 3948; x_wconf 80' lang='lat' dir='ltr'><strong>exigebatur</strong></span> 
     </span>
     <span class='ocr_line' id='line_1_41' title="bbox 168 3951 1252 4002; baseline 0.008 -7"><span class='ocrx_word' id='word_1_326' title='bbox 168 3951 173 3960; x_wconf 50' lang='lat'>⁸</span> <span class='ocrx_word' id='word_1_327' title='bbox 645 3961 660 3998; x_wconf 86' lang='lat' dir='ltr'><strong>e</strong></span> <span class='ocrx_word' id='word_1_328' title='bbox 682 3954 777 4002; x_wconf 78' lang='lat' dir='ltr'><strong>terme.</strong></span> <span class='ocrx_word' id='word_1_329' title='bbox 1251 3971 1252 3978; x_wconf 53' lang='lat'>¹</span> 
     </span>
     <span class='ocr_line' id='line_1_42' title="bbox 222 3960 1280 4152; baseline 0.012 -44"><span class='ocrx_word' id='word_1_330' title='bbox 222 4042 477 4109; x_wconf 80' lang='lat' dir='ltr'>&#39;CCLXXXVL</span> <span class='ocrx_word' id='word_1_331' title='bbox 520 4045 643 4105; x_wconf 90' lang='lat' dir='ltr'><strong>Census</strong></span> <span class='ocrx_word' id='word_1_332' title='bbox 661 3960 780 4128; x_wconf 65' lang='lat' dir='ltr'><strong>tbegalis</strong></span> <span class='ocrx_word' id='word_1_333' title='bbox 802 4048 1020 4134; x_wconf 86' lang='lat' dir='ltr'><strong>undecunque</strong></span> <span class='ocrx_word' id='word_1_334' title='bbox 1043 4053 1280 4152; x_wconf 78' lang='lat' dir='ltr'><strong>olimlegitime</strong></span> 
     </span>
    </p>
   </div>
   <div class='ocr_carea' id='block_1_12' title="bbox 75 4125 1349 4288">
    <p class='ocr_par' dir='ltr' id='par_1_13' title="bbox 75 4125 1349 4288">
     <span class='ocr_line' id='line_1_43' title="bbox 75 4125 1349 4227; baseline 0.009 -37"><span class='ocrx_word' id='word_1_335' title='bbox 75 4213 77 4222; x_wconf 25' lang='grc' dir='ltr'>Ι</span> <span class='ocrx_word' id='word_1_336' title='bbox 149 4129 349 4224; x_wconf 75' lang='lat' dir='ltr'><strong>exigebatur,</strong></span> <span class='ocrx_word' id='word_1_337' title='bbox 364 4129 521 4224; x_wconf 38' lang='lat' dir='ltr'><strong>’volumus</strong></span> <span class='ocrx_word' id='word_1_338' title='bbox 551 4135 587 4185; x_wconf 88' lang='lat' dir='ltr'><strong>ut</strong></span> <span class='ocrx_word' id='word_1_339' title='bbox 602 4125 688 4189; x_wconf 87' lang='lat' dir='ltr'><strong>inde</strong></span> <span class='ocrx_word' id='word_1_340' title='bbox 718 4130 876 4210; x_wconf 87' lang='lat' dir='ltr'><strong>solvatur,</strong></span> <span class='ocrx_word' id='word_1_341' title='bbox 899 4134 964 4197; x_wconf 79' lang='lat' dir='ltr'><strong>sire</strong></span> <span class='ocrx_word' id='word_1_342' title='bbox 991 4136 1030 4199; x_wconf 82' lang='lat' dir='ltr'><strong>de</strong></span> <span class='ocrx_word' id='word_1_343' title='bbox 1051 4159 1181 4226; x_wconf 79' lang='lat' dir='ltr'><strong>propria</strong></span> <span class='ocrx_word' id='word_1_344' title='bbox 1201 4163 1279 4227; x_wconf 86' lang='lat' dir='ltr'><strong>per·</strong></span> <span class='ocrx_word' id='word_1_345' title='bbox 1348 4209 1349 4212; x_wconf 8' lang='grc' dir='ltr'><strong>Ἴ</strong></span> 
     </span>
     <span class='ocr_line' id='line_1_44' title="bbox 149 4207 896 4288; baseline 0.004 -14"><span class='ocrx_word' id='word_1_346' title='bbox 149 4233 227 4274; x_wconf 86' lang='lat' dir='ltr'><strong>sona</strong></span> <span class='ocrx_word' id='word_1_347' title='bbox 249 4211 487 4288; x_wconf 76' lang='lat' dir='ltr'><strong>hominis,s1re</strong></span> <span class='ocrx_word' id='word_1_348' title='bbox 509 4207 672 4272; x_wconf 89' lang='lat' dir='ltr'><strong>derebus.</strong></span> <span class='ocrx_word' id='word_1_349' title='bbox 713 4213 778 4276; x_wconf 86' lang='lat' dir='ltr'><strong><em>III.</em></strong></span> <span class='ocrx_word' id='word_1_350' title='bbox 801 4215 845 4277; x_wconf 75' lang='lat'><strong>15.</strong></span> <span class='ocrx_word' id='word_1_351' title='bbox 895 4239 896 4242; x_wconf 44' lang='lat'>¹</span> 
     </span>
    </p>
   </div>
   <div class='ocr_carea' id='block_1_13' title="bbox 0 0 1481 4990">
    <p class='ocr_par' dir='ltr' id='par_1_14' title="bbox 0 0 1481 4990">
     <span class='ocr_line' id='line_1_45' title="bbox 0 0 1481 4990; baseline 0 0"><span class='ocrx_word' id='word_1_352' title='bbox 0 0 1481 4990; x_wconf 95' lang='lat' dir='ltr'><strong> </strong></span> 
     </span>
    </p>
   </div>
  </div>
 </body>
</html>
