2910 4986
527 305 839 388 uesnraunus.
1168 301 1242 380 459

111 493 197 541 suam
210 469 361 558 quaerit,
382 477 438 533 aut
457 469 484 534 si
510 471 592 534 alter
607 471 638 534 ei
654 487 810 554 quaerere
830 461 939 538 deluam
963 463 1106 546 exceptis
1128 460 1245 525 Scabi-

114 561 180 624 ueis
194 567 334 641 septem,
356 555 413 638 qui
432 554 594 616 adomnia
614 555 731 638 placita
752 571 898 634 praeesse
914 547 1040 610 dehent.
1063 543 1147 611 Ibid.
1159 566 1244 608 cuo.

512 662 560 720 De
574 659 672 740 falsis
694 661 832 722 testibus.

154 829 161 842 ι
188 743 278 809 XLI.
320 743 470 806 Defalsis
491 743 625 804 testibus
646 743 860 827 praecipimus
883 749 918 800 ut
944 758 1010 798 uon
1033 734 1243 820 recipiantur.

110 827 194 890 aad·
217 850 244 888 c.
269 847 319 887 2¹·
369 910 418 970 De
440 931 503 970 non
524 908 659 969 iurando
678 929 739 991 per
760 909 859 968 citum
882 907 982 984 Regis.

189 1015 300 1082 XLII.
344 1018 386 1076 Ut
413 1018 525 1076 nullus
546 1023 724 1097 praesumat
749 1013 919 1098 pervitam
938 1011 1033 1093 Regis
1055 1019 1087 1073 et
1103 1009 1246 1072 filiorum

109 1099 178 1161 cius
200 1101 317 1160 iurare.
365 1099 449 1164 Ibid.
472 1122 498 1160 c.
522 1121 570 1158 22.

108 1209 158 1268 Dc
181 1227 217 1268 eo
239 1207 296 1290 qui
312 1227 372 1290 per
393 1209 533 1268 chartam
555 1207 706 1284 ingenuus
728 1215 795 1274 est,
829 1202 858 1260 si
886 1199 931 1260 ad
957 1202 1123 1262 seruitium
1144 1201 1246 1262 inter·

538 1289 674 1372 pollutus
689 1284 803 1366 suerit.

190 1371 309 1433 XLIII.
351 1370 385 1433 Si
407 1371 480 1452 quis
493 1392 552 1452 per
566 1371 706 1432 chartam
725 1367 885 1448 ingenuus
902 1366 1048 1430 dimissus
1069 1366 1187 1444 fuerit,
1214 1374 1246 1428 et

109 1457 126 1516 ri
146 1455 296 1537 quolibet
315 1453 446 1514 homine
463 1455 503 1514 ud
523 1452 689 1514 servitium
712 1449 936 1532 interpellatus
966 1451 1083 1528 fuerit,
1106 1450 1246 1533 primum

108 1539 291 1620 legitimum
309 1547 470 1597 auctorem
493 1557 566 1597 suae
590 1532 745 1595 libertatis
761 1533 920 1615 proferat,
943 1544 974 1594 ct
1002 1533 1035 1592 in
1062 1555 1119 1593 sua
1143 1532 1245 1592 liber-

108 1631 174 1680 tate
194 1630 389 1702 perseveret.
423 1618 456 1678 Si
470 1641 548 1680 vero
566 1617 728 1699 legitimus
751 1625 862 1676 auctor
881 1615 1036 1689 defuerit,
1059 1615 1245 1677 testimonio

108 1703 270 1763 bonorum
290 1700 476 1779 hominum,
498 1702 554 1784 qui
571 1711 650 1760 tunc
670 1699 805 1760 aderant
830 1699 959 1778 quando
985 1699 1069 1759 liber
1096 1699 1244 1760 dimissus

111 1787 235 1860 fuerat,
256 1805 289 1844 se
306 1783 480 1844 defendere
501 1784 713 1866 permittatur.
769 1782 802 1842 Si
825 1803 901 1842 vcro
931 1789 1027 1841 testes
1057 1781 1244 1856 defuerint,

112 1889 187 1927 cum
202 1867 324 1928 duabus
347 1867 417 1926 aliis
440 1867 573 1945 chartis,
596 1887 679 1948 quac
696 1862 839 1924 eiusdem
856 1862 1050 1926 Cancellarii
1065 1885 1162 1925 manu
1187 1863 1245 1924 lir-

109 1959 212 2010 matae
233 1950 297 2009 sint
321 1949 374 2010 vel
391 1949 545 2030 scriptae,
568 1949 790 2028 cuiuscunque
812 1948 951 2021 fuerint,
974 1967 1062 2006 suam
1079 1947 1243 2022 chartam,

109 2052 193 2113 quae
210 2032 303 2090 tertia
321 2041 386 2106 est,
408 2052 513 2092 veram
532 2043 563 2093 et
579 2029 753 2114 legitimam
772 2051 838 2090 esse
853 2029 1029 2090 confirmet.
1078 2029 1246 2090 Cancella·

108 2115 178 2175 rius
203 2114 401 2174 amentatis
425 2135 492 2176 esse
513 2115 609 2176 debet
629 2111 686 2194 qui
712 2113 903 2194 pagensibus
933 2112 1011 2172 locis
1035 2111 1121 2173 illius
1148 2120 1244 2172 notus

108 2197 223 2262 luisset
238 2203 272 2256 et
294 2205 452 2278 acceptus.
496 2199 530 2258 Si
549 2205 655 2257 autem
676 2193 732 2276 qui
750 2195 975 2273 interpellatus
993 2195 1092 2256 fuerit
1118 2196 1159 2256 ad
1175 2214 1245 2255 scr-

107 2279 243 2353 vitium,
268 2299 327 2338 nec
352 2288 530 2356 auctorem,
552 2301 612 2340 nec
634 2277 816 2338 testimonia
838 2276 1007 2352 habuerit,
1031 2298 1136 2358 neque
1166 2276 1244 2337 alias

109 2362 188 2422 duas
203 2359 329 2420 chartas
346 2361 385 2420 ad
399 2383 486 2422 suam
502 2363 645 2424 chartam
659 2359 909 2422 confirmandam
924 2359 1073 2419 invenire
1090 2359 1244 2439 potuerit,

106 2455 186 2504 tunc
208 2445 235 2504 is
254 2443 312 2522 qui
327 2465 401 2502 eum
416 2445 652 2526 interpellarit,
674 2443 852 2504 secundum
868 2442 974 2523 legem
987 2441 1086 2522 ipsam
1101 2441 1245 2501 chartam

107 2527 221 2586 falsam
247 2525 379 2602 efficiat,
413 2535 443 2586 et
463 2549 592 2588 servum
623 2526 803 2606 conquirat.
853 2525 885 2584 Si
911 2545 987 2584 vero
1020 2523 1246 2604 interpellator

108 2617 239 2668 auctore
261 2617 314 2667 aut
327 2610 540 2686 testimoniis,
563 2619 617 2668 aut
642 2607 825 2669 chartarum
849 2607 1023 2667 collatione
1044 2605 1147 2666 victus
1170 2606 1246 2664 fue-

107 2691 168 2766 rit,
193 2711 233 2750 ex
255 2687 317 2750 hoc
338 2692 425 2770 quod
453 2692 560 2754 uoluit
591 2693 734 2765 efficere,
758 2699 790 2750 et
822 2711 887 2749 non
918 2687 1079 2770 potuerit,
1110 2687 1245 2748 multam

108 2795 190 2854 quac
214 2773 247 2830 in
260 2772 332 2850 ipsa
348 2773 555 2855 ingenuitatis
576 2775 686 2834 charta
706 2774 892 2852 continetur
912 2780 1044 2855 cogatur
1065 2770 1245 2852 exsolpere.

107 2855 193 2920 lbid.
216 2857 250 2914 in
262 2853 347 2938 fine.

281 2961 329 3019 De
361 2983 453 3023 servo
476 2965 530 3047 qui
551 2963 700 3023 damnum
721 2961 883 3045 quodlibet
899 2971 1072 3047 perpetrat.

188 3064 302 3126 XLIV.
344 3066 473 3126 Nemini
498 3068 594 3128 liceat
616 3089 742 3128 servum
757 3089 850 3126 suum
873 3077 1006 3149 propter
1029 3067 1181 3128 damnum
1206 3069 1245 3130 ab

108 3145 165 3206 illo
187 3145 325 3207 cuilibet
340 3145 475 3211 inlatum
506 3151 686 3227 dimittere,
716 3149 772 3210 sed
798 3150 887 3209 iuxta
918 3150 1105 3232 qualitatem
1135 3151 1245 3212 damni

109 3228 259 3288 dominus
277 3253 335 3311 pro
358 3231 416 3290 illo
436 3229 649 3312 respondeat,
672 3233 723 3293 vel
748 3253 820 3290 cum
843 3233 875 3290 in
905 3233 1160 3294 commissionem
1189 3244 1244 3296 aut

108 3312 146 3370 ad
163 3332 298 3394 poenam
318 3314 448 3394 petitori
461 3315 578 3388 offerat.
622 3315 656 3375 Si
672 3324 779 3374 autem
799 3335 906 3376 servus
920 3325 1104 3398 perpetrato
1119 3318 1243 3392 scelere

109 3393 254 3474 fugerit,
278 3395 330 3480 ita(
345 3405 381 3454 ut
398 3397 415 3455 al
433 3397 563 3458 domino
584 3397 713 3478 penitus
736 3395 878 3455 inveniri
900 3420 964 3458 non
994 3399 1092 3480 possit
1104 3443 1113 3475 ,
1142 3422 1247 3460 sacras

108 3485 216 3534 mento
232 3497 265 3546 se
282 3477 430 3538 deminus
446 3480 515 3540 eius
531 3501 683 3538 excusare
704 3479 830 3539 studeat
852 3481 939 3560 quod
962 3482 1023 3542 hoc
1039 3502 1113 3541 suae
1129 3483 1244 3544 volun·

108 3557 180 3616 tatis
200 3579 261 3616 nec
289 3561 504 3621 conscientiae
533 3562 645 3621 fnisset
679 3562 767 3642 quod
792 3582 902 3624 servus
930 3563 998 3625 eius
1026 3564 1089 3625 tale
1114 3565 1242 3626 facinus

109 3639 278 3700 commisit.
323 3641 457 3726 Capitol.
476 3643 535 3708 IV.
557 3669 584 3702 a.
603 3645 674 3706 803.
694 3665 719 3703 c.
738 3665 786 3707 20.

280 3748 329 3806 De
349 3750 540 3808 tirannitione
562 3747 733 3808 secundum
754 3749 851 3827 legem
873 3749 917 3809 ud
936 3751 1074 3811 mullum.

187 3851 285 3912 XLV.
327 3852 361 3914 si
376 3853 447 3934 quis
465 3853 505 3913 ad
519 3853 651 3912 mallum
668 3854 792 3936 legibus
808 3855 971 3916 mannitus
987 3856 1099 3928 suerit,
1124 3867 1156 3918 et
1172 3879 1239 3919 non

108 3933 252 4008 venerit,
287 3934 314 3994 si
344 3956 417 3994 curn
445 3936 558 3996 sunnis
592 3957 657 3996 non
692 3936 884 4013 detinuerit,
915 3939 1101 4018 quindecim
1129 3941 1239 4002 solidis

109 4014 278 4096 culpabilis
295 4014 467 4083 iudicetur.
509 4018 562 4078 Sic
580 4018 622 4078 ad
645 4018 822 4080 secundum
846 4029 877 4078 et
891 4020 1031 4080 tertium.
1073 4021 1108 4082 si
1133 4033 1239 4083 autem

110 4096 148 4154 ad
166 4106 315 4178 quartum
346 4100 457 4160 venire
484 4102 729 4182 contempserit,
750 4093 906 4182 possessio
936 4103 1005 4164 eius
1033 4103 1066 4162 in
1093 4103 1239 4166 bannum

110 4177 250 4270 mittatur
271 4181 375 4241 donec
393 4181 521 4257 veniat,
544 4191 576 4242 et
593 4184 638 4242 sic
658 4183 751 4244 dere
774 4182 814 4242 de
836 4205 900 4265 qua
920 4185 1145 4268 interpellatus
1163 4189 1238 4249 fue·
1331 4185 1335 4194 ’

110 4268 151 4321 nt
168 4259 322 4324 iustitiam
338 4263 442 4326 faciat.
484 4264 519 4328 si
539 4263 622 4326 intra
654 4267 776 4328 annum
801 4285 866 4327 non
897 4268 1043 4348 venerit,
1074 4268 1114 4332 de
1141 4270 1237 4335 rebus
