2926 4986
515 335 852 407 recenseremus.
1189 311 1260 402 ⁷³1

274 543 277 547 ,
380 474 454 538 ·De
478 477 644 542 homicidis
660 478 741 566 quid
762 475 916 560 agendum
938 479 989 543 sit.
1036 521 1039 526 .
1132 497 1133 502 ¹
1177 523 1180 530 ,

219 579 360 662 CCLVI.
399 583 449 646 De
482 579 652 648 homicidis
677 585 722 647 ita
747 583 895 648 iussimus
919 583 1110 661 observare,
1131 589 1168 644 ut
1187 580 1261 664 qni-

133 689 267 748 ennque
288 680 369 728 ausu
391 668 561 729 temerario
580 667 680 728 alium
699 667 768 730 sine
793 688 886 729 eausa
912 666 1078 743 occiderit,
1103 665 1188 728 vitae
1208 683 1263 745 pe·
1306 694 1307 698 ,

134 751 241 812 riculo
262 749 415 826 feriatur,
438 758 471 810 et
497 750 601 834 pretio
625 751 718 812 nullo
741 771 774 812 se
798 749 957 811 redimere
980 769 1125 830 unquam
1147 743 1263 809 valeat.

133 831 218 894 Etsi
237 830 426 910 convenerit
442 840 478 892 ut
491 833 531 893 ad
552 831 817 916 compositionem
835 831 973 914 quisque
987 829 1173 908 descendat,
1190 827 1264 888 nul-

135 913 188 976 lus
210 915 250 975 de
271 912 456 996 parentibus
478 924 534 974 aut
558 915 667 976 amicis
689 937 763 976 eum
787 911 962 996 quicquam
984 913 1124 974 adiuvet.
1166 908 1264 988 Quod

134 996 164 1140 il
179 997 316 1141 (feeerit,
325 996 636 1140 5suumvvrirgildum
651 997 783 1060 omnino
803 995 999 1081 componat(
1026 996 1152 1061 Decret.
1175 991 1265 1056 Chit-

161 1101 177 1138 e
199 1091 256 1140 ert.
276 1099 303 1144 c.
347 1123 355 1138 .

260 1181 349 1266 Quid
365 1182 405 1244 de
415 1179 546 1266 furibus
567 1197 598 1246 ct
615 1183 869 1269 malefactoribus
894 1185 937 1246 sit
954 1180 1118 1265 agendam.

221 1289 379 1351 CCLVII.
424 1291 474 1352 De
513 1291 640 1364 furibus
680 1301 713 1356 et
764 1290 1024 1354 malefactoribus
1064 1286 1267 1350 decrevimus
1386 1352 1393 1370 Ἤ

137 1373 312 1450 observari,
335 1381 372 1432 ut
391 1373 417 1434 si
435 1369 580 1456 quinque
602 1385 657 1436 ant
677 1385 800 1456 septem
814 1374 918 1436 honae
935 1372 1181 1446 fideihnminm,
1199 1369 1268 1430 abs-
1366 1363 1369 1376 ‘

136 1478 201 1538 que
234 1453 411 1515 inimicitia
430 1458 592 1538 proposita
614 1457 823 1519 criminosum
850 1475 925 1518 cum
951 1453 1139 1517 sacramenti
1168 1453 1268 1513 inter·

136 1536 300 1622 positione
320 1557 388 1600 esse
413 1537 567 1620 dixerint,
596 1540 758 1622 quomodo
779 1548 890 1600 contra
919 1537 1024 1620 legem
1047 1539 1170 1598 lurtum
1189 1555 1267 1616 per-

161 1618 294 1697 etravit,
316 1620 362 1680 sic
381 1619 559 1696 seeundum
576 1623 682 1705 legem
701 1617 865 1684 moriatur.
894 1620 979 1682 Etsi
1001 1619 1102 1685 Iudex
1118 1637 1268 1698 eompre-

135 1643 285 1766 bensum.
298 1701 456 1765 latronem
476 1703 639 1783 laxaverit,
658 1705 757 1768 vitam
773 1726 864 1766 suam
882 1702 1017 1783 amittat,
1039 1711 1073 1766 et
1092 1711 1130 1766 ut
1146 1696 1267 1764 caeteri

137 1781 342 1868 disciplinam
365 1783 512 1846 omnibus
535 1781 716 1858 observent.
758 1785 843 1850 thid.
864 1807 891 1852 c.
913 1807 942 1867 q·
981 1843 984 1854 .
1028 1847 1030 1853 ,

429 1891 478 1953 De
495 1892 619 1954 incestis
635 1891 714 1978 quid
731 1891 884 1974 agendum
904 1892 955 1958 sit.

222 1993 404 2078 CCLVIII.
446 1999 489 2058 Ut
512 1997 671 2058 incestum
690 1996 800 2060 nullos
823 1995 883 2060 sibi
900 2017 1051 2078 umquam
1068 1991 1170 2058 societ
1190 2011 1267 2055 con·

137 2078 273 2162 ingiam.
315 2079 410 2155 Quod
432 2079 458 2140 si
482 2079 666 2162 contigerit,
688 2081 727 2142 ab
750 2069 909 2162 Episcopo
926 2080 991 2140 loci
1014 2077 1103 2138 illins
1118 2093 1266 2158 separen-

137 2171 194 2224 tur
214 2167 246 2221 et
263 2159 426 2242 publicam
450 2170 571 2243 septem
592 2184 750 2223 annorum
771 2162 860 2226 iuxta
876 2161 1048 2224 canonicos
1068 2160 1184 2242 gradus
1203 2177 1266 2217 am-

138 2243 183 2306 bo
204 2251 299 2322 agant
329 2243 572 2325 poenitentiam.
612 2244 678 2321 Qui
703 2255 809 2308 autem
835 2243 898 2308 boc
920 2265 1014 2330 agere
1036 2241 1198 2320 noluerit,
1226 2237 1266 2300 ab

141 2325 291 2387 omnihus
313 2331 358 2386 nt'
373 2325 540 2387 anathema
558 2327 723 2396 habeatur.

140 2431 190 2493 De
208 2433 440 2511 accusatoribus
457 2423 520 2508 nqis
528 2431 630 2514 facile
648 2432 857 2514 recipiendis,
878 2453 935 2492 ¹nee
955 2431 1069 2514 absque
1086 2441 1172 2490 certa
1185 2448 1263 2514 pro·

281 2515 404 2576 batione
431 2513 636 2598 quibusquam
656 2513 836 2578 iudicandis
856 2514 911 2578 uel
930 2511 1130 2576 damnandis.
1176 2556 1180 2564 .

224 2617 372 2682 CCLIX.
413 2619 530 2684 Omnia
545 2615 648 2702 primo
670 2619 843 2704 diligenter
865 2627 997 2682 cunctos
1013 2625 1139 2699 oportet
1155 2614 1268 2696 inqui-

139 2725 214 2767 rere
232 2713 269 2762 ut
288 2723 361 2764 cum
376 2701 495 2762 iustitia
513 2703 720 2764 deliniantur.
760 2702 877 2765 Nullus
896 2721 1089 2782 quemquam
1106 2708 1179 2760 ante
1201 2699 1269 2758 ius·

139 2798 212 2848 tum
236 2783 394 2845 iudicium
425 2783 576 2864 damnet,
604 2786 731 2846 nullum
760 2784 950 2866 suspicionis
975 2781 1267 2842 arbitriosiudicet.

140 2869 236 2932 Prius
256 2865 387 2949 quidem
404 2866 538 2946 probet,
560 2876 593 2930 et
618 2868 664 2930 sie
688 2867 824 2938 iudicet;
860 2863 1033 2934 nonenim
1054 2863 1112 2945 qui
1137 2883 1269 2926 accusa·-

141 2961 206 3026 tur,
234 2951 291 3010 sed
313 2946 369 3030 qui
391 2949 608 3028 convincitur,
629 2971 703 3012 reus
726 2960 787 3011 est:
809 2948 982 3031 pessimum
1002 2967 1140 3028 namque
1160 2955 1193 3008 et
1210 2965 1269 3024 pe·
1309 3003 1313 3008 .

141 3033 319 3099 rienlosum
344 3039 391 3090 est
415 3051 610 3114 quemqnam
631 3031 670 3092 de
692 3032 875 3114 suspicione
898 3030 1050 3092 iudicare.
1099 3029 1136 3090 ln
1164 3028 1267 3088 ambi-

143 3116 213 3198 guis
234 3113 296 3174 Dei
320 3112 441 3174 iudicio
463 3124 645 3176 reservetur
663 3114 840 3176 sententia:
864 3113 951 3196 quod
971 3122 1057 3174 certe
1080 3118 1269 3192 agnoscunt,

142 3221 218 3270 suo;
244 3195 332 3278 qnod
348 3194 507 3268 nesciunt,
532 3195 643 3258 divino
658 3205 827 3258 reservent
847 3193 977 3256 iudicio.
1020 3193 1179 3271 Quoniam
1204 3213 1269 3260 non

141 3289 248 3364 potest
266 3279 406 3339 humano
433 3277 641 3340 condemnari
662 3279 820 3354 examine,
842 3299 938 3358 quern
957 3277 1046 3338 Deus
1066 3298 1125 3338 suo
1149 3274 1271 3336 iudicio
1328 3281 1331 3289 ‘

143 3361 327 3426 reservavit.
373 3357 499 3422 Incerta
520 3381 656 3442 namque
675 3382 740 3420 non
766 3360 919 3424 dehemus
943 3359 1270 3440 iudicare-quoadus-

143 3465 207 3526 que
229 3441 345 3505 veniat.
357 3443 527 3522 Dominus,
548 3445 605 3526 qui
627 3442 761 3504 latentia
783 3443 943 3525 producet
964 3443 997 3501 in
1020 3443 1137 3518 lucem,
1161 3450 1194 3504 et
1217 3440 1271 3498 in-

143 3525 314 3587 luminabit
329 3523 515 3600 abscondita
535 3527 752 3601 tenebrarum,
766 3535 797 3587 et
816 3523 1031 3589 manifestabit
1048 3524 1183 3585 consilia
1197 3543 1271 3582 eor-

144 3608 243 3670 dium.
285 3607 439 3684 Quemvis
462 3606 549 3670 enim
578 3631 655 3672 vera
682 3608 763 3684 sint,
787 3630 849 3668 non
877 3617 981 3669 tamen
1008 3607 1168 3668 credenda
1196 3611 1273 3665 sunt

144 3691 208 3752 nisi
245 3710 327 3771 qnae
350 3690 444 3750 certis
462 3690 590 3752 indiciis
615 3691 882 3771 comprobantur,
911 3690 973 3750 nisi
995 3699 1078 3772 quae
1102 3687 1272 3747 manifesto

142 3772 528 3852 indicioconvincuntur,
550 3774 612 3836 nisi
632 3795 714 3856 quae
728 3770 898 3836 iudiciario
920 3772 1032 3835 ordine
1055 3770 1272 3855 publicantur,

224 3904 274 3964 De
296 3905 596 3988 Charopiseoporum
612 3905 833 3986 superstitione
861 3916 953 3986 atquc
979 3901 1189 3965 claennatioue.

151 4079 154 4086 ¹
227 4011 347 4071 CCLX.
389 4009 548 4071 Omnibus
569 4019 696 4071 sanetae
712 4007 773 4069 Dei
790 4008 953 4069 Ecclesiae
970 4007 1118 4068 fidelibus
1144 4015 1176 4066 et
1196 4029 1273 4068 nos-

144 4093 203 4155 tris
229 4101 338 4152 notum
358 4094 424 4156 esse
449 4095 608 4169 volumus,
628 4092 705 4174 quia
721 4113 787 4152 non
809 4112 907 4172 parva
928 4091 1074 4171 quaestio
1103 4089 1141 4150 de
1168 4090 1274 4152 Chor-

145 4175 369 4258 episcoporum
384 4175 611 4257 superstitione
624 4175 664 4236 ad
686 4197 744 4234 nos
764 4169 829 4234 non
843 4173 941 4236 semel
967 4183 1022 4232 aut
1049 4172 1097 4234 bis
1119 4185 1186 4234 ⁴aut
1210 4173 1275 4237 ¹ter

146 4267 289 4337 venerat,
318 4260 374 4322 sed
398 4257 581 4344 saepissime
608 4257 723 4321 nostris
748 4257 878 4320 auribus
905 4256 1084 4320 molestiam
1110 4255 1273 4324 intulerat.
