2910 4986
524 343 652 402 uana
673 341 848 405 saeuus.
1181 324 1255 404 45³

133 486 369 572 biagadoburg‚
391 493 425 548 et
449 485 488 547 ad
508 484 695 568 Erpessurt,
718 495 751 546 et
776 485 816 546 ad
838 482 1016 561 ralaxant,
1039 483 1131 545 etad
1161 487 1264 548 Fora·

134 573 252 650 cheina,
276 581 308 632 et
338 569 378 629 ad
397 567 608 650 Breemberg,
632 579 665 631 et
693 568 734 630 ad
757 566 990 650 Reginisburc‚
1013 567 1104 628 etad
1129 567 1264 628 Lauria-

130 675 216 725 cum;
241 662 275 715 et
297 663 333 713 ut
354 673 441 710 arma
473 660 505 712 et
524 650 656 714 brunias
687 673 752 711 non
786 653 906 712 ducant
933 650 973 712 ad
999 649 1261 712 venundandum.

128 737 227 814 Quod
248 736 277 796 si
300 734 430 795 inventi
454 731 579 794 luerint
603 743 785 816 portantes,
816 732 918 794 omnis
948 731 1122 792 substantia
1152 753 1264 796 eorum

128 819 297 879 auferatur
315 817 353 876 ab
376 816 441 886 eis;
465 814 596 877 dimidia
622 816 755 897 quidem
783 838 854 898 pars
877 814 1021 896 partibus
1048 813 1178 894 palatii,
1201 815 1264 876 alia

126 922 207 960 vero
224 899 379 963 medietas
397 898 484 958 inter
500 898 563 960 iam
581 898 683 960 dictos
702 900 815 962 Missos
831 908 864 959 et
878 897 1078 957 inventorem
1089 895 1266 966 dividatur.¹

123 981 209 1048 [tid.
227 1005 254 1047 c.
274 1003 303 1062 7.

411 1067 467 1127 De
487 1062 709 1125 clamatoribus
732 1063 786 1122 uel
808 1060 985 1150 causidicis,

209 1171 291 1234 VII.
331 1173 380 1232 De
402 1169 628 1231 clamatoribus
656 1170 710 1229 vel
736 1169 905 1232 causidicis
927 1167 984 1250 qui
1016 1189 1076 1236 uec
1106 1166 1264 1232 iudicium

130 1255 364 1315 Scabineorum
395 1253 603 1333 adquiescere
626 1273 686 1314 nco
721 1251 941 1332 blasphemare
971 1249 1103 1326 volunt,
1133 1251 1265 1332 antiqua
1297 1285 1299 1290 ·

130 1337 336 1398 cousuetudo
355 1345 518 1411 servetur,
541 1335 573 1394 id
596 1343 662 1411 est,
685 1344 720 1393 ut
743 1335 775 1392 in
793 1333 936 1398 custodia
966 1331 1179 1395 recludantur
1205 1333 1264 1392 do-

128 1439 191 1479 nec
218 1417 500 1478 unumeduohus
523 1417 652 1476 faciant.
693 1418 736 1476 Et
765 1417 789 1476 si
820 1415 860 1475 ad
883 1413 1037 1496 palatium
1066 1435 1124 1495 pro
1145 1413 1204 1475 hac
1227 1434 1263 1475 re

131 1501 359 1574 clamaverint,
382 1508 414 1559 et
434 1499 556 1559 litteras
573 1499 767 1576 detulerint,
790 1519 855 1558 nou
879 1497 1010 1578 quidem
1027 1495 1073 1556 eis
1095 1496 1263 1574 credatur,
1281 1507 1284 1512 '

133 1605 195 1644 nec
218 1594 325 1642 tamen
347 1582 380 1641 in
401 1603 527 1643 carcere
547 1591 723 1662 ponentem
746 1581 803 1642 sed
826 1602 899 1640 cum
921 1578 1064 1640 custodia
1080 1588 1112 1639 et
1128 1601 1201 1638 cum
1218 1578 1265 1658 ip-

131 1666 175 1727 sis
199 1665 317 1726 litteris
351 1664 471 1746 pariter
501 1664 540 1724 ad
568 1663 720 1745 palatium
748 1670 893 1722 nostrum
916 1662 1137 1740 remittantur,
1160 1670 1196 1724 ut
1219 1660 1264 1721 ibi

135 1747 351 1809 discutiantur
369 1745 451 1806 sicut
465 1746 598 1828 dignum
616 1755 672 1806 cst.
715 1744 799 1808 Ibid.
819 1765 844 1804 c.
858 1747 891 1816 8,

576 1855 631 1914 De
652 1853 842 1923 iuramento,

214 1958 311 2026 VIII.
353 1963 402 2021 De
429 1959 631 2034 iuramento,
652 1966 688 2015 ut
710 1955 792 2022 nulli
823 1955 917 2015 alteri
948 1975 1006 2037 per
1032 1967 1266 2020 sacramentum

132 2042 272 2104 fidelitas
294 2043 518 2126 promittatur,
542 2040 602 2100 nisi
626 2039 716 2106 uobis
737 2049 768 2099 et
791 2037 967 2119 unicuique
983 2037 1116 2120 proprio
1138 2041 1266 2102 Seniori

133 2125 173 2186 ad
188 2135 330 2186 nostram
351 2125 522 2184 utilitatem
541 2123 633 2183 etsui
654 2121 813 2191 Senioris;
837 2130 970 2202 excepto
985 2120 1035 2180 his
1060 2123 1266 2184 sacramentis

132 2231 214 2288 quae
231 2208 315 2268 iuste
335 2208 512 2267 secundum
535 2206 639 2286 legem
654 2204 745 2262 alteri
761 2203 798 2262 ab
815 2201 915 2262 altero
935 2203 1105 2263 debentur.
1146 2206 1190 2265 Et
1212 2206 1265 2264 in-

131 2293 236 2351 fantes
257 2290 313 2370 qui
328 2299 421 2348 antea
442 2310 505 2349 non
528 2295 705 2368 potuerunt
718 2295 851 2368 propter
870 2285 1045 2350 iuvenilem
1065 2295 1200 2350 aetatem
1217 2288 1266 2350 iu.
1326 2279 1328 2296 '

132 2393 225 2450 rare,
247 2372 344 2432 modo
360 2371 546 2430 fidelitatem
562 2368 795 2451 repromittant.
837 2366 914 2429 Ibid
935 2388 1000 2448 c.9,

513 2475 562 2535 De
596 2474 887 2550 conspirationibus.

217 2577 278 2640 IX.
320 2582 369 2640 De
393 2577 681 2661 conspirationibus
702 2599 800 2654 vero,
830 2579 1018 2660 quicunque
1052 2579 1266 2661 conspiratio-

133 2685 209 2723 nem
233 2665 340 2723 lacere
356 2660 643 2743 praesumpserint,
665 2670 698 2719 et
714 2671 910 2728 sacramento
933 2682 1158 2744 quamcunque
1187 2683 1268 2721 con-

134 2745 345 2827 spirationem
365 2745 581 2819 firmaverint,
605 2752 639 2802 ut
653 2743 771 2824 triplici
788 2743 911 2803 ratione
928 2743 1124 2804 iudicentur.
1145 2743 1268 2820 Prim0,

134 2838 171 2888 ut
184 2828 372 2907 ubicunque
394 2827 527 2908 aliquod
543 2823 663 2884 malum
678 2847 737 2906 per
752 2825 814 2885 hoc
830 2835 1051 2906 perpetratum·
1066 2825 1137 2903 fuit,
1161 2835 1269 2887 aucto·

132 2932 185 2970 res
211 2910 287 2970 lacti
315 2909 563 2977 interficiantur3
586 2907 748 2972 adiutores
766 2929 843 2968 vero
862 2929 974 2968 eorum
988 2909 1108 2989 singuli
1125 2909 1208 2970 alter
1229 2908 1268 2968 ab
1288 2967 1296 2991 ὁ

133 2993 237 3054 altero
259 2991 486 3072 flagellentur,
509 2999 541 3050 et
559 3010 650 3050 nares
666 2988 725 3050 sibi
748 2989 888 3051 invicem
901 2991 1097 3072 praecidant.
1139 2990 1201 3050 Ubi
1214 3012 1268 3052 ve·

132 3097 170 3134 ro
193 3074 277 3133 nihil
301 3073 376 3132 mali
398 3080 618 3155 perpetratum
636 3081 701 3150 est,
723 3072 872 3132 similiter
893 3073 1026 3153 quidem
1047 3071 1133 3132 inter
1157 3095 1190 3134 se
1210 3072 1269 3133 fla·

133 3157 319 3238 gellentur,
343 3165 374 3215 et
388 3155 521 3236 capillos
540 3152 601 3214 sibi
624 3153 762 3214 vicissim
780 3153 986 3215 detondeant.
1041 3154 1075 3214 Si
1101 3177 1178 3216 vero
1208 3175 1269 3238 per

134 3240 261 3299 dextras
279 3237 387 3318 aliqua
410 3234 604 3318 conspiratio
636 3236 757 3296 firmata
782 3237 900 3309 fuerit,
923 3237 947 3296 si
971 3235 1064 3296 liberi
1095 3247 1191 3315 suut,
1215 3246 1270 3298 aut

135 3321 246 3380 iurent
266 3341 338 3380 cum
356 3319 480 3379 idoneis
498 3318 691 3377 iuratoribus
707 3317 768 3379 hoc
782 3340 840 3400 pre
859 3320 941 3379 malo
960 3341 1024 3378 nou
1050 3320 1181 3389 fecisse;
1214 3329 1269 3380 aut
1369 3339 1372 3348 ’

134 3403 160 3462 si
186 3403 293 3461 facere
317 3423 380 3461 nou
407 3400 592 3481 potuerint,
623 3421 711 3460 suam
732 3401 841 3482 Iegem
867 3410 1069 3482 componant.
1131 3403 1166 3464 Si
1192 3424 1269 3463 vero

136 3484 223 3544 servi
247 3492 347 3557 sunt,
370 3483 584 3563 flagellentur.
626 3483 668 3542 Et
698 3491 734 3542 ut
756 3483 794 3542 de
818 3494 944 3543 caetero
974 3483 1006 3541 iu
1033 3503 1133 3565 reguo
1158 3493 1268 3544 nostro

135 3567 226 3624 nuIIa
245 3565 430 3624 huiusmodi
446 3563 657 3642 conspiratio,
682 3585 742 3624 nec
754 3586 813 3646 per
831 3574 1085 3642 sacramentum,
1109 3588 1169 3626 nec
1198 3567 1269 3627 sine

134 3657 335 3708 sacramento
350 3647 413 3706 fiat.
455 3647 538 3708 laid.
552 3667 578 3706 c.
597 3668 642 3707 ιο.

586 3752 634 3818 De
663 3751 822 3832 periuriis.

217 3858 261 3922 X.
303 3862 351 3920 De
370 3859 539 3939 periuriis,
562 3869 597 3919 ut
614 3867 807 3932 caveantur,
830 3869 862 3917 et
885 3881 949 3919 raon
978 3859 1186 3926 admittantur
1210 3871 1271 3924 tes,

136 3953 183 4004 tes
197 3943 237 4002 ad
253 3941 468 4004 iuramentum
485 3953 655 4022 antequam
674 3939 895 4001 discutiantur.
939 3943 981 4002 Et
997 3941 1022 4003 si
1041 3943 1135 4002 aliter
1153 3943 1270 4004 discuti

139 4047 202 4085 nou
222 4034 378 4107 possunt,
400 4035 590 4106 separentur
606 4025 644 4084 ab
671 4024 828 4096 invicem,
860 4036 892 4084 et
921 4025 1128 4104 singulariter
1160 4024 1271 4105 inqui.-

139 4116 260 4168 rantur.
302 4109 346 4167 Et
365 4127 429 4166 nou
450 4107 509 4168 soli
526 4106 702 4168 accusatori
720 4105 817 4164 liceat
842 4115 937 4166 testes
962 4106 1082 4188 eIigere
1095 4152 1105 4183 ‚,
1140 4105 1272 4168 absente

140 4211 196 4249 suo
219 4198 396 4250 causatore.
437 4191 479 4252 Et
505 4190 637 4250 omnino
663 4188 771 4248 nullus
794 4186 854 4246 nisi
889 4189 1018 4250 ieiunus
1046 4189 1085 4250 ad
1107 4187 1272 4252 iuramen-

141 4280 206 4366 tum
229 4273 283 4334 vel
307 4271 348 4332 ad
371 4269 589 4339 testimouium
610 4271 806 4333 admittatur.
849 4270 885 4330 Si
912 4291 990 4339 reto
1013 4269 1132 4360 al-Iquis
1148 4273 1271 4334 refuta-
