2926 4986
539 311 652 372 arara
682 313 882 372 cernuus.
1193 299 1266 372 719
1309 265 1318 290 ⁵

132 455 182 518 De
198 445 336 520 'lectibus
359 463 424 524 nori
448 456 638 542 reerffeadr's
666 459 721 555 qui
738 451 945 555 ‘Christianae
974 457 1139 541 'Religioni'
1157 456 1269 547 infesti

613 552 788 604 extiterint.
1232 567 1236 572 ·

214 641 454 708 CLXXXVIII.
495 646 538 706 Ut
547 645 685 706 testandi
700 644 832 706 licentia
849 645 1028 727 denegetur
1039 644 1270 743 eisquiChris·

128 728 236 792 tianae
250 727 430 808 Religionis
449 735 482 789 et
503 726 642 788 nominis
661 725 849 810 dignitatem
866 728 1080 809 neglexerint.
1112 741 1115 749 ⁴

327 835 376 894 Dc
387 834 578 919 peregrinis
595 833 763 918 Episcopis
781 834 834 920 pie
863 833 1078 921 recipiendia⁸¹

125 936 418 1088 detulCLXXXIX.
461 939 504 1001 Ut
536 937 711 1024 peregrino
746 937 1029 1025 Episcopo'locus
1056 942 1268 1082 sacrificandi

113 1129 177 1194 ,Ut
194 1127 337 1190 inlicitus
358 1117 500 1188 decessus
513 1123 710 1208 seminarum
734 1125 779 1187 ad
797 1127 897 1188 altare
918 1149 982 1189 non
993 1127 1085 1214 fiat,
1106 1147 1163 1196 aut
1182 1133 1267 1196 ullae

117 1213 267 1302 feminac
288 1231 370 1272 uasa
390 1219 498 1282 sacra,
522 1224 576 1270 aut
597 1230 711 1289 corycus
732 1223 763 1269 et
792 1211 975 1289 sanguinem
1003 1214 1158 1297 Domini,
1187 1227 1266 1280 coms

515 1305 651 1352 tractare
669 1306 883 1388 praesumant.

207 1375 302 1440 CXC.
344 1375 505 1436 statutum
530 1384 578 1435 est
602 1383 636 1434 ut
667 1374 811 1434 inlicitus
836 1374 1031 1437 feminarum
1056 1399 1202 1441 accessus
1225 1378 1267 1441 ad

125 1461 226 1526 altaro
248 1481 313 1526 nou
331 1458 401 1534 fiat5
425 1456 500 1538 quia
530 1467 642 1518 contra
666 1478 794 1518 omnem
819 1459 1041 1520 auctoritatem
1062 1457 1209 1524 'divinam
1232 1470 1266 1524 et

126 1541 317 1608 canonicam
331 1539 569 1602 institutIoucm
586 1550 633 1602 est
646 1540 780 1600 feminas
796 1541 913 1602 sanctis
938 1541 1091 1604 altaribus
1118 1565 1152 1606 se
1175 1541 1269 1606 ultro¹

124 1627 290 1710 ingerere,
315 1631 370 1683 aut
385 1625 592 1685 sacrata'rasa
618 1621 825 1704 impudenter
843 1624 1045 1704 contingere,
1071 1623 1141 1689 sire
1164 1625 1269 1706 indu-⁴
1337 1635 1339 1642 '

123 1716 236 1771 menta
257 1703 467 1768 sacerdotalia
484 1705 684 1789 Presbyteris
705 1704 901 1783 ministrare,
922 1715 978 1766 aaut
998 1727 1114 1790 corpus
1138 1717 1171 1769 et
1193 1729 1265 1770 san·

125 1791 260 1876 guinem
276 1787 411 1851 Domini
424 1790 612 1872 contingere
632 1787 826 1872 populisque
841 1788 1022 1872 porrigere:
1057 1789 1147 1872 quod
1173 1787 1263 1851 omni

124 1873 252 1937 ratione
280 1880 312 1930 et
333 1869 526 1934 auctoritate
546 1881 661 1948 ⁴earet,
692 1879 725 1931 et
750 1891 791 1930 ue
814 1871 952 1933 ulterius
982 1871 1038 1932 liat
1068 1870 1264 1936 omnImodia

122 1953 327 2042 prohibitum
347 1962 406 2018 est.
445 1953 488 2014 Et
511 1975 726 2036 quaecunque
745 1951 884 2014 feminae
906 1953 1058 2036 deinceps
1075 1954 1138 2017 hoc
1153 1956 1261 2018 lacere

148 2034 419 2120 raosumpserint,
441 2035 564 2098 iudicio
583 2035 741 2097 canonico
758 2036 912 2116 usquead
929 2037 1179 2099 satistactionem
1190 2037 1263 2100 suhd

122 2061 253 2184 dautur.
297 2117 393 2196 Quod
409 2127 516 2178 autem
537 2119 690 2180 insilieres
707 2117 834 2198 ingredi
853 2117 892 2178 ad
910 2120 1007 2180 altare
1027 2140 1093 2180 non
1111 2118 1262 2200 debcant,

122 2201 159 2266 iu
181 2199 330 2265 Concilio
347 2199 607 2264 Clialcedonensi
624 2211 657 2264 et
675 2200 709 2262 in
726 2199 872 2262 Decretis
891 2201 1015 2264 Gelasii
1032 2203 1138 2288 Papae
1152 2203 1262 2288 copio-

122 2283 247 2350 sissime
268 2282 445 2345 invenitur.
488 2289 517 2347 Ι.
540 2305 585 2366 ¹7·

124 2391 177 2454 De
202 2383 357 2452 accusatis
378 2385 616 2463 Sacerdotibus,
631 2401 666 2451 ut
685 2410 748 2452 aon
758 2391 849 2472 prius
868 2389 903 2449 in
923 2387 1075 2448 iudicium
1096 2387 1268 2465 decidant,
1334 2395 1338 2408 '

123 2493 227 2559 quam
249 2482 447 2534 accusatores
467 2471 638 2533 secundum
658 2474 825 2534 canonicas
846 2484 877 2533 et
897 2472 1057 2550 regulares
1085 2473 1264 2536 sanctiones

496 2554 636 2641 pleniter
656 2556 867 2638 inquirantur.
1122 2605 1124 2612 .

208 2633 317 2698 CXCI.
362 2634 396 2697 Si
411 2634 484 2717 quis
498 2637 698 2712 criminatur,
714 2657 779 2696 non
796 2646 869 2698 ante
889 2632 1011 2696 iudicio
1026 2632 1263 2719 decidat'quam

123 2728 290 2784 accusator·
303 2727 514 2801 pertentetur,
522 2729 618 2802 atque
627 2719 915 2800 secundumlegern
928 2727 960 2780 et
978 2717 1168 2779 eanonicam
1187 2739 1265 2780 sen-

123 2803 260 2865 tentiam
280 2801 479 2883 exquiratur.
522 2803 618 2880 Quod
633 2802 660 2866 si
675 2801 809 2882 indigna
833 2801 873 2861 ad
891 2799 1107 2862 accusandum
1122 2821 1264 2883 persona

125 2884 324 2962 inveniatur,
342 2884 383 2944 ad
406 2887 642 2947 accuseti0nem
666 2904 731 2944 non
752 2882 952 2958 admittatur,
980 2881 1057 2965 quia
1084 2882 1259 2970 iudignum

126 2977 224 3033 estut
243 2965 310 3032 rita
327 2965 513 3029 innocentis
536 2968 604 3031 ulla
625 2968 806 3042 maculetur
823 2965 982 3050 pernicie.

420 3074 471 3134 De
490 3072 702 3136 uiolatoribus
723 3072 972 3155 sepulchrorum.

208 3177 337 3241 CXCII.
377 3177 444 3256 Qui
470 3179 641 3261 sepulchra
660 3177 867 3252 violaverint,
888 3178 1077 3260 puniantur,
1096 3189 1159 3241 tam
1174 3179 1264 3266 inge.

127 3262 186 3324 nui
204 3283 302 3346 quam
322 3261 417 3328 servi.
459 3261 494 3322 si
512 3261 614 3322 maior
632 3283 768 3342 persona
785 3260 819 3320 in
847 3260 909 3321 hoc
931 3265 1054 3324 scelere
1075 3263 1176 3326 fuerit
1205 3269 1264 3328 de·

128 3343 300 3428 prehensa,
318 3343 429 3404 amissa
443 3343 613 3407 medietate
631 3345 790 3406 bonorum
814 3365 956 3422 suorum,
988 3348 1143 3428 perpetua
1174 3358 1264 3411 note-

125 3426 327 3492 turinfamia.
342 3425 544 3498 siclericus,
560 3425 820 3509 depositus-omni
832 3425 1265 3512 lionoreclcricali,perenni

90 3517 92 3522 ’
128 3509 229 3572 exilio
260 3510 441 3591 deputetur.
484 3509 518 3569 si
533 3509 633 3572 ludex
652 3509 716 3570 hoc
733 3510 883 3591 persequi
904 3520 957 3569 aaut
971 3513 1107 3593 implere
1130 3511 1263 3574 distule-

128 3591 181 3670 rit,
201 3590 409 3654 iacultutibus
422 3599 454 3651 et
475 3590 599 3654 honore
624 3593 780 3676 privetur.
810 3589 853 3652 Et
872 3591 1059 3678 quicunque
1078 3594 1141 3658 hoc
1156 3597 1265 3659 scelus'

129 3697 281 3760 accusare
301 3672 478 3752 voluerint,
502 3673 634 3735 licentia
651 3673 820 3739 tribuatur.

261 3779 303 3841 Ut
326 3777 517 3840 Sacerdotes
538 3801 628 3840 suam
651 3802 715 3840 uon
745 3779 926 3862 relinquant
946 3779 1132 3853 Ecclesiam.

129 3967 157 4031 E
203 3887 353 4029 lCXCIII.
395 3888 439 3947 Ut
453 3907 494 3947 ne
511 3885 584 3972 quis
604 3887 751 3972 qual-ibet
782 3889 971 3952 necessitate
991 3914 1081 3954 suam
1098 3881 1266 3980 relinquat

159 3989 196 4030 cc
217 3991 324 4037 esiam.

129 4077 181 4140 De
200 4077 409 4152 Presbyteris,
416 4073 550 4152 gradum
572 4075 806 4148 amittentibus,
828 4079 903 4162 arcia
930 4079 970 4140 dc
1009 4101 1045 4139 co
1074 4079 1265 4148 deteriorari

231 4159 332 4220 solent
352 4170 386 4220 ut
396 4157 469 4243 filia·
485 4156 595 4225 ,Belial
624 4155 803 4236 ffciantur
811 4205 822 4231 ,
846 4163 926 4242 quid
942 4159 1096 4241 agendum
1114 4167 1166 4233 sit.

212 4253 355 4332 CXCIV.
396 4262 564 4342 sancitum
583 4273 632 4328 est
650 4263 692 4328 de
715 4265 918 4350 Presbyteris
951 4267 1084 4353 gradum
1113 4273 1285 4342 amitten-v
