2910 4984
211 297 287 370 tao
660 315 954 398 carirussntuu

208 455 323 540 pulum
339 451 402 514 Dei
416 451 607 536 gubernare,
627 466 660 520 et
676 476 788 539 regere
810 477 883 518 curn
906 455 1066 537 aequitate
1089 465 1123 519 et
1142 454 1273 532 iustitia,
1303 464 1343 517 et

210 547 247 598 ut
270 557 382 619 pacem
408 546 440 598 et
466 539 672 601 concordiam
693 538 832 600 habeant
859 540 996 601 studere.
1037 540 1110 622 lpse
1134 539 1220 600 enim
1240 537 1343 600 debet

208 620 314 705 primo
332 619 483 681 defensor
503 643 572 684 esse
591 621 808 684 Ecclesiarunr
826 632 857 684 et
877 641 1043 684 servorum
1059 622 1132 699 Dei,
1153 621 1342 708 riduaram,

210 703 447 783 orphanorum,
468 714 732 788 caeterorumque
759 726 954 788 pauperum,
986 726 1114 767 necnon
1135 715 1167 766 et
1193 704 1342 764 omnium

211 784 438 866 indigentium.
479 786 692 867 Ipsius-enim
713 795 820 848 terror
843 796 875 848 et
895 787 1035 848 studium
1060 786 1265 862 huiusmodi,
1303 787 1340 846 in

209 877 368 950 quantum
398 867 550 949 possibile
577 880 635 946 est,
657 892 725 933 esse
748 869 860 940 debet;
890 871 1007 952 primo,
1031 870 1182 930 utnulla
1208 869 1341 930 iniusti-

210 951 254 1012 tia
276 949 344 1016 fian
376 949 516 1028 deinde,
537 951 562 1014 si
589 951 750 1030 evenerit,
773 962 809 1012 nt
829 953 922 1013 nullo
951 954 1046 1014 modo
1071 972 1141 1012 eam
1164 951 1340 1012 subsistere

209 1033 383 1114 permittat,
407 1053 466 1094 neo
486 1057 576 1116 spem
598 1035 810 1098 delitescendi
833 1036 900 1096 sive
921 1036 1086 1096 audaciam
1111 1035 1193 1096 male
1220 1033 1341 1115 agendi

211 1115 363 1196 cuiquam
385 1116 565 1198 relinquat;
594 1119 652 1180 sed
674 1117 777 1180 sciant
801 1118 1092 1202 omnesquoniam
1118 1117 1145 1178 si
1169 1117 1209 1178 ad
1236 1116 1340 1198 ipsius

210 1198 358 1258 notitiam
377 1199 564 1278 pervenerit
584 1201 750 1284 quippiam
774 1200 850 1262 mali
871 1203 959 1281 quod
983 1199 1190 1276 admiserint,
1212 1219 1341 1279 nequa-

210 1301 308 1360 quam
341 1280 557 1344 incorrectum
579 1293 635 1344 snt
664 1283 804 1344 inultum
832 1284 1030 1355 remanebit,
1060 1284 1118 1344 sed
1144 1282 1234 1342 iuxta
1258 1281 1341 1342 facti

210 1363 399 1444 qualitatem
420 1363 482 1424 erit
503 1375 536 1428 et
561 1367 676 1428 modus
702 1366 801 1426 iustae
832 1367 1051 1428 correctionis.
1093 1365 1187 1426 Unde
1211 1371 1341 1446 oportet

210 1457 246 1505 ut
260 1446 327 1526 ipse
341 1447 398 1526 qui
417 1443 520 1508 ludex
539 1459 585 1510 est
601 1449 755 1524 indicum,
778 1469 906 1510 cansam
925 1471 1103 1532 pauperum
1116 1448 1156 1509 ad
1175 1469 1209 1508 se
1225 1447 1341 1528 ingre-

211 1529 244 1588 di
275 1528 382 1603 iaciat,
405 1539 437 1590 et
458 1529 634 1613 diligenter
651 1530 806 1614 inquirat,
828 1552 868 1592 ne
893 1533 977 1593 sorte
997 1532 1047 1594 illi
1070 1531 1127 1614 qni
1145 1529 1184 1590 ab
1205 1550 1243 1589 eo
1261 1548 1341 1588 con·

148 1612 155 1628 ⁹
209 1611 314 1672 stituti
340 1622 429 1690 sunt,
451 1622 485 1673 et
510 1614 615 1675 vicem
634 1614 703 1676 eius
729 1633 823 1696 agere
847 1614 968 1676 debent
992 1613 1027 1674 in
1054 1613 1195 1698 populo,
1217 1611 1342 1671 iniuste

211 1703 267 1754 aut
293 1695 503 1776 neglegenter
517 1718 674 1779 pauperes
693 1695 914 1778 oppressiones
938 1696 1003 1779 pati
1023 1696 1218 1778 permittant.
1245 1693 1339 1754 Scire

211 1786 319 1836 autem
339 1786 371 1834 ct
393 1799 676 1862 unumquemque,
698 1779 870 1840 cuiuslibet
887 1779 928 1840 sit
946 1780 1081 1856 ordinis,
1103 1785 1240 1862 oportet,
1258 1775 1339 1856 qnia
1412 1777 1415 1782 ’

211 1860 238 1920 si
266 1858 306 1918 de
328 1859 431 1920 otioso
462 1883 608 1924 sermone
637 1863 707 1922 Deo
740 1861 898 1922 rationem
928 1863 1117 1923 redditurus
1146 1870 1210 1936 cst,
1232 1858 1338 1918 multo

211 1940 312 2021 magis
339 1941 377 2002 de
404 1940 581 2004 ministerio
603 1943 664 2004 sibi
685 1944 840 2006 divinitus
865 1945 1040 2011 commisso.
1084 1947 1132 2006 De
1156 1938 1338 2003 ministerio

212 2033 319 2084 autem
347 2023 441 2103 Regis
469 2025 513 2086 itu
541 2026 596 2085 lob
620 2027 783 2107 loquiturs
821 2025 956 2110 Cumque
980 2027 1120 2087 sederem
1144 2026 1235 2110 quasi
1264 2023 1338 2082 Rea·

213 2110 432 2166 circumstante
462 2109 624 2179 exercitu,
662 2130 749 2169 eram
770 2122 873 2170 tamen
905 2111 1109 2169 moerentium
1135 2107 1338 2172 consolator,-

214 2189 301 2248 auris
332 2185 462 2246 audiens
490 2187 689 2272 beatificabat
711 2213 778 2263 me,
801 2205 832 2251 et
860 2193 967 2252 oculus
987 2191 1094 2250 videns
1125 2188 1338 2251 testimonium

215 2269 369 2332 reddebat
400 2271 479 2329 mibi
502 2271 590 2352 qiaod
616 2265 798 2334 liberassem
822 2294 993 2358 pauperem
1018 2273 1246 2350 uociferantem
1259 2314 1271 2341 ,
1304 2278 1340 2327 et

212 2352 369 2439 pupillum
394 2354 445 2412 cui
459 2375 522 2413 non
548 2366 627 2414 esset
648 2354 784 2415 adiutor.
825 2354 1007 2417 Benedictio
1021 2343 1158 2441 perituri
1176 2373 1270 2436 super
1288 2369 1340 2411 me

124 2485 125 2490 ,
214 2435 381 2513 veniebat,
421 2447 452 2493 et
485 2455 541 2495 cor
570 2436 679 2496 viduae
711 2438 888 2498 consolatus
920 2459 997 2499 sitm.
1054 2440 1181 2498 Iustitia
1207 2433 1339 2496 indutus

214 2541 308 2589 arim,
339 2529 370 2575 et
394 2519 525 2577 vestivit
555 2540 603 2577 me
633 2522 714 2579 sicut
747 2522 926 2580 vestimento
957 2532 987 2578 et
1013 2519 1191 2580 diademate
1216 2515 1338 2576 iudicio

216 2621 296 2661 meo.
331 2597 447 2657 Oculus
459 2598 517 2680 fui
532 2621 637 2672 caeco,
661 2615 691 2660 et
703 2623 758 2686 pes
780 2599 904 2666 claudo.
938 2606 1035 2664 Pater
1051 2624 1135 2662 eram
1149 2618 1338 2687 pauperum,

214 2697 247 2743 et
274 2703 398 2742 causam
425 2702 517 2764 quam
538 2685 723 2754 nesciebam,
742 2683 977 2762 diligentissime
997 2685 1230 2763 investigabam.
1253 2679 1339 2740 Con-

215 2765 352 2825 terebam
377 2765 476 2824 molas
498 2767 617 2846 iniqui,
641 2778 671 2825 et
695 2765 734 2824 de
759 2766 904 2827 dentibus
925 2767 1011 2826 illius
1036 2766 1213 2841 artferebam
1240 2781 1338 2847 prac-

216 2845 300 2906 dam.
342 2847 492 2906 Salomon
520 2847 582 2906 ait:
612 2849 682 2909 Rex
706 2851 761 2932 qsii
781 2847 869 2908 sedet
893 2850 927 2908 in
950 2849 1031 2910 solio
1058 2847 1181 2918 iudicii,
1205 2846 1339 2926 dissipat

215 2951 306 2988 omne
333 2929 448 2988 nzalum
466 2931 580 2988 intuitu
600 2951 666 2990 suo.
708 2933 789 2992 ltem
804 2930 889 2992 idern
909 2932 941 2991 in
959 2933 1044 2992 libro
1058 2928 1257 3011 Sapientiae:
1279 2926 1338 2984 Di·

213 3011 302 3089 ligite
329 3013 498 3081 iustitiam,
527 3012 584 3090 qui
604 3011 752 3073 iudicatis
779 3027 914 3073 terram:
941 3015 1051 3073 sentite
1072 3013 1112 3072 cle
1140 3012 1276 3073 Domino
1302 3008 1337 3066 in

215 3093 366 3168 bonitate,
388 3106 420 3152 et
438 3092 636 3175 simplicitate
661 3096 768 3155 cordis
787 3097 927 3178 quaerite
950 3098 1048 3156 illum.
1078 3096 1159 3156 item
1184 3093 1246 3152 ihi:
1274 3090 1339 3149 Au·

216 3174 281 3232 dite
301 3197 392 3254 crgo,
414 3175 524 3255 Reges,
548 3188 579 3234 et
598 3178 789 3258 intelligite,·
809 3177 932 3253 discite,
954 3178 1080 3239 Iudices
1093 3175 1213 3262 finium
1235 3186 1337 3233 terrae

174 3298 177 3304 ·
211 3259 360 3338 praebete
381 3277 484 3330 aures,
508 3279 559 3317 vos
582 3260 637 3340 qui
662 3261 826 3321 continetis
848 3261 1061 3320 multitudines
1082 3274 1113 3319 et
1133 3258 1264 3356 placetis
1287 3273 1339 3314 νο-

216 3340 318 3400 bisin
342 3341 441 3401 turbis
461 3343 642 3414 nationum,
670 3345 815 3424 quoniam
840 3341 915 3404 data
933 3357 978 3402 est
1002 3343 1021 3400 a
1045 3345 1181 3404 Domino
1197 3350 1341 3421 potestas

215 3423 300 3480 uobis
319 3436 350 3482 ct
376 3424 471 3480 virtus
490 3423 527 3482 ab
547 3423 713 3495 altissimo,
736 3426 792 3501 qisi
813 3426 1019 3504 interrogabit
1045 3446 1142 3508 opera
1170 3434 1281 3495 vestra,
1306 3431 1340 3478 et

213 3506 419 3582 cogitationes
445 3507 653 3574 scrutabitur;
689 3509 835 3588 quoniam
859 3528 928 3569 eum
957 3509 1064 3567 essetis
1097 3505 1233 3566 ministri
1256 3504 1339 3572 eius,

211 3605 276 3646 non
299 3601 380 3646 recte
404 3586 579 3662 iudicastis,
602 3610 700 3668 neque
722 3587 902 3648 custodistis
931 3589 1029 3668 legem
1052 3589 1207 3657 iustitiae,
1238 3604 1340 3666 neque

213 3669 383 3748 secundum
409 3669 595 3730 volrrntatem
621 3673 685 3730 Dei
705 3672 895 3732 ambulastis.
945 3671 1116 3732 Horrenda
1141 3682 1170 3728 et
1194 3669 1255 3726 cito
1280 3687 1344 3745 ap·

207 3753 336 3836 parebit
361 3753 452 3813 nobis
478 3751 644 3823 Dominus,
674 3755 822 3834 (paeoniam
848 3754 997 3814 iudicium
1021 3753 1222 3813 durissimum
1243 3750 1276 3806 in
1290 3749 1343 3806 bis

210 3837 268 3918 epti
289 3847 458 3915 praesunt,
471 3831 546 3916 fiet.
589 3833 715 3914 Exiguo
734 3839 815 3895 enim
836 3837 1016 3898 conceditur
1035 3829 1265 3898 misericordia;
1284 3851 1343 3911 ΡΟ·

215 3927 316 3977 tentes
337 3931 438 3978 autem
461 3929 606 4000 potenter
629 3931 783 3978 tormenta
807 3923 975 4003 patientur.
1016 3919 1088 3978 Non
1111 3915 1191 3972 euim
1213 3913 1344 3972 subtra-

212 4003 265 4062 tes
287 4021 456 4083 personam
478 4001 659 4082 cuiusquam
677 4003 843 4074 Dominus,
874 4021 929 4060 nec
952 4001 1142 4060 reverebitur
1155 3995 1345 4074 esaiasquam

211 4082 475 4160 magnitudinem,
506 4084 651 4161 quioniam
674 4084 839 4166 pussillum
874 4097 904 4142 et
927 4103 1072 4162 magnum
1095 4083 1161 4163 ipse
1181 4075 1286 4156 fecit,
1310 4087 1345 4134 et

211 4166 386 4246 aequaliter
402 4183 462 4246 pro
491 4166 632 4224 onsnibus
647 4183 729 4226 cura
749 4179 795 4224 est
816 4167 874 4226 illi.
917 4167 1036 4224 Extant
1054 4173 1087 4224 et
1107 4161 1167 4220 alia
1192 4159 1344 4217 innume-

212 4269 249 4309 ra
279 4255 457 4317 stricturum
485 4243 726 4330 Scriptorum.
742 4247 923 4326 testimonia
946 4249 1035 4330 regio
1064 4240 1186 4318 nomini
1208 4251 1239 4302 et
1265 4240 1344 4300 offl-
