2910 4986
512 289 628 358 aissa
662 291 879 354 sscuunus.
1185 269 1258 345 443

126 445 190 506 hoc
201 440 464 526 praetermittere
482 444 672 583 praesumat.
713 431 807 496 Vassi
824 430 955 517 quoqut
971 439 1005 497 et
1016 423 1144 496 vassalli
1160 428 1261 490 nostri

129 525 216 588 nobis
233 525 432 586 famulantes
448 545 489 585 vo
505 541 598 581 umus
620 528 657 580 ut
673 518 872 600 condignum
890 517 975 598 apud
992 535 1102 577 omnes
1120 511 1264 572 habeant

126 609 304 752 honorggnd,
326 607 412 765 sicug
428 605 446 666 d
464 603 611 689 genitore
629 609 739 663 nostro
760 609 792 660 et
813 598 942 662 duobis
957 619 1051 682 saepe
1062 594 1263 658 admonitum

126 700 181 754 est.
264 692 277 750 i
303 740 311 755 .
333 711 389 754 ca
413 737 421 753 .

165 801 222 863 De
246 795 425 859 nominibus
446 793 587 886 locorum
599 794 641 956 gn
658 792 769 876 quibus
786 790 881 862 Missi
899 786 1052 864 dominici
1068 785 1222 866 legatione

425 893 428 899 ’
624 887 791 955 unguntur.

208 986 315 1048 XXV.
356 984 396 1046 In
423 983 597 1061 Vesontio,
626 1003 708 1066 quae
742 991 789 1043 est
813 979 948 1043 diocesis
972 975 1126 1040 Bernoini
1146 974 1265 1036 Archi·

128 1068 292 1154 episcopi,
312 1066 483 1129 Heiminus
500 1065 679 1150 Episcopus
696 1073 728 1125 et
745 1063 961 1146 Monogoldus
974 1063 1099 1126 Comes.
1143 1057 1182 1119 ln
1198 1059 1266 1117 Mo-

129 1153 258 1234 gontia,
281 1171 363 1231 quae
389 1159 438 1211 est
461 1149 597 1210 diocesis
621 1147 769 1209 Heistulfi
787 1146 959 1229 Episcopi,
981 1143 1068 1203 idem
1086 1139 1266 1202 Heistulfus

126 1236 310 1319 Episcopus
331 1241 364 1292 et
385 1230 604 1292 Rhuotbertus
619 1232 742 1294 Comes.
785 1229 823 1289 ln
846 1226 1019 1301 Treveris,
1042 1223 1129 1283 Hetti
1147 1220 1266 1284 Archi-

128 1318 302 1400 episcopus
316 1323 348 1374 et
361 1313 552 1375 Adalhertus
565 1315 690 1378 Comes.
720 1312 760 1373 ln
773 1311 909 1372 Colonia
930 1306 1134 1370 Hadaboldus
1148 1301 1265 1366 Archi-

129 1399 302 1483 episcopus
317 1405 349 1456 et
369 1397 556 1457 Eemundus
575 1397 699 1460 Comes.
741 1394 780 1455 ln
799 1392 949 1470 Rhamis,
970 1390 1062 1452 Ebho
1080 1385 1265 1468 Archiepis·

130 1503 254 1563 copus,
285 1477 415 1560 quando
447 1477 605 1561 potuerit,
635 1487 667 1539 et
686 1475 816 1558 qnando
838 1475 867 1535 ei
892 1496 956 1535 non
983 1470 1131 1550 licuerit,
1153 1467 1265 1529 Rhuo-
1321 1523 1323 1532 .

128 1563 249 1625 thadus
266 1560 446 1642 Episcopus
463 1561 531 1622 eius
542 1583 545 1602 ¹
558 1560 629 1623 vice
656 1567 689 1621 et
704 1557 917 1619 Rhuotfridus
933 1557 1048 1616 Comes
1063 1553 1148 1628 sint,
1170 1569 1268 1631 super

131 1668 189 1708 sex
206 1641 360 1704 videlicet
373 1643 556 1720 comitatus,
579 1642 692 1718 idest,
713 1639 838 1717 Remis,
862 1637 1043 1713 Cathalon,
1067 1631 1266 1709 suessionis,

135 1724 345 1802 Silvanectis,
367 1727 540 1803 Beluacus,
564 1734 596 1784 et
609 1725 817 1785 Laudunum:
839 1728 1172 1816 superquatuorvero
1188 1713 1268 1796 epis·

136 1817 263 1890 copatus
285 1808 343 1887 qui
365 1808 403 1868 ad
424 1808 560 1869 eandem
579 1807 733 1868 diocesim
747 1803 927 1887 pertinent,
951 1803 984 1863 id
1006 1809 1072 1877 est,
1094 1798 1267 1861 Novioma-

135 1911 285 1964 censem,
319 1889 588 1966 Amhianeusem,
620 1891 880 1963 Tervanensem,
919 1894 952 1946 et
985 1886 1265 1954 Camaracensem‚

133 1971 312 2054 Rangarius
328 1971 505 2054 Episcopus
528 1982 560 2033 et
577 1970 788 2054 Berengarius
804 1969 928 2033 Comes.
971 1967 1133 2042 Senones,
1151 1965 1267 2026 Hiere-

133 2055 211 2115 mias
239 2052 510 2136 Archiepiscopus
540 2064 573 2115 et
598 2056 742 2115 Donatus
770 2058 816 2123 n)
842 2053 966 2113 Comes.
1014 2046 1266 2130 Rothomagum,

132 2135 350 2200 Willebertus
377 2136 647 2219 Archiepiscopus
676 2145 709 2197 et
730 2131 922 2212 lngobertus
950 2132 1075 2191 Comes.
1118 2131 1268 2191 Turones

132 2219 357 2280 Landramnus
384 2218 653 2301 Archiepiscopus
677 2228 710 2280 et
729 2214 949 2276 Rhuotbertus
967 2215 1091 2281 Comes,
1132 2211 1267 2295 Lugdu·

134 2322 230 2378 num,
253 2300 456 2378 Tarentasia,
480 2311 512 2362 et
525 2301 672 2380 Vienna,
686 2297 836 2360 Albricus
849 2297 1027 2381 Episcopus
1042 2303 1074 2356 et
1087 2292 1267 2358 Richardus

135 2385 261 2444 Comes.
302 2380 385 2443 Ibid.
401 2405 427 2443 c.
440 2383 490 2446 25.

131 2492 188 2552 De
211 2489 505 2549 commemoratione
543 2485 588 2548 ad
615 2486 802 2566 legationem
829 2483 1068 2570 praedictorum
1094 2482 1267 2543 Missurum

605 2571 793 2654 pertinente.

215 2675 333 2740 XXVI.
376 2675 643 2736 commemoratio
666 2675 746 2759 quid
771 2674 811 2735 ad
836 2673 1074 2757 praedictorum
1096 2671 1268 2735 Missurum

133 2759 328 2838 legationem
356 2757 527 2839 pertineat.
566 2758 693 2836 Primo,
726 2767 762 2818 ut
788 2766 985 2819 conventum
1009 2757 1042 2816 in
1062 2756 1187 2820 duobus
1211 2766 1266 2818 aut

132 2843 236 2902 tribus
257 2840 338 2901 locis
357 2849 572 2921 congregent,
594 2840 650 2900 ubi
666 2862 777 2902 omnes
797 2840 838 2902 ad
855 2860 968 2899 eorum
987 2838 1181 2920 legationem
1196 2862 1268 2922 per·

133 2924 275 2984 tinentes
295 2923 470 2990 convenire
491 2921 631 3006 possint,
654 2932 686 2984 et
706 2922 855 2984 omnibus
876 2921 1071 3002 generaliter
1089 2931 1201 2982 notum
1216 2924 1269 2982 fa·

134 3005 222 3067 ciant
241 3004 346 3087 qualis
369 3003 409 3064 sit
428 3025 539 3064 corum
559 3005 695 3087 legatio,
718 3006 844 3066 scilicet
864 3003 902 3063 ad
922 3002 985 3065 hoc
999 3025 1067 3067 esse
1082 3025 1115 3066 se
1139 3005 1267 3066 duobis

133 3089 247 3150 Missos
288 3086 505 3164 constitutos,
543 3096 580 3147 ut
615 3087 642 3148 si
672 3087 813 3171 quilibet
843 3085 1022 3168 Episcopus
1058 3096 1114 3147 aut
1152 3090 1268 3149 Comes

132 3169 350 3231 ministerium
383 3191 493 3247 suum,
523 3177 656 3252 propter
682 3170 852 3251 quodlibet
881 3167 1170 3250 impedimentum,
1206 3171 1267 3230 im-

132 3253 225 3335 plere
256 3272 321 3310 non
344 3251 461 3332 possit,
488 3251 528 3311 ad
550 3273 603 3312 eos
631 3261 795 3330 recurrat,
826 3260 857 3312 ct
878 3272 951 3310 cum
972 3273 1083 3312 eorum
1105 3253 1266 3314 adiutorio

133 3333 351 3394 ministerium
376 3355 469 3394 suum
499 3334 687 3415 adimpleat;
720 3343 752 3394 et
781 3334 807 3394 si
833 3332 905 3394 talis
929 3355 1023 3394 causa
1052 3335 1153 3396 fuerit
1182 3358 1266 3418 quae

134 3438 194 3500 per
227 3436 340 3476 eorum
369 3416 619 3476 admonitionem
651 3416 814 3476 emendari
844 3437 909 3477 non
929 3417 1047 3496 possit,
1069 3439 1128 3500 per
1146 3439 1200 3480 cos
1224 3419 1266 3481 ad

134 3508 275 3559 nostram
301 3497 446 3557 notitiam
472 3498 654 3568 deferatur3
677 3508 710 3558 et
727 3499 754 3559 si
776 3498 858 3558 forte
880 3499 1059 3581 Episcopus
1081 3510 1136 3561 aut
1150 3503 1265 3562 Comes

137 3580 264 3661 aliquid
284 3579 506 3660 neglegentius
528 3579 561 3637 in
580 3602 637 3641 suo
655 3580 832 3641 ministerio
847 3583 966 3663 egerit,
987 3603 1045 3662 per
1060 3582 1193 3642 istorum
1207 3583 1265 3643 ad-

132 3661 348 3722 monitionem
363 3662 553 3743 corrigatur;
577 3672 608 3723 et
621 3663 723 3724 omnis
738 3663 878 3746 populus
894 3663 973 3724 sciat
990 3663 1106 3724 adhoc
1123 3686 1176 3725 eos
1197 3685 1264 3726 esse

133 3743 324 3805 constitutos
346 3753 383 3802 ut
402 3745 592 3824 quicunque
612 3765 671 3827 per
694 3746 932 3826 neglegentiam
951 3755 1006 3805 aut
1027 3745 1186 3807 incuriam
1209 3749 1264 3808 vel

131 3823 423 3908 impossibilitatem
433 3827 567 3887 Comitis
581 3827 734 3896 iustitiam
747 3849 836 3888 suam
848 3826 1018 3908 adquirere
1031 3848 1097 3888 non
1110 3829 1264 3911 potuerit,

134 3907 174 3968 ad
194 3929 249 3968 eos
266 3907 406 3990 primum
427 3909 592 3988 querelam
613 3931 702 3974 suam
724 3910 823 3992 possit
853 3910 999 3986 deferre,
1028 3918 1059 3970 et
1080 3931 1264 3990 percorum

133 3989 293 4050 auxilium
310 3988 465 4050 iustitiam
481 3989 669 4069 adquirere,
700 4001 733 4052 et
757 3991 887 4072 quando
915 3991 1030 4074 aliquis
1058 3992 1097 4052 ad
1124 4013 1181 4054 nos
1203 4013 1264 4054 ne-

135 4071 288 4134 cessitatis
306 4073 398 4132 causat
419 4072 663 4151 reclamaverit,
682 4073 722 4134 ad
743 4094 797 4136 eos
816 4072 973 4156 possimus
987 4073 1163 4140 relatorum
1182 4094 1275 4158 quer

145 4185 403 4206 *ιι--ι--ι-ο

172 4241 209 4304 n)
224 4237 260 4290 al.
278 4255 339 4291 mss.
355 4237 482 4290 Donatus
498 4247 525 4290 et
541 4235 709 4307 lagobertus.
750 4283 753 4290 .
