2910 4986
202 327 279 406 434
604 341 896 420 coenulentus

285 566 395 638 cht.
437 571 485 634 De
515 489 1031 654 ebrietatgeuebffiffize.omnium
1052 572 1200 638 seniores
1221 586 1340 638 semet-

204 659 289 753 ipsos
311 654 430 750 exinde
449 663 594 732 caveant,
616 664 778 714 eteorum
800 652 981 718 iunioribus
1005 657 1191 742 exemplum
1213 659 1342 722 bonnm

206 739 384 802 sobnetatrs
403 737 583 798 ostendant.
605 735 690 801 Ilid.
706 757 739 802 c.
759 735 790 796 6.

521 846 569 904 De
591 825 805 906 admonitione
819 841 873 903 ad
891 863 1006 907 omnes.

288 954 413 1026 CLXII.
453 951 658 1014 Admonendi
689 959 764 1010 sunt
790 969 901 1010 omnes
931 951 1126 1033 generaliter
1156 954 1340 1018 secundum

206 1038 428 1120 evangelicam
452 1033 687 1107 anctoritatem,
707 1041 749 1092 nt
772 1033 818 1094 sic
842 1032 974 1094 luceant
998 1055 1095 1116 opera
1120 1038 1342 1100 eorumbene

207 1141 315 1182 coram
327 1118 522 1194 hominibus,
538 1126 575 1177 nt
591 1114 773 1198 glorificent
782 1119 888 1177 Deum
899 1116 999 1197 quiin
1009 1117 1169 1186 coelisest.
1181 1120 1266 1182 Ibid.
1274 1143 1301 1182 c.
1310 1143 1339 1203 7.

542 1200 697 1261 Exrsrcrs
721 1199 821 1260 Lmen
843 1197 976 1264 Prinos.

266 1365 425 1428 INCIPIT
466 1361 846 1426 PRAEFATIUNCULA
881 1363 1049 1426 LIBELLI
1088 1367 1286 1438 SECUNDI.

207 1481 327 1571 Supra
362 1479 401 1546 in
433 1478 553 1568 primo
573 1473 735 1545 'Libello
765 1473 938 1566 -Cepituln
973 1477 1214 1546 ecclesiastica
1245 1501 1340 1571 quae

200 1579 370 1648 Domnus
402 1575 606 1667 Imperator
648 1572 803 1641 Karolus
843 1572 932 1642 fecit
973 1577 1137 1647 adunavi.
1187 1578 1231 1647 In
1269 1579 1340 1646 hoe

183 1699 295 1774 [vero
320 1699 363 1745 ea
387 1675 627 1744 eeclesiastico
652 1695 744 1764 quae
769 1672 932 1740 Domnus
957 1675 1208 1745 Hludouvicus
1234 1679 1338 1748 Cae-

364 1795 428 1842 sar
444 1774 623 1868 piissimus
649 1771 783 1858 edidit,
811 1770 984 1863 descripsi
1011 1773 1168 1844 Libello.

517 1900 648 1962 Innrx
685 1899 1027 1964 Cerrrnnonnu.

252 2041 277 2080 ¹·
304 1991 537 2107 praelocutio.

248 2145 277 2189 2.
298 2126 347 2186 De
362 2128 475 2188 divina
484 2122 690 2210 providentia
712 2123 747 2180 in

289 2210 509 2272 constitutione
540 2208 659 2266 Domni
686 2205 749 2265 Im-

287 2294 458 2374 peratoris,
473 2303 505 2351 et
524 2290 563 2348 de
577 2307 749 2348 conserva-

177 2421 178 2430 .
291 2374 375 2433 tione
405 2375 501 2436 trium
521 2369 746 2452 Capitulorum.

250 2455 279 2514 5.
301 2455 350 2515 De
376 2461 434 2520 hoe
457 2452 544 2536 qesod
571 2450 751 2510 admonitor

282 2534 438 2619 fidelium
452 2541 599 2599 Domnus
614 2535 752 2613 Impera·

293 2631 346 2682 tor
372 2623 424 2694 sit,
448 2632 479 2678 et
498 2637 606 2678 omnes
626 2611 750 2697 fideles

293 2701 455 2766 adiutores
471 2701 578 2784 ipsius.

235 2784 284 2860 d.
305 2786 353 2847 De
369 2807 458 2847 sacro
482 2777 754 2860 ministerioEpis-

295 2889 463 2952 soporum,
488 2878 518 2924 et
549 2861 588 2920 de
608 2861 753 2919 admoni-

297 2951 382 3013 tione
411 2948 530 3010 Domni
550 2943 755 3026 Imperatoris

299 3033 344 3094 ad
352 3032 536 3118 Episcopus.

259 3113 288 3179 5.
309 3118 358 3175 De
397 3109 609 3174 admonitione
640 3106 757 3166 Domni

299 3196 506 3280 Imperatoris
528 3189 572 3250 ad
582 3188 756 3271 Episcopos

302 3280 342 3339 de
362 3275 584 3337 Sacerdotibus
594 3271 639 3331 ad
650 3289 757 3330 eorum

302 3381 410 3422 curam
434 3354 685 3441 pertinentibus,
728 3362 757 3408 et

303 3443 343 3502 de
375 3440 499 3500 scholis.

262 3527 292 3587 6.
313 3527 362 3586 De
389 3522 601 3582 admonitione
621 3517 665 3577 acl
697 3516 759 3576 Co-

304 3610 393 3668 mites
412 3626 469 3676 pro
484 3604 618 3663 utilitate
636 3611 759 3658 sanctae

304 3691 366 3750 Dei
385 3683 555 3748 Ecclesiae.

265 3797 293 3856 7.
314 3773 362 3831 De
376 3761 649 3831 admonitionead
664 3764 761 3828 laicos

301 3875 362 3936 pro
395 3853 513 3912 nonore
552 3845 759 3906 ecclesiastico

305 3931 532 3996 conservando.

265 4020 294 4084 8.
315 4019 363 4076 De
385 4015 599 4076 admonitione
625 4009 670 4068 ad
693 4008 760 4070 Ab·

305 4101 390 4162 botes
406 4111 438 4156 et
452 4097 549 4156 laicos
563 4113 625 4176 pro¹
641 4113 762 4152 monas-
788 4088 790 4092 ’

306 4181 394 4241 teriis
422 4200 465 4239 ex
492 4177 590 4255 regali
616 4175 760 4253 largitate

304 4263 367 4325 sili
383 4261 563 4322 commissis.

840 2059 869 2120 9.
891 2039 1339 2128 DeadmonitioneaclEpisc.‚

881 2123 1030 2199 Aetates,
1044 2141 1075 2187 et
1084 2127 1129 2188 ad
1134 2149 1239 2188 omnes
1245 2125 1341 2208 fide·

882 2205 927 2263 les
933 2208 1150 2289 proComitum
1158 2208 1340 2270 adiutoriis.

823 2305 870 2346 ro.
892 2287 939 2348 De
955 2289 1174 2352 admonitione
1189 2292 1238 2352 ad
1248 2290 1343 2373 Epis-

824 2431 827 2440 ,
882 2387 976 2453 copos
1011 2375 1066 2433 vel
1111 2374 1245 2434 Comites
1281 2390 1342 2453 pro

861 2453 1053 2514 ¹concordio
1077 2455 1127 2515 ad
1149 2458 1287 2516 invicem
1313 2463 1344 2512 et

883 2553 951 2592 cum
967 2536 1277 2621 caderisfidelibus.

827 2633 871 2672 ιι.
893 2614 941 2675 De
971 2618 1184 2680 admonitione
1211 2619 1255 2679 ad
1275 2636 1345 2676 om·
1442 2675 1443 2690 ,

881 2718 936 2757 nes
956 2702 1147 2778 generaliter
1173 2723 1233 2783 pro
1259 2698 1344 2759 cari·

885 2792 948 2839 tate
965 2794 995 2840 et
1008 2803 1086 2865 pace
1104 2781 1149 2842 a'd
1161 2785 1303 2844 invicem.

828 2880 874 2926 12.
895 2863 943 2921 De
976 2865 1034 2923 lsoc
1058 2863 1149 2944 ,qaod
1174 2863 1345 2943 antennis·
1442 2869 1443 2896 l

882 2964 943 3026 que
963 2943 1191 3028 Episcoporum
1211 2947 1266 3005 cel
1283 2943 1346 3003 Co-

885 3028 995 3086 mitum
1026 3041 1150 3110 partem
1177 3022 1346 3087 ministerii

887 3109 999 3188 regalis
1016 3111 1139 3182 lrabeat,
1150 3124 1179 3170 et
1197 3107 1236 3168 de
1255 3107 1345 3168 testi-

887 3192 991 3251 monio
1005 3193 1144 3273 ipsorum
1152 3191 1346 3252 adinvicem.

832 3273 877 3332 15.
900 3273 949 3331 De
970 3295 1064 3332 carisa
1085 3287 1156 3334 orto
1178 3273 1223 3333 ad
1250 3273 1347 3331 inho-

887 3357 1084 3416 norationem
1120 3357 1208 3436 regni
1244 3354 1347 3438 perti·

887 3449 989 3497 nente.

833 3518 879 3594 14.
900 3519 948 3578 De
961 3540 1037 3601 paee
1055 3520 1088 3578 in
1100 3522 1213 3579 itinere
1226 3517 1348 3576 exerci-

890 3601 947 3661 tali
969 3601 1184 3662 custodienda.

834 3683 879 3746 15.
901 3684 949 3742 De
980 3682 1214 3744 denuntiatione
1237 3695 1272 3741 ut
1295 3684 1350 3763 qui

891 3767 924 3824 in
959 3766 1077 3825 liostem
1096 3778 1243 3848 pergunt,
1277 3786 1350 3826 suos

892 3849 947 3931 qni
965 3849 999 3906 in
1014 3867 1069 3906 suo
1089 3849 1240 3929 obsequio
1262 3860 1349 3919 sunt,
1441 3843 1442 3876 ³

893 3931 1102 4011 uniusquisque
1117 3943 1294 4008 cognoscat.

836 4011 881 4077 16.
902 4012 950 4071 De
979 4012 1220 4071 imoaoran'one
1257 4013 1352 4090 Regis

889 4107 1023 4177 propter
1045 4093 1267 4172 neglegentiam
1296 4114 1354 4152 eo-

895 4196 964 4234 rum
997 4176 1051 4258 qni
1078 4175 1249 4255 legationes
1271 4175 1354 4236 male

895 4257 1061 4342 recipiunt.
