2910 4986
415 367 417 372 ¹
489 379 784 466 arcessamus.
1079 401 1081 412 ·
1167 387 1240 462 419

112 569 182 615 num
199 545 342 630 battere,
364 564 427 612 nec
450 550 483 610 in
509 550 640 632 publico
662 549 851 610 vestimenta
875 549 994 625 latare,
1011 568 1071 613 nec
1094 549 1240 614 vervices

109 637 240 697 tondere
254 633 399 694 habeant
413 633 552 704 licitum;
573 643 610 694 ut
620 631 810 694 omnimodis
820 632 935 708 [bonor
948 639 979 693 et
993 630 1124 718 requies
1136 633 1171 712 d)
1188 634 1240 697 dis

109 716 271 779 dominico
286 717 494 798 persolvatur.
537 717 650 778 Sedet
668 722 699 788 e)
720 717 760 776 ad
779 714 946 776 Missurum
958 714 1112 779 solemnia
1126 715 1166 777 ad
1181 716 1241 776 Eo·

110 801 236 861 clesiam
261 799 409 880 undique
427 798 637 874 conveniant,
665 806 698 856 et
723 797 859 858 laudent
876 795 1065 884 Deum'pro
1092 797 1240 864 omnibus

109 880 196 946 bouis
217 903 305 964 quae
324 881 416 942 nobis
440 882 473 940 in
493 881 549 941 illa
571 881 623 942 die
639 879 723 945 fecit.
744 877 828 944 laid.
842 899 867 944 c.
887 899 935 962 79.

234 991 286 1084 D}
299 987 537 1072 praedicatione
557 985 786 1070 Episcoporum
803 998 833 1045 et
851 981 1119 1063 Presbyterum.

185 1092 344 1156 LXXVI.
387 1093 451 1154 Sed
472 1102 506 1154 et
521 1101 661 1160 vestrum
677 1091 853 1154 videndum
869 1091 976 1172 ests),
993 1094 1191 1158 dilectissimi
1210 1105 1243 1160 at

112 1176 314 1242 venerabiles
331 1179 477 1238 Pastores
494 1175 714 1236 Ecclesiarum
728 1175 802 1245 Dei,
826 1175 1053 1258 utPresbyteri
1074 1201 1154 1260 qnos
1167 1179 1242 1240 mit-

111 1261 176 1322 titis
192 1281 256 1342 per
272 1258 439 1341 parochias
463 1269 583 1318 vestras
598 1257 638 1317 ad
654 1257 833 1339 regendum
849 1268 882 1319 et
907 1258 1159 1339 praedicandum
1184 1282 1245 1344 per

112 1343 273 1405 Ecclesiae
293 1344 448 1424 populum
467 1344 537 1401 Deo
559 1339 764 1415 servientem,
785 1349 820 1400 ut
839 1349 926 1401 recte
947 1350 979 1401 et
993 1339 1126 1404 honeste
1148 1365 1245 1428 prae·

112 1427 234 1502 dicent,
258 1433 291 1484 et
309 1446 373 1484 non
395 1422 506 1483 sinatis
525 1444 606 1483 nova
626 1422 680 1484 vel
709 1443 774 1482 non
798 1423 953 1484 canonica
979 1423 1104 1506 aliquos
1125 1447 1165 1486 ex
1186 1447 1244 1487 suc
1297 1437 1300 1444 ⁴

112 1529 222 1582 seusu,
237 1515 271 1567 et
292 1527 355 1566 non
379 1506 557 1566 secuudum
582 1504 763 1584 Scripturas
779 1527 881 1567 sacras
903 1505 1035 1584 lingere,
1061 1516 1094 1567 et
1115 1507 1246 1590 praedi-

114 1612 185 1653 care
201 1588 334 1670 populo.
357 1588 467 1648 Sedet
486 1587 668 1669 vosmetipsi
688 1588 777 1648 utilia
796 1588 929 1649 honeste
949 1597 981 1647 et
1002 1599 1101 1667 recte,
1116 1601 1148 1651 et
1161 1609 1245 1673 quae

116 1673 155 1734 ad
175 1673 276 1733 vitam
295 1671 422 1730 ducunt
442 1680 603 1730 aeternam
622 1670 816 1751 praedicate,
845 1671 989 1751 aliosque
1018 1670 1179 1750 instruite,
1211 1679 1247 1732 nt

113 1757 194 1815 haee
214 1753 327 1813 eadem
345 1761 378 1812 et
398 1751 456 1833 ipsi
472 1752 668 1832 praedicent.
709 1752 817 1814 Primo
835 1753 977 1813 omnium
996 1753 1248 1833 praedicandum

118 1847 165 1898 est
178 1834 328 1896 omnibus
348 1835 543 1914 generaliter
557 1845 592 1894 ut
609 1834 742 1895 credant
761 1836 899 1912 Patrem,
920 1844 953 1895 et
971 1835 1102 1914 Filium,
1118 1846 1151 1898 et
1172 1834 1248 1932 Spi-

116 1920 214 1980 ritum
229 1926 376 1978 sanctum
391 1938 492 1975 uuum
509 1939 575 1978 esse
593 1919 697 1976 Deum
716 1918 977 2000 omnipotentem,
1000 1927 1177 1996 aeternum,
1200 1939 1249 1979 ru·

117 1999 360 2081 visibilem,qui
382 1999 502 2059 creavit
517 1999 643 2060 coelum
667 2008 698 2058 et
716 2009 842 2075 terram,
859 2018 956 2077 mare,
979 2009 1011 2060 et
1034 2000 1140 2060 omnia
1164 2015 1248 2082 quae

116 2080 151 2144 in
172 2083 220 2145 eis
241 2091 332 2152 sunt,
356 2091 387 2143 et
408 2102 505 2140 unam
525 2103 591 2142 esse
612 2081 761 2141 deitatem
783 2091 814 2141 et
830 2082 1038 2142 substantiam
1056 2093 1088 2144 et
1105 2083 1249 2145 maiesta-

116 2173 182 2228 tem
204 2165 239 2223 in
262 2165 366 2224 tribus
380 2164 525 2247 personis
544 2163 658 2240 Patris,
682 2173 713 2223 et
731 2163 820 2238 Filii,
836 2173 868 2222 et
885 2165 1022 2247 Spiritus
1038 2159 1149 2228 sancti.
1168 2167 1260 2225 ltem

116 2247 368 2332 praedicandum
383 2255 432 2306 est
447 2245 608 2328 quomodo
620 2245 706 2305 filius
726 2246 788 2307 Dei
808 2246 990 2308 incarnatus
1008 2257 1055 2308 est
1076 2249 1114 2310 de
1125 2247 1249 2332 Spiritu

117 2339 227 2391 sancto
249 2337 281 2390 et
301 2351 342 2388 ex
366 2328 465 2388 Maria
480 2349 605 2410 semper
627 2328 753 2409 virgine
777 2350 836 2410 pro
865 2329 967 2389 salute
994 2338 1027 2390 et
1045 2331 1248 2413 reparatione

116 2405 249 2472 humani
272 2410 409 2492 generis,
432 2433 550 2491 passus,
575 2411 730 2490 sepultus,
757 2419 789 2470 et
809 2411 901 2471 tertia
923 2411 974 2472 die
998 2412 1185 2490 resurrexit,
1216 2421 1250 2471 et

117 2492 263 2556 ascendit
280 2494 314 2552 in
331 2493 450 2568 coelos,
473 2501 506 2552 et
526 2493 687 2572 quomodo
706 2493 821 2554 iterum
836 2499 991 2554 venturus
1011 2494 1053 2554 sit
1077 2494 1110 2553 in
1132 2494 1248 2553 maies-

117 2586 180 2637 tate
202 2573 315 2637 divina
333 2575 475 2636 iudicare
489 2596 598 2634 omnes
620 2573 767 2636 homines
784 2575 962 2637 secundum
980 2570 1092 2635 merita
1105 2574 1245 2659 propria,

117 2669 149 2719 et
166 2656 332 2740 quomodo
347 2656 437 2739 impii
458 2665 590 2739 propter
607 2658 729 2718 scelera
746 2679 801 2717 sua
823 2679 897 2720 oum
916 2657 1043 2718 diabolo
1073 2656 1107 2717 in
1140 2657 1248 2740 ignem

116 2750 287 2802 aeternum
310 2739 489 2817 mittentur,
512 2748 543 2799 et
562 2739 637 2799 iusti
653 2757 727 2800 cum
749 2739 875 2800 Christo
893 2749 925 2800 et
944 2753 1017 2799 curn
1034 2739 1152 2801 sanetis
1178 2738 1247 2799 An·

115 2822 196 2905 gelis
211 2822 279 2884 suis
295 2820 328 2881 in
348 2822 446 2883 vitam
461 2831 632 2882 aeternam.
661 2823 740 2882 Item
754 2821 1005 2903 praedicandum
1024 2832 1072 2882 est
1085 2822 1124 2883 de
1137 2842 1247 2884 resur-

113 2904 260 2966 rectione
280 2913 489 2982 mortuorum,
506 2913 542 2964 ut
562 2904 664 2964 sciant
682 2914 715 2964 et
734 2903 867 2965 credant
881 2903 913 2961 in
931 2902 1044 2964 iisdem
1060 2903 1248 2985 corporibus

114 2987 257 3069 praemia
291 2987 480 3046 meritorum
514 2997 708 3068 accepturos.
751 2988 832 3047 ltem
861 3007 934 3046 cum
962 2986 1050 3046 omni
1078 2986 1247 3069 diligentia

112 3069 241 3130 eunctis
265 3069 519 3148 praedicandum
540 3078 588 3129 est
606 3091 663 3150 pro
679 3069 795 3164 quibus
818 3067 1006 3129 criminibus
1038 3068 1246 3152 deponuntur

114 3175 188 3212 cum
208 3151 337 3212 diabolo
358 3151 390 3209 in
414 3161 580 3216 aeternum
597 3152 799 3234 supplicium.
840 3151 989 3232 Legimus
1006 3151 1094 3212 enim
1113 3152 1246 3234 Aposto-

114 3235 146 3294 lo
164 3234 313 3296 dicente:
335 3231 507 3305 Manifesta
525 3247 628 3292 autem
645 3249 716 3293 sant
733 3255 829 3317 opera
842 3235 964 3302 carnis;
985 3254 1063 3316 qaae
1080 3231 1245 3312 sanusne·

113 3318 249 3386 nicetio,
279 3315 496 3386 immunditia,
522 3316 671 3386 luxuria,
696 3315 854 3376 idolorum
880 3317 1015 3375 servitus
1026 3359 1037 3386 ,
1073 3315 1242 3401 veneficia,

112 3399 311 3469 inimicitiae,
327 3397 1119 3470 contentiones,aemulationes,animositates,irae,
1138 3402 1243 3472 rixae,

113 3479 339 3550 dissensiones,
367 3481 521 3554 haereses,
540 3491 654 3550 sectae,
674 3479 827 3552 inuidiae,
856 3481 1040 3552 bonaicidia,
1065 3481 1242 3554 ebrietates,

111 3562 366 3631 comessationes,
384 3574 414 3620 et
436 3563 484 3620 tis
506 3561 634 3630 similia,
654 3581 731 3643 quae
752 3559 903 3640 praedico
934 3558 1025 3622 votis
1046 3565 1128 3622 sicut
1147 3583 1245 3646 prae-

113 3642 201 3714 dixi,
226 3643 375 3724 qnoniam
390 3644 445 3722 qui
461 3643 538 3702 talia
560 3655 667 3719 agant,
690 3643 818 3722 regnam
843 3642 905 3702 Dei
924 3665 986 3703 non
1008 3653 1243 3723 consequentur.

112 3723 190 3784 ldeo
214 3723 295 3786 bueo
314 3723 426 3784 eadem
440 3745 521 3806 quae
541 3745 674 3804 magnus
691 3725 897 3786 Praedicator
915 3724 1078 3785 Ecclesiae
1095 3725 1155 3784 Dei
1175 3725 1245 3786 sin-

111 3805 250 3886 gillatim
271 3805 457 3884 nominavit,
480 3827 554 3866 cnm
577 3808 665 3865 omni
694 3806 800 3868 studio
826 3806 1060 3888 prohibeantur
1068 3800 1085 3876 ;⁴
1111 3805 1243 3867 intelle-

113 3897 224 3966 gentes
242 3888 395 3970 quamsit
410 3889 554 3949 terribile
574 3888 657 3948 illud
675 3890 762 3969 quod
785 3888 877 3965 dixit,
913 3890 1060 3972 qnoniam
1085 3891 1140 3968 qui
1166 3890 1243 3949 talia

114 3982 219 4048 agant,
244 3991 373 4050 regnum
389 3971 451 4030 Dei
469 3991 532 4032 noa
550 3985 786 4052 consequentur.
829 3969 945 4030 Sedet
976 3969 1064 4028 omni
1091 3969 1243 4035 instantia

112 4051 283 4136 admonete
309 4073 373 4114 eos
394 4051 433 4114 dc
453 4052 625 4115 dilectione
642 4052 704 4115 Dei
723 4062 756 4113 et
770 4052 919 4136 proximi,
940 4051 978 4112 de
1001 4051 1063 4112 fide
1086 4059 1118 4109 et
1134 4072 1190 4133 spe
1206 4050 1240 4112 in

195 4199 278 4280 sales
297 4195 439 4284 acupicale
448 4235 459 4282 ,·
477 4214 623 4288 acupictile
638 4237 649 4282 r
734 4209 760 4280 e)
778 4215 811 4266 al.
830 4232 888 4266 mss.
908 4211 989 4281 fiant

198 4286 382 4345 amaricatae
388 4302 398 4349 ‚⁴
416 4288 570 4358 cupiculaej
590 4289 650 4358 api·
732 4283 765 4347 d)
782 4285 881 4336 abmss.
901 4287 1032 4339 bonorum
1047 4283 1171 4360 'requiem

198 4349 279 4422 culs,-
299 4354 419 4423 aptante.
712 4357 763 4420 ‘el
782 4353 818 4417 al,
837 4373 896 4410 mss.
916 4368 953 4408 ut.
