2948 4990
194 291 271 365 tto
611 297 902 366 cnrrrutaamn

194 455 235 517 ob
250 446 435 512 memorium
458 453 491 504 et
506 440 721 504 reverentiam
743 442 888 506 Deorum
910 460 1042 504 suorum
1069 443 1224 524 quosdam
1250 439 1325 503 die,

192 537 317 608 colunt,
339 539 372 590 et
388 525 500 588 ludaei
518 543 606 584 more
622 522 742 584 carnali
763 525 928 586 sabbatum
943 524 1117 588 carnaliter
1136 527 1324 600 observant,

190 625 313 702 quanto
328 610 426 692 magis
446 605 636 668 Christianis
656 605 714 665 istc
731 605 799 668 dies
821 606 999 668 honorifice
1020 607 1180 676 ¹colendus
1200 616 1257 684 est,
1281 626 1324 666 ne

190 703 225 762 in
249 698 307 760 illo
323 702 433 756 sancto
456 689 507 749 die
527 687 616 750 ranis
636 686 753 749 fabulis
774 699 829 751 aut
846 687 1090 767 locutionibus,
1121 691 1190 752 sive
1216 696 1329 750 canta.

189 777 334 846 tionibus
348 775 401 838 rel
418 769 663 842 saltationibus,
686 769 800 831 stando
819 772 853 831 in
876 771 973 834 biviis
1001 781 1033 830 et
1060 773 1191 854 pluteis,
1214 781 1250 832 ut
1273 790 1329 830 50.

190 869 253 940 let,
276 855 463 921 inserviant.
505 851 569 914 Sed
588 851 628 912 ad
650 853 856 914 Sacerdotem
867 864 922 914 aut
938 854 977 915 ad
991 853 1134 934 aliquem
1148 854 1329 935 sapientem

191 957 223 1010 et
243 947 366 1007 bonum
385 937 536 1012 veniant,
560 943 592 996 et
606 957 719 995 eorum
740 935 1033 1016 praedicationibus
1056 937 1202 1000 ethonis
1231 936 1328 995 locu.

190 1029 332 1092 tionibus
350 1041 433 1103 quae
452 1017 492 1077 ud
508 1017 646 1076 animam
663 1018 847 1098 pertinent,
869 1029 1012 1080 utantur.
1053 1020 1094 1078 Et
1112 1020 1169 1080 illo
1185 1018 1249 1093 die,
1266 1037 1328 1077 seu

191 1111 320 1175 sabbato
333 1105 373 1165 ad
389 1117 536 1181 vesperus
561 1110 594 1160 et
609 1099 649 1160 ad
664 1099 851 1178 matutinas,
875 1102 943 1164 sive
968 1101 1008 1161 ad
1034 1101 1161 1162 Missam
1178 1122 1253 1161 cum
1270 1118 1329 1158 eo-

190 1216 265 1258 rnm
283 1184 519 1258 oblationibus,
541 1181 568 1242 si
583 1181 651 1243 fieri
663 1192 784 1264 potest,
808 1203 918 1244 omnes
937 1183 1106 1259 canendo,
1129 1183 1228 1260 Kyrie
1240 1181 1330 1256 eloy.

191 1300 266 1354 son,
286 1269 440 1342 veniant,
463 1273 495 1324 et
516 1264 623 1325 cundo
641 1273 673 1324 et
688 1265 868 1342 redeundo,
878 1265 978 1343 Kyrie
1000 1265 1127 1342 eleyson
1145 1266 1330 1326 decantent,

192 1357 352 1422 Similiter
372 1359 406 1410 et
419 1356 559 1430 pastores
581 1367 733 1428 pecorum
755 1347 862 1408 eundo
883 1355 916 1408 ct
931 1347 1100 1408 redeundo
1131 1345 1164 1406 in
1182 1366 1332 1426 campum

193 1453 225 1503 et
245 1439 285 1502 ad
305 1439 437 1500 domum
451 1428 589 1504 faciunt,
614 1437 650 1488 ut
671 1449 781 1491 ornnes
806 1449 860 1492 eos
885 1429 1045 1492 veraciter
1071 1428 1271 1490 Christianos
1294 1437 1331 1490 et

194 1525 328 1586 devotos
349 1534 417 1576 esse
439 1519 644 1594 cognoscunt.

386 1629 389 1635 '
481 1628 529 1686 De
547 1626 789 1687 reconciliandis
804 1628 1049 1710 poenitentibus.

275 1710 394 1779 ccvi.
435 1709 521 1786 Quia
541 1729 617 1771 vcra
634 1710 823 1772 necessitate
839 1710 1066 1792 praepedimur
1079 1710 1249 1771 Canonum
1268 1719 1330 1772 sta·

192 1811 261 1863 tuta
281 1799 321 1860 de
341 1790 593 1856 reconciliandis
610 1791 851 1872 poenitentibus
865 1791 1007 1873 pleniter
1028 1793 1209 1867 observare,
1223 1813 1327 1876 prop·

191 1895 281 1958 terea
298 1875 431 1941 omuino
448 1894 515 1932 non
536 1871 715 1934 dimittatur
730 1883 767 1934 ut
785 1873 1008 1955 unnsquisque
1040 1874 1214 1970 Presbyter
1236 1875 1330 1938 iussi·

194 1985 256 2027 one
272 1955 424 2043 Episcopi
440 1953 480 2014 de
498 1956 635 2016 occultis
656 1963 799 2031 tantum,
822 1955 899 2038 quia
921 1957 961 2018 de
990 1956 1167 2017 manifestis
1193 1956 1333 2038 Episco-

193 2068 252 2130 pos
268 2059 395 2124 semper
413 2036 567 2098 convenit
587 2037 755 2115 iudicare,
776 2037 881 2099 statim
897 2048 969 2120 post
981 2048 1145 2118 acceptam
1158 2041 1333 2102 confessio-

195 2130 247 2189 nis
261 2117 495 2209 poenitentiam
507 2119 651 2198 singulos
667 2121 740 2182 data
759 2120 906 2182 oratione
928 2119 1143 2182 reconciliari.
1185 2121 1333 2182 Morien-

194 2211 281 2270 tibus
302 2226 381 2269 vero
396 2201 464 2262 sinc
486 2202 689 2264 cunctamine
712 2203 894 2264 communio
919 2212 951 2264 et
976 2201 1199 2265 reconciliatio
1233 2227 1333 2287 prae-

196 2294 319 2355 beatur.
1057 2306 1060 2318 ·

426 2373 511 2454 Quot
534 2365 597 2426 sint
622 2365 689 2426 dies
713 2367 947 2451 purificationis
962 2370 1112 2428 mulieris.

280 2449 415 2516 CCVll.
459 2449 653 2512 Cumenixu
682 2449 781 2509 fuerit
804 2450 944 2525 mulier,
976 2461 1047 2532 post
1075 2459 1156 2532 quot
1182 2449 1250 2512 dies
1277 2450 1333 2512 dc-

196 2540 271 2599 beat
290 2535 470 2596 Ecclesiam
489 2533 626 2607 intrare,
648 2533 829 2593 testamenti
853 2531 970 2592 veteris
991 2532 1218 2614 praeceptione
1243 2533 1332 2594 didi-

197 2622 319 2694 cimus,
343 2626 379 2676 ut
399 2638 459 2698 pro
483 2613 624 2674 masculo
640 2611 752 2675 diebus
770 2636 887 2689 xxxin,
908 2635 968 2694 pro
985 2615 1105 2675 femina
1118 2623 1225 2674 autem
1247 2638 1330 2675 axvi.

199 2701 315 2764 debeat
340 2699 511 2760 abstinere.
561 2693 658 2778 Quod
681 2708 803 2773 tamen,
846 2706 881 2755 ut
902 2695 947 2756 ait
977 2707 1104 2758 sanctus
1132 2697 1330 2778 Gregorius,

198 2781 359 2844 sciendum
381 2794 428 2841 cst
449 2780 523 2862 quia
541 2779 574 2838 in
600 2781 746 2855 mysterio
769 2779 941 2861 ancipitum
969 2801 1040 2839 nam
1063 2782 1091 2838 si
1114 2780 1193 2838 liora
1219 2779 1332 2838 eadem

198 2887 261 2949 qua
279 2866 440 2940 genuerit,
464 2873 573 2922 actura
592 2861 730 2937 gratias,
753 2861 850 2920 intret
879 2859 1070 2932 Ecclesiam,
1094 2860 1180 2920 nialla
1208 2864 1335 2942 pcccati

198 2945 340 3031 pondere
360 2956 518 3026 gravatur.
563 2939 715 3023 Voluptas
739 2944 821 3002 enim
836 2940 954 3013 carnis,
978 2964 1039 3003 nan
1055 2943 1161 3013 dolor,
1185 2942 1336 3024 inculpa

201 3042 257 3089 cst.
299 3028 338 3089 In
358 3029 462 3087 carnis
475 3037 576 3085 autem
599 3025 823 3085 commixtione
843 3024 983 3105 voluptas
1003 3037 1061 3097 est,
1083 3027 1117 3084 in
1134 3025 1236 3106 prolis
1259 3045 1331 3085 vero

199 3111 378 3194 prolatione
406 3107 546 3186 gemitus.
594 3101 682 3164 Unde
706 3119 736 3166 et
760 3108 825 3190 ipsi
847 3107 951 3188 primo
974 3107 1172 3166 naatrimonr'o
1192 3106 1335 3165 dicitur:

202 3193 242 3253 ln
267 3190 431 3252 doloribus
451 3189 566 3271 paries.
608 3187 645 3247 Si
671 3187 774 3270 ituqtae
798 3189 927 3248 enixam
953 3190 1114 3248 mulierem
1130 3189 1335 3271 probibemus

203 3273 378 3333 Ecclesiam
398 3273 518 3330 intrare
527 3315 539 3342 ,
563 3273 662 3354 ipsam
686 3272 716 3328 ei
732 3291 867 3352 poenam
888 3289 975 3329 suam
995 3272 1121 3356 culpam
1137 3267 1334 3354 deputamus.

208 3355 342 3437 Capitol.
364 3375 392 3413 a.
416 3352 485 3433 744.
507 3374 533 3414 c.
557 3350 585 3412 5.
1269 3427 1271 3432 Α

212 3459 254 3521 Ut
268 3459 439 3521 Missurum
463 3458 684 3518 celebrationes
708 3459 741 3526 in
759 3457 837 3517 locis
865 3457 1139 3534 incongruentibus
1158 3479 1221 3518 non
1232 3456 1335 3540 fiant.

289 3561 459 3640 CCVIII.¹
484 3561 610 3624 Placuit
631 3573 667 3622 ut
682 3559 792 3623 lideles
806 3563 972 3624 Missurum
990 3562 1221 3624 celebrationes
1239 3563 1273 3623 in
1289 3565 1336 3624 lo-

206 3651 253 3712 cis
273 3670 339 3708 non
359 3645 553 3722 consecratis
570 3653 602 3704 et
622 3643 910 3726 incongruentibus
925 3646 1030 3704 facere
1048 3646 1179 3705 omnino
1202 3667 1265 3705 non
1283 3647 1336 3707 de-

206 3737 323 3806 bcant,
347 3727 409 3789 nisi
426 3747 519 3787 causa
537 3725 717 3788 hostilitatis
747 3729 799 3787 rel
831 3725 1001 3808 longinqui
1024 3726 1166 3798 itineris;
1190 3737 1221 3787 ct
1244 3728 1278 3788 id
1300 3729 1334 3787 in

208 3813 359 3877 altaribus
377 3809 416 3884 ab
433 3807 592 3890 Episcopo
610 3809 803 3870 consecratis
829 3809 920 3886 ficri,
942 3811 968 3870 si
998 3811 1169 3871 necessitas
1194 3811 1337 3891 compel-

208 3900 262 3962 lat.
304 3894 492 3956 Sacerdotes
513 3902 616 3951 tamen
632 3891 688 3971 qui
704 3892 737 3950 in
757 3890 836 3952 locis
856 3891 980 3953 illicitis
997 3901 1028 3952 et
1055 3914 1119 3952 non
1142 3894 1336 3954 consecratis

207 3980 318 4040 Missas
335 3986 464 4036 cantare
477 3983 701 4053 praesumunt,
724 3974 857 4054 gradum
875 3996 906 4036 se
923 3974 1024 4036 sciant
1045 3975 1222 4039 amissuros.
1265 3976 1336 4036 Me·

208 4062 273 4122 lius
292 4069 339 4120 est
360 4055 447 4119 enim
460 4055 587 4119 Missam
606 4076 670 4114 non
688 4055 804 4131 audiri,
827 4078 923 4137 quam
937 4079 1006 4116 eum
1021 4057 1074 4117 ubi
1097 4079 1161 4117 nou
1177 4057 1264 4135 licet,
1277 4077 1336 4117 nec

209 4151 351 4224 oportet,
372 4138 533 4202 celebrare
551 4146 606 4207 aut
624 4136 737 4202 audiri.
759 4139 802 4206 Et
816 4137 855 4200 dc
872 4161 983 4217 usura,
1007 4149 1044 4200 ut
1062 4159 1127 4201 non
1147 4140 1210 4217 liat,
1225 4160 1336 4201 omnes

167 4223 169 4228 ’
207 4225 453 4288 admoneantur.
603 4223 606 4228 ’
