<?xml version="1.0" encoding="UTF-8"?>
<!DOCTYPE html PUBLIC "-//W3C//DTD XHTML 1.0 Transitional//EN"
    "http://www.w3.org/TR/xhtml1/DTD/xhtml1-transitional.dtd">
<html xmlns="http://www.w3.org/1999/xhtml" xml:lang="en" lang="en">
 <head>
  <title>
</title>
<meta http-equiv="Content-Type" content="text/html;charset=utf-8" />
  <meta name='ocr-system' content='tesseract 3.04.00' />
  <meta name='ocr-capabilities' content='ocr_page ocr_carea ocr_par ocr_line ocrx_word'/>
</head>
<body>
  <div class='ocr_page' id='page_1' title='image "./corpusiurisgerm04visigoog_0178.png"; bbox 0 0 2926 4984; ppageno 0'>
   <div class='ocr_carea' id='block_1_1' title="bbox 494 305 1241 399">
    <p class='ocr_par' dir='ltr' id='par_1_1' title="bbox 494 305 1241 399">
     <span class='ocr_line' id='line_1_1' title="bbox 494 305 1241 399; baseline -0.016 -5"><span class='ocrx_word' id='word_1_1' title='bbox 494 337 607 394; x_wconf 81' lang='lat' dir='ltr'><strong>uana</strong></span> <span class='ocrx_word' id='word_1_2' title='bbox 644 305 822 399; x_wconf 78' lang='lat' dir='ltr'><strong>naturus,</strong></span> <span class='ocrx_word' id='word_1_3' title='bbox 905 375 907 382; x_wconf 94' lang='lat'><em>.</em></span> <span class='ocrx_word' id='word_1_4' title='bbox 1169 309 1241 385; x_wconf 83' lang='lat'><strong>575</strong></span> 
     </span>
    </p>
   </div>
   <div class='ocr_carea' id='block_1_2' title="bbox 101 471 1246 1554">
    <p class='ocr_par' dir='ltr' id='par_1_2' title="bbox 101 471 1246 1554">
     <span class='ocr_line' id='line_1_2' title="bbox 111 471 1245 561; baseline -0.006 -22"><span class='ocrx_word' id='word_1_5' title='bbox 111 477 199 540; x_wconf 83' lang='lat' dir='ltr'><strong>tibus</strong></span> <span class='ocrx_word' id='word_1_6' title='bbox 217 477 275 561; x_wconf 88' lang='lat' dir='ltr'><strong>qni</strong></span> <span class='ocrx_word' id='word_1_7' title='bbox 300 476 521 538; x_wconf 84' lang='lat' dir='ltr'><strong>commendata</strong></span> <span class='ocrx_word' id='word_1_8' title='bbox 538 487 732 560; x_wconf 80' lang='lat' dir='ltr'><strong>susceperat,</strong></span> <span class='ocrx_word' id='word_1_9' title='bbox 756 473 909 560; x_wconf 86' lang='lat' dir='ltr'><strong>praebeat</strong></span> <span class='ocrx_word' id='word_1_10' title='bbox 937 479 1134 534; x_wconf 85' lang='lat' dir='ltr'><strong>sacramenta</strong></span> <span class='ocrx_word' id='word_1_11' title='bbox 1160 471 1245 533; x_wconf 88' lang='lat' dir='ltr'><strong>nihil</strong></span> 
     </span>
     <span class='ocr_line' id='line_1_3' title="bbox 108 557 1244 644; baseline -0.008 -20"><span class='ocrx_word' id='word_1_12' title='bbox 108 560 230 624; x_wconf 85' lang='lat' dir='ltr'>exinde</span> <span class='ocrx_word' id='word_1_13' title='bbox 252 560 317 621; x_wconf 90' lang='lat' dir='ltr'><strong>suis</strong></span> <span class='ocrx_word' id='word_1_14' title='bbox 334 561 493 644; x_wconf 86' lang='lat' dir='ltr'><strong>profuisse</strong></span> <span class='ocrx_word' id='word_1_15' title='bbox 513 561 724 642; x_wconf 82' lang='lat' dir='ltr'>compendiis,</span> <span class='ocrx_word' id='word_1_16' title='bbox 744 571 775 621; x_wconf 90' lang='lat' dir='ltr'><strong>et</strong></span> <span class='ocrx_word' id='word_1_17' title='bbox 801 557 882 618; x_wconf 89' lang='lat' dir='ltr'><strong>nihil</strong></span> <span class='ocrx_word' id='word_1_18' title='bbox 905 567 1040 639; x_wconf 81' lang='lat' dir='ltr'>cogatur</span> <span class='ocrx_word' id='word_1_19' title='bbox 1059 557 1244 628; x_wconf 76' lang='lat' dir='ltr'><strong>exsolvere5</strong></span> 
     </span>
     <span class='ocr_line' id='line_1_4' title="bbox 107 638 1245 728; baseline -0.005 -22"><span class='ocrx_word' id='word_1_20' title='bbox 107 651 246 726; x_wconf 81' lang='lat' dir='ltr'><strong>excepto</strong></span> <span class='ocrx_word' id='word_1_21' title='bbox 268 665 381 703; x_wconf 89' lang='lat' dir='ltr'><strong>aurum</strong></span> <span class='ocrx_word' id='word_1_22' title='bbox 402 653 433 703; x_wconf 91' lang='lat' dir='ltr'><strong>et</strong></span> <span class='ocrx_word' id='word_1_23' title='bbox 450 654 628 728; x_wconf 83' lang='lat' dir='ltr'><strong>argentum,</strong></span> <span class='ocrx_word' id='word_1_24' title='bbox 639 644 729 724; x_wconf 92' lang='lat' dir='ltr'><strong>quod</strong></span> <span class='ocrx_word' id='word_1_25' title='bbox 746 642 857 702; x_wconf 89' lang='lat' dir='ltr'><strong>ardere</strong></span> <span class='ocrx_word' id='word_1_26' title='bbox 874 662 939 701; x_wconf 90' lang='lat' dir='ltr'><strong>non</strong></span> <span class='ocrx_word' id='word_1_27' title='bbox 956 647 1091 720; x_wconf 91' lang='lat' dir='ltr'><strong>poterat.</strong></span> <span class='ocrx_word' id='word_1_28' title='bbox 1115 638 1148 700; x_wconf 91' lang='lat' dir='ltr'><strong>Si</strong></span> <span class='ocrx_word' id='word_1_29' title='bbox 1167 661 1245 700; x_wconf 91' lang='lat' dir='ltr'><strong>vero</strong></span> 
     </span>
     <span class='ocr_line' id='line_1_5' title="bbox 104 720 1245 808; baseline -0.004 -22"><span class='ocrx_word' id='word_1_30' title='bbox 104 747 189 808; x_wconf 85' lang='lat' dir='ltr'><strong>quae</strong></span> <span class='ocrx_word' id='word_1_31' title='bbox 229 726 447 788; x_wconf 87' lang='lat' dir='ltr'><strong>commendata</strong></span> <span class='ocrx_word' id='word_1_32' title='bbox 471 729 619 804; x_wconf 87' lang='lat' dir='ltr'><strong>fuerant,</strong></span> <span class='ocrx_word' id='word_1_33' title='bbox 646 729 733 787; x_wconf 87' lang='lat' dir='ltr'><strong>l&#39;urto</strong></span> <span class='ocrx_word' id='word_1_34' title='bbox 762 723 941 807; x_wconf 83' lang='lat' dir='ltr'><strong>probantur</strong></span> <span class='ocrx_word' id='word_1_35' title='bbox 971 722 1088 797; x_wconf 87' lang='lat' dir='ltr'><strong>ablata,</strong></span> <span class='ocrx_word' id='word_1_36' title='bbox 1124 721 1155 781; x_wconf 91' lang='lat' dir='ltr'><strong>ei</strong></span> <span class='ocrx_word' id='word_1_37' title='bbox 1187 720 1245 801; x_wconf 91' lang='lat' dir='ltr'><strong>qui</strong></span> 
     </span>
     <span class='ocr_line' id='line_1_6' title="bbox 106 805 1246 892; baseline -0.005 -22"><span class='ocrx_word' id='word_1_38' title='bbox 106 809 330 870; x_wconf 86' lang='lat' dir='ltr'><strong>commendata</strong></span> <span class='ocrx_word' id='word_1_39' title='bbox 363 808 550 891; x_wconf 81' lang='lat' dir='ltr'><strong>perdiderat</strong></span> <span class='ocrx_word' id='word_1_40' title='bbox 576 810 715 892; x_wconf 87' lang='lat' dir='ltr'><strong>spatium</strong></span> <span class='ocrx_word' id='word_1_41' title='bbox 740 809 902 868; x_wconf 76' lang='lat' dir='ltr'><strong>tribuatur</strong></span> <span class='ocrx_word' id='word_1_42' title='bbox 924 806 1028 866; x_wconf 89' lang='lat' dir='ltr'><strong>donec</strong></span> <span class='ocrx_word' id='word_1_43' title='bbox 1052 805 1158 864; x_wconf 88' lang='lat' dir='ltr'><strong>furem</strong></span> <span class='ocrx_word' id='word_1_44' title='bbox 1188 825 1246 864; x_wconf 88' lang='lat' dir='ltr'><strong>sua</strong></span> 
     </span>
     <span class='ocr_line' id='line_1_7' title="bbox 106 885 1246 973; baseline -0.004 -22"><span class='ocrx_word' id='word_1_45' title='bbox 106 890 358 972; x_wconf 80' lang='lat' dir='ltr'><strong>investigatione</strong></span> <span class='ocrx_word' id='word_1_46' title='bbox 383 891 558 973; x_wconf 82' lang='lat' dir='ltr'><strong>perquirat.</strong></span> <span class='ocrx_word' id='word_1_47' title='bbox 599 895 642 954; x_wconf 87' lang='lat' dir='ltr'><strong>Et</strong></span> <span class='ocrx_word' id='word_1_48' title='bbox 658 893 684 954; x_wconf 90' lang='lat' dir='ltr'><strong>si</strong></span> <span class='ocrx_word' id='word_1_49' title='bbox 705 914 779 952; x_wconf 84' lang='lat' dir='ltr'><strong>curn</strong></span> <span class='ocrx_word' id='word_1_50' title='bbox 796 889 972 961; x_wconf 85' lang='lat' dir='ltr'><strong>invenerit,</strong></span> <span class='ocrx_word' id='word_1_51' title='bbox 992 885 1246 948; x_wconf 86' lang='lat' dir='ltr'><strong>commendatori</strong></span> 
     </span>
     <span class='ocr_line' id='line_1_8' title="bbox 105 969 1245 1055; baseline -0.006 -20"><span class='ocrx_word' id='word_1_52' title='bbox 105 996 158 1035; x_wconf 88' lang='lat' dir='ltr'><strong>res</strong></span> <span class='ocrx_word' id='word_1_53' title='bbox 195 973 340 1055; x_wconf 90' lang='lat' dir='ltr'><strong>proprias</strong></span> <span class='ocrx_word' id='word_1_54' title='bbox 378 976 598 1036; x_wconf 86' lang='lat' dir='ltr'><strong>tantummodo</strong></span> <span class='ocrx_word' id='word_1_55' title='bbox 627 977 801 1036; x_wconf 84' lang='lat' dir='ltr'><strong>reformare</strong></span> <span class='ocrx_word' id='word_1_56' title='bbox 829 980 990 1054; x_wconf 89' lang='lat' dir='ltr'><strong>procuret.</strong></span> <span class='ocrx_word' id='word_1_57' title='bbox 1047 969 1245 1051; x_wconf 88' lang='lat' dir='ltr'><strong>Compositio</strong></span> 
     </span>
     <span class='ocr_line' id='line_1_9' title="bbox 106 1052 1246 1138; baseline -0.004 -21"><span class='ocrx_word' id='word_1_58' title='bbox 106 1076 184 1117; x_wconf 91' lang='lat' dir='ltr'><strong>vero</strong></span> <span class='ocrx_word' id='word_1_59' title='bbox 205 1053 282 1118; x_wconf 87' lang='lat' dir='ltr'><strong>furti</strong></span> <span class='ocrx_word' id='word_1_60' title='bbox 298 1057 338 1116; x_wconf 93' lang='lat' dir='ltr'><strong>ad</strong></span> <span class='ocrx_word' id='word_1_61' title='bbox 356 1077 431 1116; x_wconf 90' lang='lat' dir='ltr'><strong>eum</strong></span> <span class='ocrx_word' id='word_1_62' title='bbox 451 1058 508 1138; x_wconf 92' lang='lat' dir='ltr'><strong>qui</strong></span> <span class='ocrx_word' id='word_1_63' title='bbox 522 1057 637 1118; x_wconf 91' lang='lat' dir='ltr'><strong>hahuit</strong></span> <span class='ocrx_word' id='word_1_64' title='bbox 658 1055 890 1132; x_wconf 84' lang='lat' dir='ltr'><strong>commendata,</strong></span> <span class='ocrx_word' id='word_1_65' title='bbox 922 1053 1092 1137; x_wconf 90' lang='lat' dir='ltr'><strong>pertineat.</strong></span> <span class='ocrx_word' id='word_1_66' title='bbox 1147 1052 1246 1129; x_wconf 87' lang='lat' dir='ltr'><strong>Quod</strong></span> 
     </span>
     <span class='ocr_line' id='line_1_10' title="bbox 103 1135 1246 1222; baseline -0.004 -23"><span class='ocrx_word' id='word_1_67' title='bbox 103 1138 134 1200; x_wconf 87' lang='lat' dir='ltr'><strong>si</strong></span> <span class='ocrx_word' id='word_1_68' title='bbox 149 1139 206 1198; x_wconf 86' lang='lat' dir='ltr'><strong>fur</strong></span> <span class='ocrx_word' id='word_1_69' title='bbox 219 1159 284 1197; x_wconf 91' lang='lat' dir='ltr'><strong>non</strong></span> <span class='ocrx_word' id='word_1_70' title='bbox 300 1139 398 1198; x_wconf 88' lang='lat' dir='ltr'><strong>fuerit</strong></span> <span class='ocrx_word' id='word_1_71' title='bbox 419 1139 503 1199; x_wconf 89' lang='lat' dir='ltr'><strong>intra</strong></span> <span class='ocrx_word' id='word_1_72' title='bbox 518 1151 673 1201; x_wconf 88' lang='lat' dir='ltr'><strong>statutum</strong></span> <span class='ocrx_word' id='word_1_73' title='bbox 696 1151 821 1222; x_wconf 91' lang='lat' dir='ltr'><strong>tempus</strong></span> <span class='ocrx_word' id='word_1_74' title='bbox 843 1138 1004 1212; x_wconf 88' lang='lat' dir='ltr'><strong>inventus,</strong></span> <span class='ocrx_word' id='word_1_75' title='bbox 1022 1135 1176 1195; x_wconf 84' lang='lat' dir='ltr'><strong>medietas</strong></span> <span class='ocrx_word' id='word_1_76' title='bbox 1189 1156 1246 1194; x_wconf 87' lang='lat' dir='ltr'><strong>re-</strong></span> 
     </span>
     <span class='ocr_line' id='line_1_11' title="bbox 104 1217 1245 1304; baseline -0.004 -24"><span class='ocrx_word' id='word_1_77' title='bbox 104 1243 180 1282; x_wconf 87' lang='lat' dir='ltr'><strong>rum</strong></span> <span class='ocrx_word' id='word_1_78' title='bbox 199 1222 494 1282; x_wconf 86' lang='lat' dir='ltr'><strong>commendatarum</strong></span> <span class='ocrx_word' id='word_1_79' title='bbox 516 1223 646 1286; x_wconf 90' lang='lat' dir='ltr'><strong>domino</strong></span> <span class='ocrx_word' id='word_1_80' title='bbox 665 1224 861 1304; x_wconf 88' lang='lat' dir='ltr'><strong>suscipiente</strong></span> <span class='ocrx_word' id='word_1_81' title='bbox 877 1221 1055 1296; x_wconf 88' lang='lat' dir='ltr'><strong>reddatur,</strong></span> <span class='ocrx_word' id='word_1_82' title='bbox 1089 1217 1245 1277; x_wconf 84' lang='lat' dir='ltr'><strong>damnum</strong></span> 
     </span>
     <span class='ocr_line' id='line_1_12' title="bbox 105 1299 1245 1386; baseline -0.007 -22"><span class='ocrx_word' id='word_1_83' title='bbox 105 1324 187 1364; x_wconf 92' lang='lat' dir='ltr'><strong>vero</strong></span> <span class='ocrx_word' id='word_1_84' title='bbox 212 1302 354 1362; x_wconf 90' lang='lat' dir='ltr'><strong>medinm</strong></span> <span class='ocrx_word' id='word_1_85' title='bbox 371 1305 501 1386; x_wconf 86' lang='lat' dir='ltr'><strong>utrique</strong></span> <span class='ocrx_word' id='word_1_86' title='bbox 523 1307 712 1367; x_wconf 87' lang='lat' dir='ltr'><strong>sustineant.</strong></span> <span class='ocrx_word' id='word_1_87' title='bbox 746 1308 788 1366; x_wconf 91' lang='lat' dir='ltr'><strong>Et</strong></span> <span class='ocrx_word' id='word_1_88' title='bbox 808 1303 833 1365; x_wconf 90' lang='lat' dir='ltr'><strong>si</strong></span> <span class='ocrx_word' id='word_1_89' title='bbox 863 1304 1013 1364; x_wconf 87' lang='lat' dir='ltr'><strong>dominus</strong></span> <span class='ocrx_word' id='word_1_90' title='bbox 1039 1299 1245 1382; x_wconf 89' lang='lat' dir='ltr'><strong>postmodum</strong></span> 
     </span>
     <span class='ocr_line' id='line_1_13' title="bbox 105 1382 1245 1469; baseline -0.003 -25"><span class='ocrx_word' id='word_1_91' title='bbox 105 1385 195 1468; x_wconf 88' lang='lat' dir='ltr'><strong>apud</strong></span> <span class='ocrx_word' id='word_1_92' title='bbox 215 1406 290 1446; x_wconf 89' lang='lat' dir='ltr'><strong>eum</strong></span> <span class='ocrx_word' id='word_1_93' title='bbox 310 1387 367 1466; x_wconf 92' lang='lat' dir='ltr'><strong>qui</strong></span> <span class='ocrx_word' id='word_1_94' title='bbox 392 1389 684 1468; x_wconf 82' lang='lat' dir='ltr'><strong>commendaverit,</strong></span> <span class='ocrx_word' id='word_1_95' title='bbox 706 1407 922 1469; x_wconf 90' lang='lat' dir='ltr'><strong>quaecunque</strong></span> <span class='ocrx_word' id='word_1_96' title='bbox 939 1382 1062 1446; x_wconf 81' lang='lat' dir='ltr'><strong>fuerint</strong></span> <span class='ocrx_word' id='word_1_97' title='bbox 1075 1401 1245 1466; x_wconf 85' lang='lat' dir='ltr'><strong>suppressa</strong></span> 
     </span>
     <span class='ocr_line' id='line_1_14' title="bbox 101 1467 849 1554; baseline 0.008 -26"><span class='ocrx_word' id='word_1_98' title='bbox 101 1467 287 1550; x_wconf 89' lang='lat' dir='ltr'><strong>repererit,</strong></span> <span class='ocrx_word' id='word_1_99' title='bbox 309 1469 393 1532; x_wconf 90' lang='lat' dir='ltr'><strong>sicut</strong></span> <span class='ocrx_word' id='word_1_100' title='bbox 411 1470 530 1531; x_wconf 88' lang='lat' dir='ltr'><strong>furtiva</strong></span> <span class='ocrx_word' id='word_1_101' title='bbox 547 1471 585 1531; x_wconf 89' lang='lat' dir='ltr'><strong>ab</strong></span> <span class='ocrx_word' id='word_1_102' title='bbox 609 1494 647 1532; x_wconf 92' lang='lat' dir='ltr'><strong>eo</strong></span> <span class='ocrx_word' id='word_1_103' title='bbox 668 1472 849 1554; x_wconf 81' lang='lat' dir='ltr'><strong>exigantur.</strong></span> 
     </span>
    </p>
   </div>
   <div class='ocr_carea' id='block_1_3' title="bbox 191 1569 1159 1662">
    <p class='ocr_par' dir='ltr' id='par_1_3' title="bbox 191 1569 1159 1662">
     <span class='ocr_line' id='line_1_15' title="bbox 191 1569 1159 1662; baseline -0.003 -30"><span class='ocrx_word' id='word_1_104' title='bbox 191 1570 234 1633; x_wconf 84' lang='lat' dir='ltr'><strong>Ut</strong></span> <span class='ocrx_word' id='word_1_105' title='bbox 260 1594 326 1632; x_wconf 87' lang='lat' dir='ltr'><strong>rem</strong></span> <span class='ocrx_word' id='word_1_106' title='bbox 356 1575 390 1634; x_wconf 89' lang='lat' dir='ltr'><strong>in</strong></span> <span class='ocrx_word' id='word_1_107' title='bbox 424 1577 622 1638; x_wconf 81' lang='lat' dir='ltr'><strong>contentione</strong></span> <span class='ocrx_word' id='word_1_108' title='bbox 642 1580 779 1662; x_wconf 82' lang='lat' dir='ltr'><strong>positam</strong></span> <span class='ocrx_word' id='word_1_109' title='bbox 801 1597 864 1637; x_wconf 87' lang='lat' dir='ltr'><strong>non</strong></span> <span class='ocrx_word' id='word_1_110' title='bbox 888 1575 982 1636; x_wconf 83' lang='lat' dir='ltr'><strong>liceat</strong></span> <span class='ocrx_word' id='word_1_111' title='bbox 1010 1569 1159 1633; x_wconf 81' lang='lat' dir='ltr'><strong>vendere.</strong></span> 
     </span>
    </p>
   </div>
   <div class='ocr_carea' id='block_1_4' title="bbox 106 1674 1243 1830">
    <p class='ocr_par' dir='ltr' id='par_1_4' title="bbox 106 1674 1243 1830">
     <span class='ocr_line' id='line_1_16' title="bbox 189 1674 1243 1766; baseline -0.003 -27"><span class='ocrx_word' id='word_1_112' title='bbox 189 1675 379 1745; x_wconf 87' lang='lat' dir='ltr'><strong>CCCLVll.</strong></span> <span class='ocrx_word' id='word_1_113' title='bbox 420 1681 500 1743; x_wconf 86' lang='lat' dir='ltr'><strong>Rem</strong></span> <span class='ocrx_word' id='word_1_114' title='bbox 525 1682 559 1743; x_wconf 91' lang='lat' dir='ltr'><strong>in</strong></span> <span class='ocrx_word' id='word_1_115' title='bbox 578 1683 789 1747; x_wconf 88' lang='lat' dir='ltr'><strong>contentione</strong></span> <span class='ocrx_word' id='word_1_116' title='bbox 809 1681 947 1766; x_wconf 89' lang='lat' dir='ltr'><strong>positam</strong></span> <span class='ocrx_word' id='word_1_117' title='bbox 962 1702 1027 1740; x_wconf 92' lang='lat' dir='ltr'><strong>non</strong></span> <span class='ocrx_word' id='word_1_118' title='bbox 1052 1677 1149 1738; x_wconf 87' lang='lat' dir='ltr'><strong>liceat</strong></span> <span class='ocrx_word' id='word_1_119' title='bbox 1182 1674 1243 1738; x_wconf 93' lang='lat' dir='ltr'><strong>do·</strong></span> 
     </span>
     <span class='ocr_line' id='line_1_17' title="bbox 106 1763 610 1830; baseline 0.01 -10"><span class='ocrx_word' id='word_1_120' title='bbox 106 1779 186 1820; x_wconf 86' lang='lat' dir='ltr'><strong>nare</strong></span> <span class='ocrx_word' id='word_1_121' title='bbox 209 1782 271 1824; x_wconf 90' lang='lat' dir='ltr'><strong>nec</strong></span> <span class='ocrx_word' id='word_1_122' title='bbox 290 1763 442 1830; x_wconf 88' lang='lat' dir='ltr'><strong>vendere.</strong></span> <span class='ocrx_word' id='word_1_123' title='bbox 606 1767 610 1784; x_wconf 83' lang='grc'><strong>’·</strong></span> 
     </span>
    </p>
   </div>
   <div class='ocr_carea' id='block_1_5' title="bbox 354 1870 993 1955">
    <p class='ocr_par' dir='ltr' id='par_1_5' title="bbox 354 1870 993 1955">
     <span class='ocr_line' id='line_1_18' title="bbox 354 1870 993 1955; baseline 0.006 -25"><span class='ocrx_word' id='word_1_124' title='bbox 354 1871 403 1930; x_wconf 85' lang='lat' dir='ltr'><strong>De</strong></span> <span class='ocrx_word' id='word_1_125' title='bbox 422 1893 458 1931; x_wconf 87' lang='lat' dir='ltr'><strong>eo</strong></span> <span class='ocrx_word' id='word_1_126' title='bbox 479 1873 536 1955; x_wconf 87' lang='lat' dir='ltr'><strong>qui</strong></span> <span class='ocrx_word' id='word_1_127' title='bbox 553 1892 678 1931; x_wconf 82' lang='lat' dir='ltr'><strong>servum</strong></span> <span class='ocrx_word' id='word_1_128' title='bbox 697 1893 786 1932; x_wconf 84' lang='lat' dir='ltr'><strong>snum</strong></span> <span class='ocrx_word' id='word_1_129' title='bbox 808 1870 993 1935; x_wconf 68' lang='lat' dir='ltr'><strong>trcrzdiderit.</strong></span> 
     </span>
    </p>
   </div>
   <div class='ocr_carea' id='block_1_6' title="bbox 103 1970 1242 2303">
    <p class='ocr_par' dir='ltr' id='par_1_6' title="bbox 103 1970 1242 2303">
     <span class='ocr_line' id='line_1_19' title="bbox 191 1970 1242 2059; baseline 0 -25"><span class='ocrx_word' id='word_1_130' title='bbox 191 1970 401 2042; x_wconf 85' lang='lat' dir='ltr'><strong>CCCLVIII.</strong></span> <span class='ocrx_word' id='word_1_131' title='bbox 444 1977 477 2037; x_wconf 89' lang='lat' dir='ltr'><strong>Si</strong></span> <span class='ocrx_word' id='word_1_132' title='bbox 501 1977 573 2059; x_wconf 89' lang='lat' dir='ltr'><strong>quis</strong></span> <span class='ocrx_word' id='word_1_133' title='bbox 595 2000 723 2039; x_wconf 87' lang='lat' dir='ltr'><strong>servum</strong></span> <span class='ocrx_word' id='word_1_134' title='bbox 749 2001 842 2040; x_wconf 91' lang='lat' dir='ltr'><strong>snum</strong></span> <span class='ocrx_word' id='word_1_135' title='bbox 867 1974 1071 2051; x_wconf 88' lang='lat' dir='ltr'><strong>vendiderit,</strong></span> <span class='ocrx_word' id='word_1_136' title='bbox 1105 1973 1242 2034; x_wconf 84' lang='lat' dir='ltr'><strong>forsitan</strong></span> 
     </span>
     <span class='ocr_line' id='line_1_20' title="bbox 105 2053 1242 2142; baseline 0.002 -27"><span class='ocrx_word' id='word_1_137' title='bbox 105 2053 176 2115; x_wconf 89' lang='lat' dir='ltr'><strong>eius</strong></span> <span class='ocrx_word' id='word_1_138' title='bbox 209 2057 357 2120; x_wconf 90' lang='lat' dir='ltr'><strong>nesciens</strong></span> <span class='ocrx_word' id='word_1_139' title='bbox 395 2061 584 2135; x_wconf 80' lang='lat' dir='ltr'><strong>facultates,</strong></span> <span class='ocrx_word' id='word_1_140' title='bbox 618 2058 733 2122; x_wconf 90' lang='lat' dir='ltr'><strong>haheat</strong></span> <span class='ocrx_word' id='word_1_141' title='bbox 762 2061 910 2123; x_wconf 88' lang='lat' dir='ltr'><strong>dominus</strong></span> <span class='ocrx_word' id='word_1_142' title='bbox 940 2061 1007 2120; x_wconf 91' lang='lat' dir='ltr'><strong>eius</strong></span> <span class='ocrx_word' id='word_1_143' title='bbox 1037 2063 1242 2142; x_wconf 84' lang='lat' dir='ltr'><strong>potestatem,</strong></span> 
     </span>
     <span class='ocr_line' id='line_1_21' title="bbox 104 2137 1242 2280; baseline 0.004 -84"><span class='ocrx_word' id='word_1_144' title='bbox 104 2137 165 2280; x_wconf 71' lang='lat' dir='ltr'><strong>qui</strong></span> <span class='ocrx_word' id='word_1_145' title='bbox 188 2157 268 2280; x_wconf 47' lang='lat' dir='ltr'><strong>eerqqn</strong></span> <span class='ocrx_word' id='word_1_146' title='bbox 287 2141 453 2221; x_wconf 87' lang='lat' dir='ltr'><strong>vendidit,</strong></span> <span class='ocrx_word' id='word_1_147' title='bbox 484 2143 675 2225; x_wconf 87' lang='lat' dir='ltr'><strong>requirendi</strong></span> <span class='ocrx_word' id='word_1_148' title='bbox 696 2166 748 2206; x_wconf 86' lang='lat' dir='ltr'><strong>res</strong></span> <span class='ocrx_word' id='word_1_149' title='bbox 772 2145 840 2206; x_wconf 91' lang='lat' dir='ltr'><strong>eius</strong></span> <span class='ocrx_word' id='word_1_150' title='bbox 870 2143 1057 2224; x_wconf 86' lang='lat' dir='ltr'><strong>ubicunque</strong></span> <span class='ocrx_word' id='word_1_151' title='bbox 1093 2140 1242 2202; x_wconf 88' lang='lat' dir='ltr'><strong>invenire</strong></span> 
     </span>
     <span class='ocr_line' id='line_1_22' title="bbox 103 2241 258 2303; baseline 0 -24"><span class='ocrx_word' id='word_1_152' title='bbox 103 2241 185 2303; x_wconf 91' lang='lat' dir='ltr'><strong>pou</strong></span> <span class='ocrx_word' id='word_1_153' title='bbox 251 2265 258 2279; x_wconf 95' lang='lat'><strong>.</strong></span> 
     </span>
    </p>
   </div>
   <div class='ocr_carea' id='block_1_7' title="bbox 251 2303 1116 2393">
    <p class='ocr_par' dir='ltr' id='par_1_7' title="bbox 251 2303 1116 2393">
     <span class='ocr_line' id='line_1_23' title="bbox 251 2303 1116 2393; baseline 0.006 -31"><span class='ocrx_word' id='word_1_154' title='bbox 251 2303 300 2362; x_wconf 88' lang='lat' dir='ltr'><strong>De</strong></span> <span class='ocrx_word' id='word_1_155' title='bbox 317 2325 352 2366; x_wconf 87' lang='lat' dir='ltr'><strong>eo</strong></span> <span class='ocrx_word' id='word_1_156' title='bbox 373 2327 465 2367; x_wconf 81' lang='lat' dir='ltr'><strong>servo</strong></span> <span class='ocrx_word' id='word_1_157' title='bbox 486 2310 541 2391; x_wconf 77' lang='lat' dir='ltr'><strong>qui</strong></span> <span class='ocrx_word' id='word_1_158' title='bbox 556 2308 680 2393; x_wconf 83' lang='lat' dir='ltr'><strong>peculio</strong></span> <span class='ocrx_word' id='word_1_159' title='bbox 703 2328 759 2369; x_wconf 86' lang='lat' dir='ltr'><strong>sno</strong></span> <span class='ocrx_word' id='word_1_160' title='bbox 771 2307 877 2390; x_wconf 85' lang='lat' dir='ltr'><strong>fucrit</strong></span> <span class='ocrx_word' id='word_1_161' title='bbox 894 2307 1084 2392; x_wconf 83' lang='lat' dir='ltr'><strong>redemptus.</strong></span> <span class='ocrx_word' id='word_1_162' title='bbox 1113 2305 1116 2314; x_wconf 82' lang='grc'><strong>’</strong></span> 
     </span>
    </p>
   </div>
   <div class='ocr_carea' id='block_1_8' title="bbox 47 2406 1243 2848">
    <p class='ocr_par' dir='ltr' id='par_1_8' title="bbox 47 2406 1243 2741">
     <span class='ocr_line' id='line_1_24' title="bbox 188 2406 1241 2496; baseline 0 -26"><span class='ocrx_word' id='word_1_163' title='bbox 188 2406 357 2472; x_wconf 87' lang='lat' dir='ltr'><strong>CCCLIX.</strong></span> <span class='ocrx_word' id='word_1_164' title='bbox 399 2413 432 2473; x_wconf 90' lang='lat' dir='ltr'><strong>Si</strong></span> <span class='ocrx_word' id='word_1_165' title='bbox 456 2415 527 2496; x_wconf 89' lang='lat' dir='ltr'><strong>quis</strong></span> <span class='ocrx_word' id='word_1_166' title='bbox 546 2436 655 2476; x_wconf 90' lang='lat' dir='ltr'><strong>servus</strong></span> <span class='ocrx_word' id='word_1_167' title='bbox 677 2415 715 2476; x_wconf 89' lang='lat' dir='ltr'><strong>de</strong></span> <span class='ocrx_word' id='word_1_168' title='bbox 734 2415 863 2496; x_wconf 90' lang='lat' dir='ltr'><strong>peculio</strong></span> <span class='ocrx_word' id='word_1_169' title='bbox 884 2437 945 2476; x_wconf 89' lang='lat' dir='ltr'><strong>suo</strong></span> <span class='ocrx_word' id='word_1_170' title='bbox 967 2415 1068 2474; x_wconf 78' lang='lat' dir='ltr'><strong>fuerit</strong></span> <span class='ocrx_word' id='word_1_171' title='bbox 1089 2413 1241 2494; x_wconf 88' lang='lat' dir='ltr'><strong>redemp-</strong></span> 
     </span>
     <span class='ocr_line' id='line_1_25' title="bbox 85 2492 1240 2578; baseline 0.003 -27"><span class='ocrx_word' id='word_1_172' title='bbox 85 2501 178 2569; x_wconf 64' lang='lat' dir='ltr'><strong>,tns,</strong></span> <span class='ocrx_word' id='word_1_173' title='bbox 214 2503 248 2552; x_wconf 90' lang='lat' dir='ltr'><strong>et</strong></span> <span class='ocrx_word' id='word_1_174' title='bbox 276 2492 338 2554; x_wconf 92' lang='lat' dir='ltr'><strong>hoc</strong></span> <span class='ocrx_word' id='word_1_175' title='bbox 362 2495 511 2556; x_wconf 87' lang='lat' dir='ltr'><strong>dominus</strong></span> <span class='ocrx_word' id='word_1_176' title='bbox 538 2497 607 2558; x_wconf 89' lang='lat' dir='ltr'><strong>cius</strong></span> <span class='ocrx_word' id='word_1_177' title='bbox 637 2499 720 2559; x_wconf 87' lang='lat' dir='ltr'><strong>forte</strong></span> <span class='ocrx_word' id='word_1_178' title='bbox 748 2497 980 2574; x_wconf 68' lang='lat' dir='ltr'><strong>nescierit,÷&#39;tlc</strong></span> <span class='ocrx_word' id='word_1_179' title='bbox 994 2495 1117 2556; x_wconf 88' lang='lat' dir='ltr'><strong>domini</strong></span> <span class='ocrx_word' id='word_1_180' title='bbox 1130 2504 1240 2578; x_wconf 90' lang='lat' dir='ltr'><strong>potes-</strong></span> 
     </span>
     <span class='ocr_line' id='line_1_26' title="bbox 102 2566 1243 2668; baseline 0.003 -35"><span class='ocrx_word' id='word_1_181' title='bbox 102 2583 168 2668; x_wconf 79' lang='lat' dir='ltr'><strong>tate</strong></span> <span class='ocrx_word' id='word_1_182' title='bbox 194 2596 259 2633; x_wconf 92' lang='lat' dir='ltr'><strong>non</strong></span> <span class='ocrx_word' id='word_1_183' title='bbox 285 2588 400 2652; x_wconf 89' lang='lat' dir='ltr'><strong>exeat,</strong></span> <span class='ocrx_word' id='word_1_184' title='bbox 430 2578 485 2660; x_wconf 87' lang='lat' dir='ltr'><strong>qui</strong></span> <span class='ocrx_word' id='word_1_185' title='bbox 508 2601 573 2638; x_wconf 91' lang='lat' dir='ltr'><strong>non</strong></span> <span class='ocrx_word' id='word_1_186' title='bbox 595 2581 759 2663; x_wconf 89' lang='lat' dir='ltr'><strong>pretium,</strong></span> <span class='ocrx_word' id='word_1_187' title='bbox 789 2566 1026 2641; x_wconf 79' lang='lat' dir='ltr'><strong>sed1·es&#39;seivi</strong></span> <span class='ocrx_word' id='word_1_188' title='bbox 1053 2577 1123 2656; x_wconf 91' lang='lat' dir='ltr'><strong>sui,</strong></span> <span class='ocrx_word' id='word_1_189' title='bbox 1163 2575 1243 2638; x_wconf 91' lang='lat' dir='ltr'><strong>dum</strong></span> 
     </span>
     <span class='ocr_line' id='line_1_27' title="bbox 47 2660 407 2741; baseline 0.017 -28"><span class='ocrx_word' id='word_1_190' title='bbox 47 2715 52 2722; x_wconf 75' lang='grc'>,</span> <span class='ocrx_word' id='word_1_191' title='bbox 105 2665 251 2738; x_wconf 77' lang='lat' dir='ltr'><strong>ignorat,</strong></span> <span class='ocrx_word' id='word_1_192' title='bbox 271 2660 407 2741; x_wconf 85' lang='lat' dir='ltr'><strong>accepit.</strong></span> 
     </span>
    </p>

    <p class='ocr_par' dir='ltr' id='par_1_9' title="bbox 252 2765 1094 2848">
     <span class='ocr_line' id='line_1_28' title="bbox 252 2765 1094 2848; baseline 0.005 -25"><span class='ocrx_word' id='word_1_193' title='bbox 252 2765 301 2823; x_wconf 91' lang='lat' dir='ltr'><strong>De</strong></span> <span class='ocrx_word' id='word_1_194' title='bbox 326 2768 435 2848; x_wconf 83' lang='lat' dir='ltr'><strong>coqui</strong></span> <span class='ocrx_word' id='word_1_195' title='bbox 456 2787 581 2827; x_wconf 74' lang='lat' dir='ltr'><strong>sarisam</strong></span> <span class='ocrx_word' id='word_1_196' title='bbox 605 2768 736 2828; x_wconf 84' lang='lat' dir='ltr'><strong>alterius</strong></span> <span class='ocrx_word' id='word_1_197' title='bbox 760 2766 866 2826; x_wconf 84' lang='lat' dir='ltr'><strong>tulerit</strong></span> <span class='ocrx_word' id='word_1_198' title='bbox 884 2766 1008 2827; x_wconf 86' lang='lat' dir='ltr'><strong>deloco</strong></span> <span class='ocrx_word' id='word_1_199' title='bbox 1028 2787 1094 2827; x_wconf 84' lang='lat' dir='ltr'><strong>sno.</strong></span> 
     </span>
    </p>
   </div>
   <div class='ocr_carea' id='block_1_9' title="bbox 102 2867 1243 3202">
    <p class='ocr_par' dir='ltr' id='par_1_10' title="bbox 102 2867 1243 3202">
     <span class='ocr_line' id='line_1_29' title="bbox 189 2867 1242 2954; baseline 0.006 -24"><span class='ocrx_word' id='word_1_200' title='bbox 189 2867 345 2931; x_wconf 84' lang='lat' dir='ltr'>CCCLX.</span> <span class='ocrx_word' id='word_1_201' title='bbox 389 2873 424 2933; x_wconf 87' lang='lat' dir='ltr'><strong>si</strong></span> <span class='ocrx_word' id='word_1_202' title='bbox 453 2875 526 2954; x_wconf 90' lang='lat' dir='ltr'><strong>quis</strong></span> <span class='ocrx_word' id='word_1_203' title='bbox 554 2896 681 2935; x_wconf 89' lang='lat' dir='ltr'><strong>causam</strong></span> <span class='ocrx_word' id='word_1_204' title='bbox 707 2873 839 2935; x_wconf 88' lang='lat' dir='ltr'><strong>alterius</strong></span> <span class='ocrx_word' id='word_1_205' title='bbox 861 2872 974 2934; x_wconf 86' lang='lat' dir='ltr'><strong>tulerit</strong></span> <span class='ocrx_word' id='word_1_206' title='bbox 997 2873 1130 2935; x_wconf 89' lang='lat' dir='ltr'><strong>deloco</strong></span> <span class='ocrx_word' id='word_1_207' title='bbox 1159 2896 1242 2954; x_wconf 87' lang='lat' dir='ltr'><strong>suo,</strong></span> 
     </span>
     <span class='ocr_line' id='line_1_30' title="bbox 103 2953 1242 3039; baseline 0.006 -28"><span class='ocrx_word' id='word_1_208' title='bbox 103 2953 206 3036; x_wconf 85' lang='lat' dir='ltr'><strong>ipsam</strong></span> <span class='ocrx_word' id='word_1_209' title='bbox 227 2953 380 3014; x_wconf 87' lang='lat' dir='ltr'><strong>inlaesam</strong></span> <span class='ocrx_word' id='word_1_210' title='bbox 402 2956 515 3016; x_wconf 90' lang='lat' dir='ltr'><strong>reddat</strong></span> <span class='ocrx_word' id='word_1_211' title='bbox 533 2967 587 3016; x_wconf 90' lang='lat' dir='ltr'><strong>aut</strong></span> <span class='ocrx_word' id='word_1_212' title='bbox 606 2957 752 3018; x_wconf 89' lang='lat' dir='ltr'><strong>similem.</strong></span> <span class='ocrx_word' id='word_1_213' title='bbox 797 2956 924 3016; x_wconf 81' lang='lat' dir='ltr'><strong>sivero</strong></span> <span class='ocrx_word' id='word_1_214' title='bbox 943 2957 1027 3016; x_wconf 82' lang='lat' dir='ltr'><strong>foras</strong></span> <span class='ocrx_word' id='word_1_215' title='bbox 1044 2956 1152 3039; x_wconf 90' lang='lat' dir='ltr'><strong>aliqua</strong></span> <span class='ocrx_word' id='word_1_216' title='bbox 1175 2968 1242 3018; x_wconf 87' lang='lat' dir='ltr'><strong>tra-</strong></span> 
     </span>
     <span class='ocr_line' id='line_1_31' title="bbox 102 3035 1243 3122; baseline 0.008 -28"><span class='ocrx_word' id='word_1_217' title='bbox 102 3035 191 3095; x_wconf 84' lang='lat' dir='ltr'><strong>-xerit</strong></span> <span class='ocrx_word' id='word_1_218' title='bbox 206 3043 238 3094; x_wconf 91' lang='lat' dir='ltr'><strong>et</strong></span> <span class='ocrx_word' id='word_1_219' title='bbox 257 3036 476 3116; x_wconf 88' lang='lat' dir='ltr'><strong>absconderit,</strong></span> <span class='ocrx_word' id='word_1_220' title='bbox 506 3049 600 3121; x_wconf 89' lang='lat' dir='ltr'><strong>atque</strong></span> <span class='ocrx_word' id='word_1_221' title='bbox 620 3037 786 3122; x_wconf 80' lang='lat' dir='ltr'><strong>negaverit</strong></span> <span class='ocrx_word' id='word_1_222' title='bbox 804 3039 1043 3122; x_wconf 82' lang='lat' dir='ltr'><strong>interrogatus,</strong></span> <span class='ocrx_word' id='word_1_223' title='bbox 1067 3040 1158 3122; x_wconf 88' lang='lat' dir='ltr'><strong>quasi</strong></span> <span class='ocrx_word' id='word_1_224' title='bbox 1175 3042 1243 3103; x_wconf 88' lang='lat' dir='ltr'><strong>fur-</strong></span> 
     </span>
     <span class='ocr_line' id='line_1_32' title="bbox 103 3116 978 3202; baseline 0.006 -25"><span class='ocrx_word' id='word_1_225' title='bbox 103 3116 205 3182; x_wconf 90' lang='lat' dir='ltr'><strong>tivam</strong></span> <span class='ocrx_word' id='word_1_226' title='bbox 226 3128 405 3202; x_wconf 90' lang='lat' dir='ltr'><strong>componat.</strong></span> <span class='ocrx_word' id='word_1_227' title='bbox 974 3140 978 3150; x_wconf 75' lang='lat'><strong><em>¹</em></strong></span> 
     </span>
    </p>
   </div>
   <div class='ocr_carea' id='block_1_10' title="bbox 331 3227 1014 3322">
    <p class='ocr_par' dir='ltr' id='par_1_11' title="bbox 331 3227 1014 3322">
     <span class='ocr_line' id='line_1_33' title="bbox 331 3227 1014 3322; baseline 0.004 -37"><span class='ocrx_word' id='word_1_228' title='bbox 331 3227 381 3285; x_wconf 89' lang='lat' dir='ltr'><strong>De</strong></span> <span class='ocrx_word' id='word_1_229' title='bbox 396 3248 432 3288; x_wconf 89' lang='lat' dir='ltr'><strong>eo</strong></span> <span class='ocrx_word' id='word_1_230' title='bbox 451 3230 505 3310; x_wconf 86' lang='lat' dir='ltr'><strong>qni</strong></span> <span class='ocrx_word' id='word_1_231' title='bbox 520 3228 653 3312; x_wconf 63' lang='lat' dir='ltr'><strong>alicuius</strong></span> <span class='ocrx_word' id='word_1_232' title='bbox 676 3239 832 3322; x_wconf 39' lang='lat' dir='ltr'><strong>montaum</strong></span> <span class='ocrx_word' id='word_1_233' title='bbox 852 3229 1014 3310; x_wconf 83' lang='lat' dir='ltr'><strong>repererit.</strong></span> 
     </span>
    </p>
   </div>
   <div class='ocr_carea' id='block_1_11' title="bbox 104 3325 1312 3750">
    <p class='ocr_par' dir='ltr' id='par_1_12' title="bbox 104 3325 1312 3750">
     <span class='ocr_line' id='line_1_34' title="bbox 189 3325 1312 3415; baseline 0.012 -25"><span class='ocrx_word' id='word_1_234' title='bbox 189 3328 363 3397; x_wconf 80' lang='lat' dir='ltr'><strong>CCCLXI.</strong></span> <span class='ocrx_word' id='word_1_235' title='bbox 406 3334 439 3393; x_wconf 91' lang='lat' dir='ltr'><strong>Si</strong></span> <span class='ocrx_word' id='word_1_236' title='bbox 452 3335 524 3415; x_wconf 90' lang='lat' dir='ltr'><strong>quis</strong></span> <span class='ocrx_word' id='word_1_237' title='bbox 539 3333 677 3396; x_wconf 88' lang='lat' dir='ltr'><strong>alicuius</strong></span> <span class='ocrx_word' id='word_1_238' title='bbox 689 3325 855 3394; x_wconf 83' lang='lat' dir='ltr'><strong>mortuum</strong></span> <span class='ocrx_word' id='word_1_239' title='bbox 867 3334 1038 3414; x_wconf 88' lang='lat' dir='ltr'><strong>repererit,</strong></span> <span class='ocrx_word' id='word_1_240' title='bbox 1051 3347 1084 3398; x_wconf 89' lang='lat' dir='ltr'><strong>et</strong></span> <span class='ocrx_word' id='word_1_241' title='bbox 1097 3360 1170 3399; x_wconf 89' lang='lat' dir='ltr'><strong>eum</strong></span> <span class='ocrx_word' id='word_1_242' title='bbox 1180 3337 1242 3402; x_wconf 86' lang='lat' dir='ltr'><strong>hu·</strong></span> <span class='ocrx_word' id='word_1_243' title='bbox 1306 3371 1312 3384; x_wconf 78' lang='lat'><em>.</em></span> 
     </span>
     <span class='ocr_line' id='line_1_35' title="bbox 104 3413 1237 3502; baseline 0.01 -30"><span class='ocrx_word' id='word_1_244' title='bbox 104 3413 267 3472; x_wconf 79' lang='lat' dir='ltr'><strong>inanitatis</strong></span> <span class='ocrx_word' id='word_1_245' title='bbox 297 3436 390 3476; x_wconf 89' lang='lat' dir='ltr'><strong>causa</strong></span> <span class='ocrx_word' id='word_1_246' title='bbox 414 3416 612 3495; x_wconf 88' lang='lat' dir='ltr'><strong>humaverit,</strong></span> <span class='ocrx_word' id='word_1_247' title='bbox 639 3426 676 3476; x_wconf 93' lang='lat' dir='ltr'><strong>ut</strong></span> <span class='ocrx_word' id='word_1_248' title='bbox 696 3437 801 3499; x_wconf 90' lang='lat' dir='ltr'><strong>neque</strong></span> <span class='ocrx_word' id='word_1_249' title='bbox 838 3440 855 3475; x_wconf 89' lang='lat' dir='ltr'><strong>a</strong></span> <span class='ocrx_word' id='word_1_250' title='bbox 891 3416 996 3496; x_wconf 88' lang='lat' dir='ltr'><strong>porcis</strong></span> <span class='ocrx_word' id='word_1_251' title='bbox 1020 3419 1237 3502; x_wconf 88' lang='lat' dir='ltr'><strong>inquinetur,</strong></span> 
     </span>
     <span class='ocr_line' id='line_1_36' title="bbox 105 3496 1239 3583; baseline 0.011 -29"><span class='ocrx_word' id='word_1_252' title='bbox 105 3517 214 3576; x_wconf 90' lang='lat' dir='ltr'><strong>neque</strong></span> <span class='ocrx_word' id='word_1_253' title='bbox 237 3496 380 3558; x_wconf 88' lang='lat' dir='ltr'><strong>abestiis</strong></span> <span class='ocrx_word' id='word_1_254' title='bbox 398 3520 455 3559; x_wconf 89' lang='lat' dir='ltr'><strong>sen</strong></span> <span class='ocrx_word' id='word_1_255' title='bbox 473 3501 603 3561; x_wconf 85' lang='lat' dir='ltr'><strong>canibus</strong></span> <span class='ocrx_word' id='word_1_256' title='bbox 623 3501 800 3578; x_wconf 86' lang='lat' dir='ltr'><strong>laceretur,</strong></span> <span class='ocrx_word' id='word_1_257' title='bbox 824 3519 883 3560; x_wconf 91' lang='lat' dir='ltr'><strong>seu</strong></span> <span class='ocrx_word' id='word_1_258' title='bbox 896 3499 979 3560; x_wconf 87' lang='lat' dir='ltr'><strong>libor</strong></span> <span class='ocrx_word' id='word_1_259' title='bbox 992 3500 1032 3562; x_wconf 90' lang='lat' dir='ltr'><strong>sit</strong></span> <span class='ocrx_word' id='word_1_260' title='bbox 1042 3525 1100 3564; x_wconf 91' lang='lat' dir='ltr'><strong>seu</strong></span> <span class='ocrx_word' id='word_1_261' title='bbox 1113 3525 1239 3583; x_wconf 89' lang='lat' dir='ltr'><strong>servus,</strong></span> 
     </span>
     <span class='ocr_line' id='line_1_37' title="bbox 105 3578 1240 3668; baseline 0.011 -32"><span class='ocrx_word' id='word_1_262' title='bbox 105 3578 230 3636; x_wconf 89' lang='lat' dir='ltr'><strong>nnllam</strong></span> <span class='ocrx_word' id='word_1_263' title='bbox 250 3599 290 3638; x_wconf 81' lang='lat' dir='ltr'><strong>ex</strong></span> <span class='ocrx_word' id='word_1_264' title='bbox 309 3579 371 3640; x_wconf 92' lang='lat' dir='ltr'><strong>hoc</strong></span> <span class='ocrx_word' id='word_1_265' title='bbox 395 3582 589 3642; x_wconf 90' lang='lat' dir='ltr'><strong>calumniam</strong></span> <span class='ocrx_word' id='word_1_266' title='bbox 603 3583 781 3660; x_wconf 90' lang='lat' dir='ltr'><strong>sustineat,</strong></span> <span class='ocrx_word' id='word_1_267' title='bbox 804 3583 860 3642; x_wconf 90' lang='lat' dir='ltr'><strong>sed</strong></span> <span class='ocrx_word' id='word_1_268' title='bbox 883 3583 981 3662; x_wconf 70' lang='lat' dir='ltr'><strong>magis</strong></span> <span class='ocrx_word' id='word_1_269' title='bbox 1013 3588 1240 3668; x_wconf 88' lang='lat' dir='ltr'><strong>aparentibus</strong></span> 
     </span>
     <span class='ocr_line' id='line_1_38' title="bbox 104 3661 1240 3750; baseline 0.011 -32"><span class='ocrx_word' id='word_1_270' title='bbox 104 3661 174 3720; x_wconf 87' lang='lat' dir='ltr'><strong>eins</strong></span> <span class='ocrx_word' id='word_1_271' title='bbox 199 3665 494 3724; x_wconf 83' lang='lat' dir='ltr'><strong>remunerationem</strong></span> <span class='ocrx_word' id='word_1_272' title='bbox 513 3666 706 3749; x_wconf 80' lang='lat' dir='ltr'><strong>condignam</strong></span> <span class='ocrx_word' id='word_1_273' title='bbox 727 3664 872 3746; x_wconf 88' lang='lat' dir='ltr'><strong>accipiat.</strong></span> <span class='ocrx_word' id='word_1_274' title='bbox 913 3666 957 3726; x_wconf 88' lang='lat' dir='ltr'><strong>Et</strong></span> <span class='ocrx_word' id='word_1_275' title='bbox 978 3665 1004 3727; x_wconf 91' lang='lat' dir='ltr'><strong>si</strong></span> <span class='ocrx_word' id='word_1_276' title='bbox 1019 3690 1036 3750; x_wconf 72' lang='lat' dir='ltr'><strong>a</strong></span> <span class='ocrx_word' id='word_1_277' title='bbox 1052 3670 1240 3750; x_wconf 89' lang='lat' dir='ltr'><strong>parentibus</strong></span> 
     </span>
    </p>
   </div>
   <div class='ocr_carea' id='block_1_12' title="bbox 101 3743 1240 3908">
    <p class='ocr_par' dir='ltr' id='par_1_13' title="bbox 101 3743 1240 3908">
     <span class='ocr_line' id='line_1_39' title="bbox 104 3743 1240 3836; baseline 0.011 -37"><span class='ocrx_word' id='word_1_278' title='bbox 104 3743 286 3802; x_wconf 87' lang='lat' dir='ltr'><strong>mercedem</strong></span> <span class='ocrx_word' id='word_1_279' title='bbox 304 3745 447 3806; x_wconf 88' lang='lat' dir='ltr'><strong>noluerit</strong></span> <span class='ocrx_word' id='word_1_280' title='bbox 464 3749 621 3832; x_wconf 87' lang='lat' dir='ltr'><strong>recipere,</strong></span> <span class='ocrx_word' id='word_1_281' title='bbox 642 3747 779 3831; x_wconf 90' lang='lat' dir='ltr'><strong>recipiat</strong></span> <span class='ocrx_word' id='word_1_282' title='bbox 793 3769 812 3806; x_wconf 90' lang='lat' dir='ltr'><strong>a</strong></span> <span class='ocrx_word' id='word_1_283' title='bbox 829 3748 980 3827; x_wconf 91' lang='lat' dir='ltr'><strong>Domino,</strong></span> <span class='ocrx_word' id='word_1_284' title='bbox 1003 3753 1060 3833; x_wconf 92' lang='lat' dir='ltr'><strong>qui</strong></span> <span class='ocrx_word' id='word_1_285' title='bbox 1073 3752 1240 3836; x_wconf 88' lang='lat' dir='ltr'><strong>praecepit</strong></span> 
     </span>
     <span class='ocr_line' id='line_1_40' title="bbox 101 3828 418 3908; baseline 0.006 -21"><span class='ocrx_word' id='word_1_286' title='bbox 101 3833 249 3887; x_wconf 87' lang='lat' dir='ltr'><strong>mortuos</strong></span> <span class='ocrx_word' id='word_1_287' title='bbox 271 3828 418 3908; x_wconf 87' lang='lat' dir='ltr'><strong>sepelire.</strong></span> 
     </span>
    </p>
   </div>
   <div class='ocr_carea' id='block_1_13' title="bbox 228 3924 1114 4022">
    <p class='ocr_par' dir='ltr' id='par_1_14' title="bbox 228 3924 1114 4022">
     <span class='ocr_line' id='line_1_41' title="bbox 228 3924 1114 4022; baseline 0.01 -32"><span class='ocrx_word' id='word_1_288' title='bbox 228 3933 279 3991; x_wconf 91' lang='lat' dir='ltr'><strong>De</strong></span> <span class='ocrx_word' id='word_1_289' title='bbox 292 3924 528 3998; x_wconf 74' lang='lat' dir='ltr'><strong>venditionibus</strong></span> <span class='ocrx_word' id='word_1_290' title='bbox 542 3937 604 3997; x_wconf 84' lang='lat' dir='ltr'><strong>nili</strong></span> <span class='ocrx_word' id='word_1_291' title='bbox 616 3937 719 4022; x_wconf 86' lang='lat' dir='ltr'><strong>pretio</strong></span> <span class='ocrx_word' id='word_1_292' title='bbox 741 3934 891 3999; x_wconf 83' lang='lat' dir='ltr'><strong>detractis</strong></span> <span class='ocrx_word' id='word_1_293' title='bbox 908 3937 962 3996; x_wconf 81' lang='lat' dir='ltr'><strong>nel</strong></span> <span class='ocrx_word' id='word_1_294' title='bbox 979 3935 1114 3999; x_wconf 79' lang='lat' dir='ltr'><strong>vitiosis.</strong></span> 
     </span>
    </p>
   </div>
   <div class='ocr_carea' id='block_1_14' title="bbox 103 4035 1240 4377">
    <p class='ocr_par' dir='ltr' id='par_1_15' title="bbox 103 4035 1240 4377">
     <span class='ocr_line' id='line_1_42' title="bbox 188 4035 1238 4129; baseline 0.01 -29"><span class='ocrx_word' id='word_1_295' title='bbox 188 4035 381 4102; x_wconf 87' lang='lat' dir='ltr'><strong>CCCLXlI.</strong></span> <span class='ocrx_word' id='word_1_296' title='bbox 422 4043 549 4103; x_wconf 90' lang='lat' dir='ltr'><strong>Placuit</strong></span> <span class='ocrx_word' id='word_1_297' title='bbox 570 4043 603 4102; x_wconf 94' lang='lat' dir='ltr'><strong>in</strong></span> <span class='ocrx_word' id='word_1_298' title='bbox 627 4041 816 4105; x_wconf 89' lang='lat' dir='ltr'><strong>venditione</strong></span> <span class='ocrx_word' id='word_1_299' title='bbox 839 4042 924 4102; x_wconf 90' lang='lat' dir='ltr'><strong>hanc</strong></span> <span class='ocrx_word' id='word_1_300' title='bbox 943 4043 1079 4104; x_wconf 88' lang='lat' dir='ltr'><strong>formam</strong></span> <span class='ocrx_word' id='word_1_301' title='bbox 1099 4051 1238 4129; x_wconf 89' lang='lat' dir='ltr'><strong>servari,</strong></span> 
     </span>
     <span class='ocr_line' id='line_1_43' title="bbox 103 4124 1240 4206; baseline 0.012 -27"><span class='ocrx_word' id='word_1_302' title='bbox 103 4129 141 4179; x_wconf 90' lang='lat' dir='ltr'><strong>ut</strong></span> <span class='ocrx_word' id='word_1_303' title='bbox 163 4142 222 4180; x_wconf 87' lang='lat' dir='ltr'><strong>seu</strong></span> <span class='ocrx_word' id='word_1_304' title='bbox 245 4143 295 4180; x_wconf 89' lang='lat' dir='ltr'><strong>res</strong></span> <span class='ocrx_word' id='word_1_305' title='bbox 315 4145 372 4184; x_wconf 90' lang='lat' dir='ltr'><strong>seu</strong></span> <span class='ocrx_word' id='word_1_306' title='bbox 394 4127 554 4206; x_wconf 88' lang='lat' dir='ltr'><strong>mancipia</strong></span> <span class='ocrx_word' id='word_1_307' title='bbox 575 4127 628 4187; x_wconf 89' lang='lat' dir='ltr'><strong>vel</strong></span> <span class='ocrx_word' id='word_1_308' title='bbox 652 4125 821 4206; x_wconf 86' lang='lat' dir='ltr'><strong>quodlibet</strong></span> <span class='ocrx_word' id='word_1_309' title='bbox 845 4147 945 4206; x_wconf 83' lang='lat' dir='ltr'><strong>genus</strong></span> <span class='ocrx_word' id='word_1_310' title='bbox 971 4124 1158 4190; x_wconf 88' lang='lat' dir='ltr'><strong>animalium</strong></span> <span class='ocrx_word' id='word_1_311' title='bbox 1181 4155 1240 4193; x_wconf 82' lang='lat' dir='ltr'><strong>ve-</strong></span> 
     </span>
     <span class='ocr_line' id='line_1_44' title="bbox 104 4202 1240 4297; baseline 0.012 -36"><span class='ocrx_word' id='word_1_312' title='bbox 104 4202 285 4280; x_wconf 89' lang='lat' dir='ltr'><strong>nundetur,</strong></span> <span class='ocrx_word' id='word_1_313' title='bbox 308 4227 403 4266; x_wconf 87' lang='lat' dir='ltr'><strong>nemo</strong></span> <span class='ocrx_word' id='word_1_314' title='bbox 419 4203 552 4290; x_wconf 85' lang='lat' dir='ltr'><strong>propter</strong></span> <span class='ocrx_word' id='word_1_315' title='bbox 572 4207 635 4270; x_wconf 88' lang='lat' dir='ltr'><strong>hoc</strong></span> <span class='ocrx_word' id='word_1_316' title='bbox 655 4208 851 4270; x_wconf 89' lang='lat' dir='ltr'><strong>venditionis</strong></span> <span class='ocrx_word' id='word_1_317' title='bbox 870 4207 1051 4269; x_wconf 77' lang='lat' dir='ltr'><strong>firmitatem</strong></span> <span class='ocrx_word' id='word_1_318' title='bbox 1073 4211 1240 4297; x_wconf 84' lang='lat' dir='ltr'><strong>inrumpat</strong></span> 
     </span>
     <span class='ocr_line' id='line_1_45' title="bbox 103 4284 1238 4377; baseline 0.016 -34"><span class='ocrx_word' id='word_1_319' title='bbox 103 4284 193 4367; x_wconf 64' lang='lat' dir='ltr'><strong>(quod</strong></span> <span class='ocrx_word' id='word_1_320' title='bbox 209 4284 289 4349; x_wconf 93' lang='lat' dir='ltr'><strong>dicit</strong></span> <span class='ocrx_word' id='word_1_321' title='bbox 306 4309 339 4350; x_wconf 90' lang='lat' dir='ltr'><strong>se</strong></span> <span class='ocrx_word' id='word_1_322' title='bbox 359 4289 416 4354; x_wconf 90' lang='lat' dir='ltr'><strong>vili</strong></span> <span class='ocrx_word' id='word_1_323' title='bbox 427 4291 533 4375; x_wconf 82' lang='lat' dir='ltr'><strong>pretio</strong></span> <span class='ocrx_word' id='word_1_324' title='bbox 548 4291 751 4362; x_wconf 89' lang='lat' dir='ltr'><strong>vendidisse;</strong></span> <span class='ocrx_word' id='word_1_325' title='bbox 780 4289 839 4356; x_wconf 88' lang='lat' dir='ltr'><strong>scd</strong></span> <span class='ocrx_word' id='word_1_326' title='bbox 860 4299 1027 4377; x_wconf 87' lang='lat' dir='ltr'><strong>postquam</strong></span> <span class='ocrx_word' id='word_1_327' title='bbox 1049 4293 1170 4358; x_wconf 84' lang='lat' dir='ltr'><strong>factum</strong></span> <span class='ocrx_word' id='word_1_328' title='bbox 1190 4309 1238 4360; x_wconf 87' lang='lat' dir='ltr'><strong>est</strong></span> 
     </span>
    </p>
   </div>
   <div class='ocr_carea' id='block_1_15' title="bbox 0 0 1469 4984">
    <p class='ocr_par' dir='ltr' id='par_1_16' title="bbox 0 0 1469 4984">
     <span class='ocr_line' id='line_1_46' title="bbox 0 0 1469 4984; baseline 0 0"><span class='ocrx_word' id='word_1_329' title='bbox 0 0 1469 4984; x_wconf 95' lang='lat' dir='ltr'><strong> </strong></span> 
     </span>
    </p>
   </div>
  </div>
 </body>
</html>
