2910 4986
532 307 648 368 iiiiii
683 307 858 368 rannus.
1172 287 1244 363 463

1124 405 1132 434 ἱ

211 452 261 514 De
282 449 432 515 messibus
453 448 501 512 rei
515 453 648 514 annonis
662 451 696 512 iii
730 453 817 514 hoste
841 451 938 535 raptis
954 447 1149 532 veisuratr's.
1190 439 1193 447 ’

188 558 303 624 LXVI.
346 557 381 619 si
399 559 472 642 quis
487 579 605 620 messes
626 569 681 618 aut
704 579 848 618 annonis
869 557 903 616 in
926 555 1017 618 hoste
1050 577 1148 640 super
1168 555 1247 616 ban·

101 664 187 707 uum
201 640 399 704 dominicum
422 639 566 724 rapuerit
587 653 642 703 aut
665 640 842 718 iuraverit,
865 640 916 700 rel
936 640 1077 722 paverit,
1100 649 1154 700 aut
1173 661 1247 701 cum

100 725 240 790 caballis
260 723 445 801 vastaverit,
468 724 632 784 aestimato
655 725 771 785 damno
793 719 972 786 secundum
995 723 1099 806 legem
1128 722 1161 782 in
1191 723 1248 782 tri-

105 812 198 894 plum
216 816 397 888 componat.
419 807 503 868 Etsi
524 806 608 868 liber
627 807 724 868 hoino
745 805 807 866 hoc
824 806 956 882 fecerit,
978 805 1121 865 bannum
1142 805 1247 866 donii-

108 894 217 952 nicum
235 911 293 971 pro
311 889 370 950 hac
388 909 423 949 re
442 911 640 972 componere
663 899 805 972 cogatur.
828 891 947 950 Servus
971 909 1049 949 vero
1067 890 1247 949 secundum

103 997 197 1038 suam
217 974 323 1054 legem
342 971 439 1053 tripla
460 972 692 1055 compositione
709 973 860 1034 damnum
877 972 912 1030 iii
932 973 1004 1032 loco
1025 971 1193 1050 restituat,
1214 979 1247 1031 et

107 1079 167 1141 pro
188 1057 306 1118 damno
328 1053 518 1136 disciplinae
543 1056 703 1137 corporali
724 1056 894 1117 subiacent.

343 1159 508 1221 Delibero
529 1162 652 1221 bomine
674 1163 707 1220 i'n
730 1163 850 1222 bostem
869 1161 1010 1222 bannito.

191 1263 325 1326 LXVII.
366 1264 566 1346 Quicunque
592 1265 675 1326 liber
692 1267 788 1327 homo
811 1268 844 1326 in
861 1266 985 1328 bostem
1003 1263 1156 1326 bannitus
1173 1265 1247 1328 iiie·

106 1349 151 1411 rit
164 1395 173 1426 ,
197 1357 230 1408 et
255 1346 368 1408 venire
381 1348 632 1428 contempserit,
656 1349 789 1430 plenum
803 1349 1036 1427 heribannum,
1061 1348 1094 1408 id
1116 1357 1173 1426 est,
1194 1370 1247 1408 so-

106 1432 194 1492 lidos
223 1429 388 1510 sexaginta
413 1431 587 1510 persolvat.
641 1431 705 1492 Aut
726 1434 752 1494 si
777 1455 842 1493 non
870 1432 1019 1492 b¹buerit
1046 1430 1132 1490 unde
1157 1431 1248 1490 illam

104 1535 264 1576 summam
279 1511 459 1594 persolvat,
482 1513 687 1596 semetipsum
708 1537 766 1598 pro
785 1515 941 1576 wadio'in
963 1513 1132 1577 servitium
1154 1513 1249 1575 Prin·

106 1597 190 1679 cipis
204 1597 311 1656 tradet
339 1593 443 1655 donec
458 1615 516 1676 per
535 1605 678 1679 tempora
697 1599 764 1681 ipse
790 1599 916 1660 bannus
944 1597 984 1658 ab
1004 1620 1043 1659 eo
1060 1595 1114 1654 fiat
1133 1617 1247 1677 perso·

108 1681 214 1748 lutus;
238 1687 270 1738 et
286 1686 373 1736 tunc.
385 1677 502 1737 iteruin
529 1678 569 1740 ad
595 1690 710 1740 statum
726 1682 882 1742 libertatis
896 1703 970 1742 suae
993 1687 1185 1741 revertatur.
1204 1679 1247 1738 Et

110 1762 139 1822 si
162 1761 220 1821 ille
239 1758 406 1840 homoqui
450 1770 560 1840 ropter
578 1760 794 1824 heribannum
809 1786 842 1825 se
862 1765 895 1823 in
918 1763 1084 1826 servitium
1103 1761 1245 1841 tradidit,

109 1845 147 1903 in
176 1843 233 1902 illo
263 1841 394 1903 servitio
419 1781 591 1905 defunctus
623 1846 743 1924 fuerit,
772 1846 910 1908 heredes
938 1847 1007 1908 eius
1033 1844 1246 1905 hereditatem

109 1947 193 2008 quae
212 1926 251 1985 ad
270 1946 324 1985 eos
341 1924 507 2003 pertinet,
531 1947 595 1986 non
614 1929 767 2008 perdant,
799 1952 859 1990 nec
876 1930 1058 1990 libertatem
1069 1973 1079 2005 ,
1115 1947 1176 1988 nec
1204 1926 1245 1988 de

105 2008 176 2091 ipso
190 2007 300 2068 banno
319 2005 451 2066 obnoxii
474 2006 562 2067 fiant.
605 2012 807 2094 capitatis.
830 2013 942 2077 a.812.
965 2032 992 2073 e.
1014 2032 1039 2072 i.

455 2112 505 2172 De
527 2114 698 2177 heribanno
721 2117 910 2180 exactando.

192 2216 341 2278 LXVIII.
382 2217 425 2277 Ut
445 2238 509 2277 non
534 2240 592 2301 per
613 2221 754 2303 aliquam
774 2225 994 2303 occasionem,
1019 2246 1080 2287 nee
1093 2249 1153 2310 pro
1166 2246 1248 2288 wac-

105 2310 150 2378 ta,
169 2321 233 2360 nee
250 2300 289 2359 de
312 2319 410 2393 seara,
434 2320 495 2360 nee
518 2300 557 2361 de
570 2305 688 2382 warda,
711 2328 771 2366 nec
786 2330 843 2389 pro
865 2307 1083 2392 heribergare,
1107 2331 1166 2370 nec
1187 2332 1247 2392 pro

109 2383 173 2443 alio
191 2381 302 2440 banno
321 2381 538 2442 heribannum
563 2387 676 2448 Comes
703 2400 849 2450 exiictare
869 2402 1066 2473 praesumat,
1090 2392 1151 2452 nisi
1168 2392 1247 2452 Mis·

103 2488 161 2527 sus
176 2473 288 2525 noster
303 2464 391 2544 prius
413 2462 632 2526 heribannum
655 2470 695 2530 ad
718 2483 840 2552 partem
863 2483 1001 2534 nostram
1026 2473 1183 2556 recipiat,
1215 2482 1248 2534 et

105 2547 138 2608 ei
158 2546 392 2639 suamtertiani
408 2556 531 2628 partem
553 2551 670 2612 exinde
688 2575 746 2634 per
766 2555 940 2617 iussionem
968 2568 1108 2619 nostram
1138 2557 1248 2622 donet.

109 2631 179 2710 lpse
205 2649 283 2721 vero
301 2627 497 2690 heribannus
523 2653 587 2691 non
606 2645 788 2716 exactetur,
820 2660 927 2719 neque
956 2639 988 2698 in
1016 2639 1111 2716 terris
1138 2659 1246 2719 neque

106 2711 140 2769 in
166 2710 355 2804 mancipiis,
378 2711 434 2770 sed
456 2711 488 2770 in
506 2735 588 2794 auro,
611 2727 642 2777 et
655 2730 807 2800 argento,
829 2721 935 2802 palliis
950 2731 1045 2803 atque
1068 2721 1184 2796 armis,
1215 2729 1247 2780 et

106 2792 321 2869 animalibus,
344 2801 438 2886 atque
455 2797 652 2876 pecudibus,
676 2802 741 2862 sive
764 2804 880 2865 talibus
906 2805 1073 2887 speciebus
1102 2824 1185 2887 quae
1206 2801 1248 2863 ad

107 2877 285 2935 utilitatem
303 2883 478 2955 pertinent.
520 2879 603 2941 [bid.
614 2903 639 2942 c.
651 2903 679 2943 2.
1214 2889 1216 2896 ’

109 2982 157 3042 De
179 2982 229 3040 bis
249 2981 305 3063 qui
325 2981 443 3060 regales
466 2983 579 3044 babent
600 2988 756 3062 bonores,
779 3003 809 3050 et
839 2994 873 3052 in
900 2994 1021 3053 bostem
1052 2994 1175 3054 banniti
1203 2993 1251 3055 ad

374 3059 552 3156 condictum
569 3069 723 3208 placitum
744 3095 806 3134 non
826 3077 980 3136 uenerint.

191 3143 306 3236 init,
350 3145 546 3240 Quicunque
594 3172 665 3212 omo
688 3165 812 3217 nostros
831 3156 1107 3220 habenshonores
1127 3158 1160 3218 in
1175 3157 1247 3220 hos·

108 3235 174 3287 tem
189 3225 342 3285 bannitus
365 3230 481 3303 luerit,
505 3239 537 3288 et
559 3233 598 3293 ad
620 3236 806 3298 condictum
826 3242 981 3322 placitum
1002 3263 1067 3302 non
1100 3243 1228 3302 venerit
1236 3289 1245 3320 ‚

106 3317 188 3404 quot
203 3307 316 3402 diebus
337 3317 406 3388 post
424 3309 577 3402 placitum
592 3318 776 3380 condictum
791 3323 913 3384 venisse
933 3325 1157 3406 comprobatus
1171 3327 1247 3387 fue-

107 3399 170 3468 rit,
192 3399 241 3450 tot
265 3390 378 3450 diebus
396 3391 552 3454 abstineat
575 3397 591 3456 ii
613 3421 709 3464 carne
731 3413 762 3463 et
786 3405 872 3466 vino.
914 3407 999 3469 laist.
1015 3410 1080 3468 ab.

261 3497 309 3553 De
332 3497 379 3553 liis
392 3499 456 3590 ‘qui'
477 3500 543 3560 sine
564 3503 693 3566 licentia
714 3509 753 3569 de
775 3513 862 3571 lioste
884 3527 1094 3579 reuertuntur.

130 3658 136 3672 .
165 3658 172 3671 ·
191 3578 289 3636 LXX.
335 3579 532 3661 Quicunque
557 3585 676 3666 absque
700 3591 829 3654 licentia
851 3597 902 3656 vel
921 3597 1130 3679 permissione
1146 3597 1247 3658 Prin·-

104 3681 189 3753 eipis
210 3659 250 3718 de
271 3658 363 3720 hoste
382 3668 671 3759 reversussnerit,
694 3672 780 3754 q'uod
805 3679 924 3738 factum
952 3679 1069 3739 Franci
1099 3680 1246 3740 heriscliz

105 3742 240 3835 dicunt,
262 3743 410 3836 volumus
428 3754 463 3803 ut
479 3757 611 3828 antiqua
629 3758 832 3836 constitutio,
857 3761 890 3820 id
910 3770 973 3834 est,
998 3760 1141 3842 capitalis
1166 3783 1244 3822 seii-

107 3833 211 3884 tentia
230 3845 306 3906 erga
329 3826 422 3885 illum
441 3829 641 3908 puniendum
663 3841 869 3902 custodiatur.
912 3843 996 3905 Ibi'd.
1010 3866 1035 3903 c.
1049 3845 1079 3920 4.

317 3931 366 3990 De
377 3933 437 4026 ¹liis
459 3935 514 4015 qui
540 3936 695 4021 beneficia
710 3945 895 4030 Principum
911 3950 1036 4008 liabent.

187 4012 302 4076 Lxxl,
345 4013 541 4096 Quicunque
566 4020 741 4104 exhisqui
763 4027 958 4089 beneficium
988 4030 1150 4113 Principis
1183 4034 1243 4093 lia-

106 4092 201 4182 bent,
224 4115 335 4175 parem
349 4116 442 4154 suum
462 4107 575 4158 contra
597 4099 703 4166 hostes
717 4129 901 4173 communes
927 4113 960 4171 in
992 4114 1138 4174 exercitu
1167 4139 1243 4200 pcr-

105 4185 237 4255 gentem
257 4175 433 4272 dimiserit,
456 4187 489 4238 et
510 4201 582 4242 curn
601 4205 640 4245 eo
657 4187 704 4248 ire
724 4192 775 4251 vel
793 4202 874 4254 stare
894 4195 1057 4276 noluerit,
1085 4195 1244 4262 honorem

103 4275 201 4320 stium
220 4267 252 4320 et
273 4257 470 4322 beneficium
491 4265 615 4347 perdat.
656 4270 745 4342 ibid.
758 4292 783 4334 e.
799 4275 828 4338 5.
1272 4286 1276 4296 '
