2948 4990
210 305 282 394 672
613 317 900 400 carrruuauruu

210 464 321 534 ducat3
347 469 378 522 et
398 459 464 542 ipse
486 481 614 523 causam
637 461 759 523 iustitie
786 466 963 543 praeeunte
995 460 1194 542 discutiens,
1226 462 1342 526 animo

209 546 354 609 Clericus
372 543 533 606 accusanti
552 544 732 610 satisfaciat.

249 651 298 712 De
319 651 368 710 lais
389 649 444 736 qui
464 649 643 712 innocentes
662 649 750 733 apud
762 650 942 747 Principem
963 650 1011 710 vel
1030 650 1118 736 apud
1136 652 1216 714 alios
1239 675 1294 714 ac·

678 747 861 797 cessaverint.

291 836 550 903 ccccxxxii.
591 841 639 900 De
662 837 714 899 his
730 839 788 921 qui
812 839 1002 901 innocentes
1027 839 1066 900 ad
1089 839 1258 924 Principes
1280 853 1341 906 aut

207 924 331 986 Iudices
345 941 493 982 accusare
512 923 653 983 convicti
672 923 809 999 fuerint,
832 923 857 983 si
875 922 1022 983 Clericus
1046 922 1236 983 honoratior
1257 927 1337 987 fuc-

205 1010 260 1084 rit,
283 1008 320 1066 ab
343 1005 442 1066 officii
464 1004 513 1064 sui
535 1007 647 1065 ordine
666 1005 866 1086 degradetur.
908 1004 942 1065 si
965 1026 1042 1066 vero
1065 1005 1229 1083 secularis,
1252 1031 1336 1090 poe-

206 1109 281 1151 nam
303 1111 399 1170 quam
417 1087 495 1170 ipsi,
517 1087 543 1147 si
568 1087 707 1149 convicti
731 1097 856 1164 essent,
885 1087 1008 1168 passuri
1041 1098 1153 1165 erant,
1183 1090 1336 1169 patiatur.

204 1175 248 1234 Et
270 1173 403 1252 insuper
421 1171 447 1230 si
467 1170 539 1231 telis
566 1193 658 1231 causa
676 1170 784 1231 luerit
802 1169 888 1230 unde
919 1169 1028 1230 vivere
1053 1169 1203 1247 debeant,
1233 1171 1251 1230 b
1274 1173 1336 1232 Sa-

205 1255 389 1316 cerdotibus
410 1252 538 1331 publica
563 1251 761 1335 poenitentia
785 1253 981 1330 multentur,
1010 1262 1046 1311 ut
1066 1251 1197 1335 spiritus
1225 1254 1335 1317 salvus

206 1339 246 1399 sit
269 1338 302 1396 in
327 1338 378 1398 die
406 1335 548 1399 Domini,

223 1442 272 1530 *Ut
293 1442 409 1503 Clerici
438 1441 477 1501 de
499 1442 547 1500 bis
568 1441 670 1500 cerasis
692 1461 767 1522 quas
790 1439 888 1500 seculi
915 1440 1012 1519 Leges
1040 1461 1103 1501 non
1131 1441 1311 1523 adnullant,

595 1525 720 1582 minime
742 1522 939 1606 impetantur.

223 1617 226 1626 ¹
287 1626 563 1693 CCCCXXXVI.
607 1629 721 1688 Nullae
745 1628 896 1688 causasti
921 1627 1084 1706 lodicibus
1108 1630 1335 1694 ecclesiasticis

205 1714 376 1790 audiantur
397 1733 480 1793 quac
507 1712 643 1794 Legibus
665 1733 729 1770 non
754 1709 977 1788 continentur,
1004 1712 1056 1772 vel
1081 1733 1162 1794 quae
1185 1713 1336 1796 prohibi-

204 1807 255 1859 tae
275 1817 341 1858 esse
363 1804 553 1856 noscuntur.

499 1910 700 1971 Excurcrr
729 1911 855 1970 Lrsuu
884 1929 1036 1970 surus.

309 2097 719 2161 CAPITULARIUM
759 2093 911 2155 LIBER
952 2097 1220 2162 SEPTIMUS.

400 2231 530 2291 ‚quen
551 2229 797 2290 Trruuouuu
820 2244 924 2284 arsur
947 2247 1120 2289 serrrur.

249 2367 273 2432 ι’.
302 2319 371 2434 De
384 2361 742 2454 primatchclesiarum
893 2369 1204 2435 excommunication.
1226 2385 1334 2432 trans·

221 2521 223 2528 ¹
305 2469 334 2514 et
355 2455 570 2516 Sacerdotem,
891 2467 1014 2526 gressus
1023 2449 1138 2530 suerit,
1156 2454 1188 2510 in
1202 2455 1333 2532 aliasy-

244 2557 272 2614 2,
307 2538 349 2599 Ut
367 2541 466 2599 omnis
493 2537 572 2598 ordo
601 2535 741 2596 Clerico-
892 2529 975 2590 nodo
991 2541 1076 2613 spem
1087 2538 1333 2617 recuperationis

304 2641 373 2681 rum
385 2621 540 2704 Episcopo
552 2641 607 2679 suo
625 2619 742 2678 subies·
891 2631 954 2670 non
972 2615 1092 2674 babeat.

305 2716 353 2764 tus
374 2717 504 2764 maneat,
817 2709 861 2750 10.
895 2691 936 2752 Ut
954 2699 1240 2770 excommunicatis,
1265 2702 1333 2760 sive

243 2783 271 2849 3.
306 2785 450 2867 Utnerno
466 2786 671 2854 Clericorum,
689 2803 741 2843 re·
893 2777 942 2833 bis
972 2779 1026 2858 qui
1054 2771 1213 2838 Ecclesias
1240 2781 1333 2840 dese-

304 2869 378 2930 licto
405 2867 563 2950 Episcopo
588 2869 739 2946 proprio,
893 2871 983 2930 rant,
1005 2879 1094 2918 nemo
1118 2865 1332 2923 communicet.

303 2951 348 3009 ad
364 2952 489 3028 negotia
509 2949 663 3010 secularia
680 2951 741 3007 mi·
816 2957 861 2998 1¹·
890 2939 939 2997 De
965 2941 1235 3004 conturbatoribus
1266 2945 1333 3004 Ec'-

218 3027 222 3032 ’
302 3048 380 3110 gret,
457 3071 458 3076 κ
670 3049 673 3055 ·
893 3021 1005 3082 clesiae
1026 3025 1250 3108 opprimendis.

241 3115 271 3190 4.
305 3113 345 3174 Ut
362 3117 530 3190 Presbyter
544 3114 599 3172 vel
622 3113 741 3173 Diaco-
816 3121 861 3162 12·
892 3101 933 3180 Ut
966 3106 1116 3164 Monaclai
1165 3107 1332 3192 Episcopis

303 3221 373 3268 nus,
393 3201 506 3279 absque
515 3195 664 3278 Episcopi
667 3215 742 3276 pro·
892 3187 956 3246 sais
976 3187 1087 3264 ubique
1113 3189 1244 3250 subiecti
1262 3213 1332 3250 ma-

300 3284 367 3365 prii
384 3300 546 3348 consensu,
561 3278 643 3336 nibil
651 3297 742 3359 prac-
894 3281 997 3333 neunt.

303 3375 436 3428 sirmam,
816 3348 860 3409 15.
896 3347 936 3408 Ut
947 3353 1154 3432 unusquisque
1170 3351 1330 3412 Ecclesiae

243 3440 272 3507 5.
307 3443 347 3505 Ut
360 3442 696 3528 tempuspoeaitentum
706 3441 740 3498 in
894 3436 946 3494 cui
971 3433 1135 3492 ordinatus
1155 3447 1217 3510 est,
1241 3437 1331 3496 mini-

302 3526 552 3588 consideratione
590 3520 742 3608 Episcopi
893 3527 978 3576 stret.

306 3613 466 3670 consistat.
815 3593 861 3670 14.
889 3597 940 3656 De
966 3597 1172 3678 suscipiendis
1200 3600 1247 3656 bis
1277 3601 1330 3681 qui

242 3691 271 3762 6.
301 3692 348 3752 De
371 3692 584 3777 poenitentum
606 3705 740 3746 conver·
890 3681 1137 3763 persecutionem
1155 3683 1329 3764 patiuntur.

301 3777 420 3837 satione
440 3785 472 3834 et
483 3769 569 3854 side.
816 3757 864 3824 15.
893 3762 941 3820 De
958 3762 1023 3842 lege
1045 3773 1075 3820 et
1097 3763 1328 3828 consuetudine.

241 3878 269 3938 7,
299 3857 346 3916 De
354 3856 517 3936 fructuum
531 3848 740 3911 oblationibus
815 3841 860 3903 16.
887 3843 936 3902 De
953 3843 1197 3924 alienisfiuibus
1217 3867 1279 3906 non
1297 3867 1329 3905 u.

278 3940 383 4022 (quae,
396 3937 552 3998 Ministris
579 3931 739 3992 Ecclesiae
873 3938 875 3944 '
892 3923 1070 4008 stirpandis.

302 4019 514 4099 conferuntur.
816 4027 861 4087 17.
895 4007 937 4068 Ut
963 4019 1207 4084 transgressores
1232 4005 1329 4069 Cano·

241 4104 271 4166 8.
299 4104 347 4162 De
361 4105 409 4162 ta's
426 4122 504 4184 quae
525 4101 558 4158 in
573 4117 645 4156 rasus
663 4115 740 4177 pau·
889 4110 962 4148 num
973 4091 1287 4150 excommunicentur.

324 4205 409 4244 erum
428 4179 642 4263 conseruntur.
816 4174 860 4238 18.
893 4171 934 4232 Ut
947 4170 1121 4253 Episcopus
1137 4191 1244 4231 curam
1253 4171 1328 4236 Mo.

239 4290 269 4356 9.
330 4267 536 4354 tociensque
554 4257 739 4344 synodalem
803 4275 806 4280 ·
891 4253 1102 4320 austeriorum.
1116 4265 1214 4336 gerat.
