2948 4990
539 351 655 413 tisun
688 351 845 412 ssxrus.
909 377 914 389 ι
1201 326 1272 405 601

251 489 292 554 Ut
314 506 448 580 propter
467 496 557 557 unius
589 497 798 560 testimouium
821 491 926 554 nullas
948 485 1182 554 condemnetur.

232 587 307 660 XL.'
344 599 508 664 Adunius
525 603 745 665 testimonium
764 601 874 662 nullus
895 597 1139 660 condemnetur.

513 711 560 771 De
576 710 705 786 decimis
722 707 914 794 separandis.

233 809 319 873 XLI.
363 815 529 896 Separabis
548 817 684 879 decimas
700 839 739 878 ex
760 817 908 877 omnibus
923 835 1005 896 quae
1025 821 1202 874 nascuntur
1217 809 1277 871 tibi

148 915 196 956 eo
217 902 370 974 tempore,
393 908 424 958 et
446 921 583 980 repones
607 901 692 961 inter
707 900 816 960 ianuas
839 909 919 958 tuns.
960 894 1155 957 Foenerabis
1176 916 1211 952 ea
1225 894 1286 984 Sa·¹

148 975 338 1038 cerdotibus
355 988 386 1039 et
405 981 534 1058 Levitis,
557 983 687 1045 advenis
706 992 736 1042 et
749 981 939 1064 peregrinis,
961 979 1095 1060 pupillis
1110 987 1141 1037 et
1162 975 1278 1039 viduis.

145 1059 195 1124 Et
212 1058 382 1122 benedicet
398 1072 429 1123 te
455 1064 610 1125 Dominus
623 1069 711 1128 Deus
732 1075 806 1127 tuus
823 1063 946 1126 cunctis
961 1062 1073 1123 diebus
1092 1059 1175 1122 ritae
1192 1068 1277 1124 tuae.

233 1168 283 1226 Dc
301 1189 336 1229 eo
358 1169 424 1250 qui,
445 1171 604 1230 ambulans
626 1173 799 1256 peruiam,
820 1169 929 1230 nidum
948 1169 1018 1229 anis
1034 1165 1195 1242 invenerit.
1237 1229 1239 1238 ,

232 1271 341 1335 XLII.
384 1272 418 1334 Si
440 1276 582 1338 ambulas
597 1299 655 1359 per
670 1277 764 1348 viam,
788 1285 820 1336 et
837 1275 949 1335 nidum
971 1272 1034 1335 aris
1058 1268 1221 1332 inveneris
1242 1268 1277 1329 iu

147 1355 264 1416 arbore
280 1354 331 1417 vel
348 1353 490 1433 interra,
513 1368 545 1419 et
558 1371 689 1420 matrem
706 1359 805 1440 pullis
821 1359 957 1440 desuper
973 1354 1190 1428 incubantem,
1211 1372 1278 1411 non

146 1437 277 1500 tenebis
299 1459 369 1500 eam
389 1459 461 1498 eum
477 1441 567 1514 filiis;
590 1445 647 1504 sed
666 1443 752 1503 abire
769 1439 910 1524 patieris,
932 1447 1039 1522 captos
1060 1447 1175 1498 tenens
1193 1434 1279 1518 'pul-

147 1519 202 1581 los
223 1542 306 1599 suos,
329 1529 365 1579 ut
384 1520 554 1586 benedicat
570 1535 601 1586 te
617 1525 785 1591 Dominus.

198 1625 239 1688 Ut
249 1647 318 1688 cum
333 1624 523 1712 aedificatur
543 1630 653 1693 domus
675 1654 770 1708 nora,
781 1629 849 1714 fiat
869 1649 975 1691 murus
997 1647 1057 1711 per
1070 1625 1236 1686 cr'rcuitum

579 1773 584 1778 .
660 1715 780 1775 domus.

231 1789 357 1852 XLIII.
399 1795 482 1855 Cum
503 1797 719 1859 aedificaveris
734 1797 862 1858 domurn
881 1816 1015 1871 noram,
1036 1790 1133 1853 facies
1149 1809 1278 1851 murum

144 1873 227 1936 tecti
248 1895 309 1956 per
330 1874 518 1956 circuitum,
541 1902 582 1941 ne
605 1879 787 1941 effundatur
808 1880 935 1961 sanguis
963 1878 996 1937 in
1022 1876 1152 1938 domum
1179 1881 1278 1950 tuam,

147 1967 186 2019 et
204 1955 244 2018 sis
264 1977 338 2016 reus
365 1957 494 2021 labente
514 1962 577 2023 alio
592 1971 624 2022 et
642 1962 675 2021 in
697 1983 848 2044 praeceps
863 1971 989 2026 ruente.

373 2068 429 2127 De
453 2068 548 2127 uinea
573 2069 673 2129 altero
696 2069 811 2128 semine
832 2088 895 2128 nan
915 2063 1059 2131 serenda.
1128 2115 1131 2122 .

233 2165 354 2238 XLIV.
395 2176 467 2236 Non
482 2193 567 2236 seres
577 2174 704 2236 vineam
714 2185 801 2235 tuam
817 2173 917 2234 altero
931 2171 1067 2241 semine3
1091 2191 1132 2231 ne
1148 2188 1280 2252 eaquae

146 2251 262 2317 sevisti
279 2259 311 2311 ct
331 2277 412 2337 qnae
436 2267 664 2319 nascunturex
687 2256 792 2334 vinea,
813 2255 933 2338 pariter
953 2251 1203 2316 sanctificentur.

355 2360 396 2422 Ut
424 2385 487 2424 uon
518 2376 626 2424 aretur
651 2365 685 2422 in
713 2363 791 2424 boue
812 2361 905 2420 simul
933 2373 964 2420 et
988 2360 1086 2425 asina.

237 2443 341 2510 XLV.
382 2445 453 2505 Nou
471 2445 573 2507 arabis
593 2441 627 2505 in
646 2444 729 2507 bore
754 2444 848 2506 simul
869 2454 903 2505 et
922 2441 1019 2504 asina.

150 2555 228 2619 Non
247 2552 440 2614 induendum
457 2555 676 2614 vestimentum
698 2552 786 2635 quod
805 2573 847 2613 eac
860 2552 933 2611 lana
953 2561 984 2611 et
997 2549 1062 2609 lino
1079 2547 1268 2610 contexitur.

238 2658 358 2722 XLVI.
400 2659 471 2722 Nou
495 2660 611 2724 indues
638 2660 865 2726 vestimentum
886 2659 975 2745 quod
998 2679 1038 2720 ex
1060 2657 1135 2718 lana
1160 2665 1192 2719 et
1212 2655 1282 2718 lino

152 2751 344 2808 contextum
366 2751 423 2804 est.

462 2851 511 2909 De
525 2851 633 2932 puella
644 2851 766 2930 uirgine
780 2849 977 2932 desponsata.

235 2928 375 2995 XLVII.
422 2929 456 2992 si
475 2933 547 3012 quis
567 2933 710 3014 puellam
729 2932 888 3013 virginem
905 2927 1156 3012 desponsaverit,
1182 2937 1215 2991 et
1230 2927 1283 2989 in-

153 3014 285 3077 venerit
302 3035 371 3074 eam
387 3013 502 3094 aliquis
522 3015 555 3073 in
575 3014 717 3090 civitate,
737 3024 769 3076 et
788 3014 1001 3075 concubuerit
1020 3034 1093 3074 cum
1114 3034 1162 3090 ea,
1185 3011 1285 3073 addu-

39 3129 46 3134 ·
153 3117 208 3158 cas
227 3107 381 3189 utrosque
401 3097 440 3157 ad
454 3107 577 3178 portam
591 3095 730 3160 civitatis
746 3096 846 3173 itlius,
866 3107 897 3157 et
914 3096 1073 3179 lapidibus
1089 3095 1282 3164 obruentur;

152 3178 276 3324 puellp,
299 3200 374 3272 qma
392 3198 456 3239 non
474 3180 634 3258 clamavit,
655 3201 729 3242 eum
745 3188 827 3240 esset
842 3179 876 3238 iu
896 3179 1044 3250 civitate;
1068 3189 1102 3240 et
1121 3177 1184 3258 vir,
1206 3175 1284 3261 quia

180 3261 246 3322 umi
263 3261 339 3322 iavit
358 3282 436 3327 eam.

365 3370 417 3427 De
439 3367 629 3450 desponsata
650 3369 773 3447 uirgine
794 3370 826 3427 in
851 3387 927 3448 agro
945 3381 1077 3451 reperta.

237 3447 393 3513 XLVIII.
436 3450 470 3510 si
489 3458 595 3511 autem
619 3451 653 3510 in
677 3472 752 3533 agro
778 3449 937 3530 repererit
958 3451 1008 3511 vir
1034 3451 1177 3534 puellam
1200 3470 1283 3533 quae

155 3530 345 3612 desponsata
367 3541 437 3608 est,
465 3541 497 3594 et
517 3532 683 3594 dormierit
707 3555 783 3595 cum
809 3533 884 3610 illa,
907 3532 974 3616 ipse
1001 3535 1159 3597 morietur
1186 3533 1283 3601 solus.

154 3613 270 3677 Puella
288 3612 370 3673 nihil
390 3613 536 3696 patiatur.

214 3717 255 3780 Ut
278 3721 431 3804 eunuclrus
451 3721 567 3781 attritis
590 3721 738 3782 testiculis
762 3721 935 3784 Ecclesiam
956 3723 1019 3782 Dei
1038 3722 1227 3812 uonstintrct.

237 3824 358 3887 XLIX.
400 3827 471 3886 Non
487 3825 621 3885 intrabit
642 3826 821 3905 eunuchus,
844 3826 958 3887 attritis
973 3826 1030 3887 vel=
1043 3829 1209 3908 amputatis
1223 3836 1285 3890 tes-

155 3907 265 3970 ticulis
286 3918 319 3969 et
332 3905 453 3969 absciso
469 3916 608 3985 veretro,
630 3908 806 3992 Ecclesium
826 3909 970 3980 Domini3
996 3929 1056 3971 neo
1082 3909 1285 3993 ingrediatur

155 4012 225 4053 eam
242 4012 383 4072 manzer,
406 3991 468 4052 hoc
492 4001 548 4068 est,
572 3992 611 4052 de
628 4001 730 4052 scorta
746 4001 847 4056 natus.

341 4099 395 4158 De
430 4098 563 4178 pecunia
590 4096 635 4156 ad
658 4119 784 4158 usuram
805 4119 869 4160 non
892 4096 1105 4179 foeneranda.

236 4201 274 4265 L.
303 4203 385 4270 ,Non
408 4201 588 4266 foenerabis
604 4203 694 4264 fratri
713 4213 768 4266 tuo
791 4203 846 4266 ud
867 4227 996 4268 usuram
1011 4204 1201 4290 pecuniam,
1223 4228 1286 4271 nec

156 4283 265 4371 fruges
288 4307 349 4350 nec
368 4286 545 4370 quamlibet
564 4287 658 4348 aliam
676 4308 753 4354 rem.
1034 4325 1036 4337 ·
