<?xml version="1.0" encoding="UTF-8"?>
<!DOCTYPE html PUBLIC "-//W3C//DTD XHTML 1.0 Transitional//EN"
    "http://www.w3.org/TR/xhtml1/DTD/xhtml1-transitional.dtd">
<html xmlns="http://www.w3.org/1999/xhtml" xml:lang="en" lang="en">
 <head>
  <title>
</title>
<meta http-equiv="Content-Type" content="text/html;charset=utf-8" />
  <meta name='ocr-system' content='tesseract 3.04.00' />
  <meta name='ocr-capabilities' content='ocr_page ocr_carea ocr_par ocr_line ocrx_word'/>
</head>
<body>
  <div class='ocr_page' id='page_1' title='image "./corpusiurisgerm04visigoog_0340.png"; bbox 0 0 2926 4986; ppageno 0'>
   <div class='ocr_carea' id='block_1_1' title="bbox 464 325 1214 426">
    <p class='ocr_par' dir='ltr' id='par_1_1' title="bbox 464 325 1214 426">
     <span class='ocr_line' id='line_1_1' title="bbox 464 325 1214 426; baseline 0.003 -34"><span class='ocrx_word' id='word_1_1' title='bbox 464 339 578 394; x_wconf 78' lang='lat' dir='ltr'>ctssn</span> <span class='ocrx_word' id='word_1_2' title='bbox 623 337 842 426; x_wconf 64' lang='lat' dir='ltr'>cernuus„</span> <span class='ocrx_word' id='word_1_3' title='bbox 1141 325 1214 398; x_wconf 80' lang='grc'>739</span> 
     </span>
    </p>
   </div>
   <div class='ocr_carea' id='block_1_2' title="bbox 12 474 1217 727">
    <p class='ocr_par' dir='ltr' id='par_1_2' title="bbox 12 474 1217 727">
     <span class='ocr_line' id='line_1_2' title="bbox 95 474 1216 562; baseline 0.004 -23"><span class='ocrx_word' id='word_1_4' title='bbox 95 489 126 539; x_wconf 89' lang='lat' dir='ltr'>et</span> <span class='ocrx_word' id='word_1_5' title='bbox 144 477 322 558; x_wconf 79' lang='lat' dir='ltr'>Principes,</span> <span class='ocrx_word' id='word_1_6' title='bbox 340 477 397 562; x_wconf 85' lang='lat' dir='ltr'>qui</span> <span class='ocrx_word' id='word_1_7' title='bbox 413 477 452 538; x_wconf 89' lang='lat' dir='ltr'>ab</span> <span class='ocrx_word' id='word_1_8' title='bbox 471 474 569 560; x_wconf 89' lang='lat' dir='ltr'>impio</span> <span class='ocrx_word' id='word_1_9' title='bbox 587 478 730 560; x_wconf 84' lang='lat' dir='ltr'>accipitis</span> <span class='ocrx_word' id='word_1_10' title='bbox 746 497 890 554; x_wconf 78' lang='lat' dir='ltr'>munere,</span> <span class='ocrx_word' id='word_1_11' title='bbox 915 487 947 537; x_wconf 86' lang='lat' dir='ltr'>et</span> <span class='ocrx_word' id='word_1_12' title='bbox 967 477 1119 546; x_wconf 82' lang='lat' dir='ltr'>iustitiam</span> <span class='ocrx_word' id='word_1_13' title='bbox 1140 481 1216 543; x_wconf 90' lang='lat' dir='ltr'>iusti</span> 
     </span>
     <span class='ocr_line' id='line_1_3' title="bbox 12 559 1217 642; baseline 0.002 -22"><span class='ocrx_word' id='word_1_14' title='bbox 12 629 13 634; x_wconf 7' lang='grc' dir='ltr'>ἵ</span> <span class='ocrx_word' id='word_1_15' title='bbox 93 561 224 622; x_wconf 79' lang='lat' dir='ltr'>aufertis</span> <span class='ocrx_word' id='word_1_16' title='bbox 242 561 281 619; x_wconf 89' lang='lat' dir='ltr'>ab</span> <span class='ocrx_word' id='word_1_17' title='bbox 306 582 354 625; x_wconf 89' lang='lat' dir='ltr'>eo.</span> <span class='ocrx_word' id='word_1_18' title='bbox 395 561 436 621; x_wconf 90' lang='lat' dir='ltr'>Et</span> <span class='ocrx_word' id='word_1_19' title='bbox 454 561 711 621; x_wconf 83' lang='lat' dir='ltr'>rememoramini</span> <span class='ocrx_word' id='word_1_20' title='bbox 730 561 819 642; x_wconf 88' lang='lat' dir='ltr'>quod</span> <span class='ocrx_word' id='word_1_21' title='bbox 836 559 969 620; x_wconf 88' lang='lat' dir='ltr'>dicitur:</span> <span class='ocrx_word' id='word_1_22' title='bbox 991 563 1113 622; x_wconf 79' lang='lat' dir='ltr'><em>Reddet</em></span> <span class='ocrx_word' id='word_1_23' title='bbox 1130 565 1217 624; x_wconf 83' lang='lat' dir='ltr'>Dens</span> 
     </span>
     <span class='ocr_line' id='line_1_4' title="bbox 93 641 1216 727; baseline 0.003 -25"><span class='ocrx_word' id='word_1_24' title='bbox 93 644 263 724; x_wconf 85' lang='lat' dir='ltr'>unicuique¹</span> <span class='ocrx_word' id='word_1_25' title='bbox 279 643 449 702; x_wconf 86' lang='lat' dir='ltr'>secundum</span> <span class='ocrx_word' id='word_1_26' title='bbox 463 653 560 727; x_wconf 80' lang='lat' dir='ltr'>opera</span> <span class='ocrx_word' id='word_1_27' title='bbox 586 658 653 720; x_wconf 80' lang='lat' dir='ltr'>suu,</span> <span class='ocrx_word' id='word_1_28' title='bbox 674 643 728 702; x_wconf 84' lang='lat' dir='ltr'>vel</span> <span class='ocrx_word' id='word_1_29' title='bbox 747 641 916 702; x_wconf 84' lang='lat' dir='ltr'>secundum</span> <span class='ocrx_word' id='word_1_30' title='bbox 944 645 1096 707; x_wconf 81' lang='lat' dir='ltr'>iustitium</span> <span class='ocrx_word' id='word_1_31' title='bbox 1120 663 1216 713; x_wconf 85' lang='lat' dir='ltr'>suum.</span> 
     </span>
    </p>
   </div>
   <div class='ocr_carea' id='block_1_3' title="bbox 138 739 1192 908">
    <p class='ocr_par' dir='ltr' id='par_1_3' title="bbox 138 739 1192 908">
     <span class='ocr_line' id='line_1_5' title="bbox 138 739 1192 830; baseline 0.003 -22"><span class='ocrx_word' id='word_1_32' title='bbox 138 746 178 809; x_wconf 89' lang='lat' dir='ltr'>Ut</span> <span class='ocrx_word' id='word_1_33' title='bbox 199 760 302 824; x_wconf 84' lang='lat' dir='ltr'>testes,</span> <span class='ocrx_word' id='word_1_34' title='bbox 320 748 505 830; x_wconf 82' lang='lat' dir='ltr'>prinsquam</span> <span class='ocrx_word' id='word_1_35' title='bbox 527 745 566 806; x_wconf 84' lang='lat' dir='ltr'>de</span> <span class='ocrx_word' id='word_1_36' title='bbox 588 768 681 806; x_wconf 76' lang='lat' dir='ltr'>cause</span> <span class='ocrx_word' id='word_1_37' title='bbox 703 739 961 824; x_wconf 80' lang='lat' dir='ltr'>interrrogentur,</span> <span class='ocrx_word' id='word_1_38' title='bbox 984 757 1192 811; x_wconf 74' lang='lat' dir='ltr'>sacramento</span> 
     </span>
     <span class='ocr_line' id='line_1_6' title="bbox 236 829 977 908; baseline -0.013 -15"><span class='ocrx_word' id='word_1_39' title='bbox 236 843 240 852; x_wconf 77' lang='grc'>’</span> <span class='ocrx_word' id='word_1_40' title='bbox 524 829 787 908; x_wconf 77' lang='lat' dir='ltr'>constringantur.</span> <span class='ocrx_word' id='word_1_41' title='bbox 972 845 977 854; x_wconf 79' lang='grc'><strong><em>’</em></strong></span> 
     </span>
    </p>
   </div>
   <div class='ocr_carea' id='block_1_4' title="bbox 12 929 1222 1418">
    <p class='ocr_par' dir='ltr' id='par_1_4' title="bbox 12 929 1222 1418">
     <span class='ocr_line' id='line_1_7' title="bbox 176 929 1218 1016; baseline 0.002 -22"><span class='ocrx_word' id='word_1_42' title='bbox 176 929 413 994; x_wconf 80' lang='lat' dir='ltr'><strong>CCLXXXHI.</strong></span> <span class='ocrx_word' id='word_1_43' title='bbox 456 931 577 1010; x_wconf 83' lang='lat' dir='ltr'>Testes,</span> <span class='ocrx_word' id='word_1_44' title='bbox 591 931 777 1014; x_wconf 77' lang='lat' dir='ltr'>priusquam</span> <span class='ocrx_word' id='word_1_45' title='bbox 797 931 836 992; x_wconf 87' lang='lat' dir='ltr'>de</span> <span class='ocrx_word' id='word_1_46' title='bbox 854 952 947 990; x_wconf 85' lang='lat' dir='ltr'>causa</span> <span class='ocrx_word' id='word_1_47' title='bbox 965 931 1218 1016; x_wconf 78' lang='lat' dir='ltr'>interrogentur,</span> 
     </span>
     <span class='ocr_line' id='line_1_8' title="bbox 12 1011 1219 1098; baseline -0.007 -21"><span class='ocrx_word' id='word_1_48' title='bbox 12 1045 13 1052; x_wconf 48' lang='lat'>¹</span> <span class='ocrx_word' id='word_1_49' title='bbox 92 1022 289 1077; x_wconf 85' lang='lat' dir='ltr'>sacramento</span> <span class='ocrx_word' id='word_1_50' title='bbox 305 1013 421 1082; x_wconf 86' lang='lat' dir='ltr'>debere</span> <span class='ocrx_word' id='word_1_51' title='bbox 443 1015 629 1098; x_wconf 76' lang='lat' dir='ltr'>constringi,</span> <span class='ocrx_word' id='word_1_52' title='bbox 651 1023 686 1072; x_wconf 88' lang='lat' dir='ltr'>ut</span> <span class='ocrx_word' id='word_1_53' title='bbox 701 1013 809 1072; x_wconf 87' lang='lat' dir='ltr'>iurent</span> <span class='ocrx_word' id='word_1_54' title='bbox 822 1034 854 1073; x_wconf 89' lang='lat' dir='ltr'>se</span> <span class='ocrx_word' id='word_1_55' title='bbox 874 1011 955 1071; x_wconf 91' lang='lat' dir='ltr'>nibil</span> <span class='ocrx_word' id='word_1_56' title='bbox 977 1025 1088 1084; x_wconf 79' lang='lat' dir='ltr'>eontra</span> <span class='ocrx_word' id='word_1_57' title='bbox 1106 1019 1219 1077; x_wconf 87' lang='lat' dir='ltr'>verita.</span> 
     </span>
     <span class='ocr_line' id='line_1_9' title="bbox 91 1093 1222 1180; baseline 0 -22"><span class='ocrx_word' id='word_1_58' title='bbox 91 1109 157 1158; x_wconf 84' lang='lat' dir='ltr'>tem</span> <span class='ocrx_word' id='word_1_59' title='bbox 176 1096 327 1156; x_wconf 88' lang='lat' dir='ltr'>dicturos.</span> <span class='ocrx_word' id='word_1_60' title='bbox 380 1098 464 1158; x_wconf 89' lang='lat' dir='ltr'>Haec</span> <span class='ocrx_word' id='word_1_61' title='bbox 499 1097 593 1158; x_wconf 85' lang='lat' dir='ltr'>etiam</span> <span class='ocrx_word' id='word_1_62' title='bbox 617 1095 780 1174; x_wconf 83' lang='lat' dir='ltr'>iubemus,</span> <span class='ocrx_word' id='word_1_63' title='bbox 803 1105 840 1154; x_wconf 88' lang='lat' dir='ltr'>nt</span> <span class='ocrx_word' id='word_1_64' title='bbox 861 1093 1097 1158; x_wconf 84' lang='lat' dir='ltr'>honestioribus</span> <span class='ocrx_word' id='word_1_65' title='bbox 1120 1100 1222 1180; x_wconf 79' lang='lat' dir='ltr'>magis</span> 
     </span>
     <span class='ocr_line' id='line_1_10' title="bbox 92 1177 1220 1260; baseline 0.004 -22"><span class='ocrx_word' id='word_1_66' title='bbox 92 1201 188 1260; x_wconf 85' lang='lat' dir='ltr'>quam</span> <span class='ocrx_word' id='word_1_67' title='bbox 203 1177 370 1239; x_wconf 88' lang='lat' dir='ltr'>vilioribus</span> <span class='ocrx_word' id='word_1_68' title='bbox 392 1179 522 1240; x_wconf 90' lang='lat' dir='ltr'>testibus</span> <span class='ocrx_word' id='word_1_69' title='bbox 542 1179 620 1238; x_wconf 85' lang='lat' dir='ltr'>fides</span> <span class='ocrx_word' id='word_1_70' title='bbox 642 1177 749 1258; x_wconf 87' lang='lat' dir='ltr'>potius</span> <span class='ocrx_word' id='word_1_71' title='bbox 765 1177 957 1237; x_wconf 81' lang='lat' dir='ltr'>admittatur.</span> <span class='ocrx_word' id='word_1_72' title='bbox 996 1180 1098 1240; x_wconf 88' lang='lat' dir='ltr'>Unius</span> <span class='ocrx_word' id='word_1_73' title='bbox 1114 1191 1220 1244; x_wconf 87' lang='lat' dir='ltr'>autem</span> 
     </span>
     <span class='ocr_line' id='line_1_11' title="bbox 90 1258 1220 1346; baseline -0.004 -26"><span class='ocrx_word' id='word_1_74' title='bbox 90 1260 321 1334; x_wconf 84' lang='lat' dir='ltr'>testimonium,</span> <span class='ocrx_word' id='word_1_75' title='bbox 341 1261 516 1342; x_wconf 87' lang='lat' dir='ltr'>quamlibet</span> <span class='ocrx_word' id='word_1_76' title='bbox 529 1259 699 1342; x_wconf 88' lang='lat' dir='ltr'>splendida</span> <span class='ocrx_word' id='word_1_77' title='bbox 716 1268 749 1320; x_wconf 89' lang='lat' dir='ltr'>et</span> <span class='ocrx_word' id='word_1_78' title='bbox 763 1259 878 1320; x_wconf 83' lang='lat' dir='ltr'>idonee</span> <span class='ocrx_word' id='word_1_79' title='bbox 900 1258 1046 1323; x_wconf 86' lang='lat' dir='ltr'>videatur</span> <span class='ocrx_word' id='word_1_80' title='bbox 1063 1283 1130 1326; x_wconf 84' lang='lat' dir='ltr'>esse</span> <span class='ocrx_word' id='word_1_81' title='bbox 1148 1281 1220 1346; x_wconf 79' lang='lat' dir='ltr'>per.</span> 
     </span>
     <span class='ocr_line' id='line_1_12' title="bbox 92 1343 608 1418; baseline -0.012 -12"><span class='ocrx_word' id='word_1_82' title='bbox 92 1364 180 1418; x_wconf 81' lang='lat' dir='ltr'>sona,</span> <span class='ocrx_word' id='word_1_83' title='bbox 198 1343 387 1404; x_wconf 83' lang='lat' dir='ltr'>nullatenus</span> <span class='ocrx_word' id='word_1_84' title='bbox 403 1343 608 1404; x_wconf 86' lang='lat' dir='ltr'>audiendum.</span> 
     </span>
    </p>
   </div>
   <div class='ocr_carea' id='block_1_5' title="bbox 95 1437 1218 1604">
    <p class='ocr_par' dir='ltr' id='par_1_5' title="bbox 95 1437 1218 1604">
     <span class='ocr_line' id='line_1_13' title="bbox 95 1437 1218 1532; baseline 0.005 -23"><span class='ocrx_word' id='word_1_85' title='bbox 95 1447 138 1509; x_wconf 86' lang='lat' dir='ltr'>Ut</span> <span class='ocrx_word' id='word_1_86' title='bbox 161 1447 335 1532; x_wconf 81' lang='lat' dir='ltr'>Episcopos</span> <span class='ocrx_word' id='word_1_87' title='bbox 358 1449 405 1508; x_wconf 87' lang='lat' dir='ltr'>vel</span> <span class='ocrx_word' id='word_1_88' title='bbox 425 1437 635 1520; x_wconf 84' lang='lat' dir='ltr'>Sacerdotes,</span> <span class='ocrx_word' id='word_1_89' title='bbox 656 1459 713 1524; x_wconf 76' lang='grc' dir='ltr'>ιιιιιι</span> <span class='ocrx_word' id='word_1_90' title='bbox 736 1447 892 1520; x_wconf 82' lang='lat' dir='ltr'>Clericus,</span> <span class='ocrx_word' id='word_1_91' title='bbox 915 1449 949 1508; x_wconf 89' lang='lat' dir='ltr'>in</span> <span class='ocrx_word' id='word_1_92' title='bbox 976 1448 1102 1511; x_wconf 82' lang='lat' dir='ltr'>indiciis</span> <span class='ocrx_word' id='word_1_93' title='bbox 1128 1472 1218 1514; x_wconf 84' lang='lat' dir='ltr'>secu·</span> 
     </span>
     <span class='ocr_line' id='line_1_14' title="bbox 456 1531 1196 1604; baseline 0.001 -16"><span class='ocrx_word' id='word_1_94' title='bbox 456 1532 576 1592; x_wconf 80' lang='lat' dir='ltr'>laribus</span> <span class='ocrx_word' id='word_1_95' title='bbox 604 1531 708 1591; x_wconf 86' lang='lat' dir='ltr'>nullus</span> <span class='ocrx_word' id='word_1_96' title='bbox 730 1543 860 1589; x_wconf 84' lang='lat' dir='ltr'>accuset.</span> <span class='ocrx_word' id='word_1_97' title='bbox 943 1597 945 1604; x_wconf 14' lang='grc' dir='ltr'><em>Α</em></span> <span class='ocrx_word' id='word_1_98' title='bbox 1193 1547 1196 1550; x_wconf 85' lang='grc'><em>·</em></span> 
     </span>
    </p>
   </div>
   <div class='ocr_carea' id='block_1_6' title="bbox 91 1633 1222 2191">
    <p class='ocr_par' dir='ltr' id='par_1_6' title="bbox 91 1633 1222 2191">
     <span class='ocr_line' id='line_1_15' title="bbox 173 1633 1218 1718; baseline 0.006 -22"><span class='ocrx_word' id='word_1_99' title='bbox 173 1633 410 1700; x_wconf 78' lang='lat' dir='ltr'>CCLXXXlV.</span> <span class='ocrx_word' id='word_1_100' title='bbox 452 1635 708 1696; x_wconf 86' lang='lat' dir='ltr'>Mansuetudinis</span> <span class='ocrx_word' id='word_1_101' title='bbox 722 1645 846 1696; x_wconf 85' lang='lat' dir='ltr'>nostrae</span> <span class='ocrx_word' id='word_1_102' title='bbox 866 1635 936 1716; x_wconf 79' lang='lat' dir='ltr'>lege</span> <span class='ocrx_word' id='word_1_103' title='bbox 957 1633 1162 1718; x_wconf 80' lang='lat' dir='ltr'>probibemus</span> <span class='ocrx_word' id='word_1_104' title='bbox 1184 1639 1218 1702; x_wconf 88' lang='lat' dir='ltr'>in</span> 
     </span>
     <span class='ocr_line' id='line_1_16' title="bbox 91 1715 1220 1801; baseline 0.005 -26"><span class='ocrx_word' id='word_1_105' title='bbox 91 1715 222 1778; x_wconf 89' lang='lat' dir='ltr'>iudiciis</span> <span class='ocrx_word' id='word_1_106' title='bbox 243 1718 417 1799; x_wconf 89' lang='lat' dir='ltr'>Episcopus</span> <span class='ocrx_word' id='word_1_107' title='bbox 434 1718 654 1787; x_wconf 77' lang='lat' dir='ltr'>accusari;&#39;ne</span> <span class='ocrx_word' id='word_1_108' title='bbox 674 1718 913 1778; x_wconf 87' lang='lat' dir='ltr'>dumadfutura</span> <span class='ocrx_word' id='word_1_109' title='bbox 945 1719 1086 1801; x_wconf 78' lang='lat' dir='ltr'>ipsorum</span> <span class='ocrx_word' id='word_1_110' title='bbox 1116 1720 1220 1781; x_wconf 89' lang='lat' dir='ltr'>hene-</span> 
     </span>
     <span class='ocr_line' id='line_1_17' title="bbox 96 1798 1222 1880; baseline 0.007 -24"><span class='ocrx_word' id='word_1_111' title='bbox 96 1799 170 1858; x_wconf 88' lang='lat' dir='ltr'>ficio</span> <span class='ocrx_word' id='word_1_112' title='bbox 191 1799 362 1879; x_wconf 81' lang='lat' dir='ltr'>impunitas</span> <span class='ocrx_word' id='word_1_113' title='bbox 377 1801 573 1876; x_wconf 86' lang='lat' dir='ltr'>aestimatur,</span> <span class='ocrx_word' id='word_1_114' title='bbox 592 1798 694 1859; x_wconf 89' lang='lat' dir='ltr'>libera</span> <span class='ocrx_word' id='word_1_115' title='bbox 714 1800 754 1860; x_wconf 92' lang='lat' dir='ltr'>sit</span> <span class='ocrx_word' id='word_1_116' title='bbox 774 1799 811 1858; x_wconf 88' lang='lat' dir='ltr'>ad</span> <span class='ocrx_word' id='word_1_117' title='bbox 827 1801 1005 1880; x_wconf 77' lang='lat' dir='ltr'>arguendos</span> <span class='ocrx_word' id='word_1_118' title='bbox 1028 1823 1081 1861; x_wconf 87' lang='lat' dir='ltr'>eos</span> <span class='ocrx_word' id='word_1_119' title='bbox 1105 1801 1222 1864; x_wconf 84' lang='lat' dir='ltr'>animis</span> 
     </span>
     <span class='ocr_line' id='line_1_18' title="bbox 92 1881 1221 1965; baseline 0.004 -26"><span class='ocrx_word' id='word_1_120' title='bbox 92 1881 264 1942; x_wconf 64' lang='lat' dir='ltr'>initialibus</span> <span class='ocrx_word' id='word_1_121' title='bbox 277 1881 379 1964; x_wconf 87' lang='lat' dir='ltr'>copia.</span> <span class='ocrx_word' id='word_1_122' title='bbox 422 1883 455 1942; x_wconf 92' lang='lat' dir='ltr'>Si</span> <span class='ocrx_word' id='word_1_123' title='bbox 474 1881 615 1962; x_wconf 89' lang='lat' dir='ltr'>quidest</span> <span class='ocrx_word' id='word_1_124' title='bbox 636 1881 733 1962; x_wconf 78' lang='lat' dir='ltr'>igitur</span> <span class='ocrx_word' id='word_1_125' title='bbox 750 1883 972 1963; x_wconf 86' lang='lat' dir='ltr'>quaerelarum</span> <span class='ocrx_word' id='word_1_126' title='bbox 989 1883 1076 1962; x_wconf 90' lang='lat' dir='ltr'>quod</span> <span class='ocrx_word' id='word_1_127' title='bbox 1095 1884 1221 1965; x_wconf 56' lang='lat' dir='ltr'>quispii</span> 
     </span>
     <span class='ocr_line' id='line_1_19' title="bbox 93 1962 1220 2045; baseline 0.004 -24"><span class='ocrx_word' id='word_1_128' title='bbox 93 1985 144 2023; x_wconf 81' lang='lat' dir='ltr'>nm</span> <span class='ocrx_word' id='word_1_129' title='bbox 167 1963 282 2038; x_wconf 82' lang='lat' dir='ltr'>defert,</span> <span class='ocrx_word' id='word_1_130' title='bbox 305 1963 389 2044; x_wconf 85' lang='lat' dir='ltr'>apud</span> <span class='ocrx_word' id='word_1_131' title='bbox 406 1963 484 2024; x_wconf 85' lang='lat' dir='ltr'>alios</span> <span class='ocrx_word' id='word_1_132' title='bbox 504 1962 703 2044; x_wconf 86' lang='lat' dir='ltr'>potissimum</span> <span class='ocrx_word' id='word_1_133' title='bbox 726 1963 906 2044; x_wconf 87' lang='lat' dir='ltr'>Episcopos·</span> <span class='ocrx_word' id='word_1_134' title='bbox 930 1965 1083 2025; x_wconf 83' lang='lat' dir='ltr'>convenit</span> <span class='ocrx_word' id='word_1_135' title='bbox 1107 1968 1220 2045; x_wconf 75' lang='lat' dir='ltr'>espla-</span> 
     </span>
     <span class='ocr_line' id='line_1_20' title="bbox 92 2044 1218 2129; baseline 0.005 -26"><span class='ocrx_word' id='word_1_136' title='bbox 92 2044 174 2119; x_wconf 89' lang='lat' dir='ltr'>nari‚</span> <span class='ocrx_word' id='word_1_137' title='bbox 193 2053 229 2114; x_wconf 82' lang='lat' dir='ltr'>ut</span> <span class='ocrx_word' id='word_1_138' title='bbox 249 2055 429 2126; x_wconf 84' lang='lat' dir='ltr'>opportune</span> <span class='ocrx_word' id='word_1_139' title='bbox 455 2055 551 2125; x_wconf 84' lang='lat' dir='ltr'>atque</span> <span class='ocrx_word' id='word_1_140' title='bbox 576 2045 740 2108; x_wconf 86' lang='lat' dir='ltr'>commoda</span> <span class='ocrx_word' id='word_1_141' title='bbox 763 2053 952 2106; x_wconf 86' lang='lat' dir='ltr'>cunctorum</span> <span class='ocrx_word' id='word_1_142' title='bbox 977 2046 1218 2129; x_wconf 74' lang='lat' dir='ltr'>quaestionibus</span> 
     </span>
     <span class='ocr_line' id='line_1_21' title="bbox 91 2125 952 2191; baseline 0.003 -6"><span class='ocrx_word' id='word_1_143' title='bbox 91 2125 258 2186; x_wconf 82' lang='lat' dir='ltr'>audientia</span> <span class='ocrx_word' id='word_1_144' title='bbox 271 2128 500 2191; x_wconf 86' lang='lat' dir='ltr'>commodetur.</span> <span class='ocrx_word' id='word_1_145' title='bbox 706 2143 708 2146; x_wconf 79' lang='grc'>’</span> <span class='ocrx_word' id='word_1_146' title='bbox 951 2167 952 2170; x_wconf 60' lang='lat'><em>=</em></span> 
     </span>
    </p>
   </div>
   <div class='ocr_carea' id='block_1_7' title="bbox 147 2227 1161 2316">
    <p class='ocr_par' dir='ltr' id='par_1_7' title="bbox 147 2227 1161 2316">
     <span class='ocr_line' id='line_1_22' title="bbox 147 2227 1161 2316; baseline -0.002 -24"><span class='ocrx_word' id='word_1_147' title='bbox 147 2235 197 2292; x_wconf 89' lang='lat' dir='ltr'>De</span> <span class='ocrx_word' id='word_1_148' title='bbox 215 2233 389 2316; x_wconf 83' lang='lat' dir='ltr'>privilegiis</span> <span class='ocrx_word' id='word_1_149' title='bbox 410 2231 624 2292; x_wconf 83' lang='lat' dir='ltr'>Ecclesiarnm</span> <span class='ocrx_word' id='word_1_150' title='bbox 645 2243 675 2290; x_wconf 86' lang='lat' dir='ltr'>et</span> <span class='ocrx_word' id='word_1_151' title='bbox 697 2227 888 2290; x_wconf 88' lang='lat' dir='ltr'>Clericorum</span> <span class='ocrx_word' id='word_1_152' title='bbox 904 2251 967 2292; x_wconf 91' lang='lat' dir='ltr'>non</span> <span class='ocrx_word' id='word_1_153' title='bbox 989 2230 1161 2298; x_wconf 84' lang='lat' dir='ltr'>violandis,</span> 
     </span>
    </p>
   </div>
   <div class='ocr_carea' id='block_1_8' title="bbox 88 2333 1219 2666">
    <p class='ocr_par' dir='ltr' id='par_1_8' title="bbox 88 2333 1219 2666">
     <span class='ocr_line' id='line_1_23' title="bbox 178 2333 1219 2418; baseline 0.001 -20"><span class='ocrx_word' id='word_1_154' title='bbox 178 2335 391 2398; x_wconf 76' lang='lat' dir='ltr'>CCLXXXV.</span> <span class='ocrx_word' id='word_1_155' title='bbox 438 2334 613 2418; x_wconf 80' lang='lat' dir='ltr'>Privilegia</span> <span class='ocrx_word' id='word_1_156' title='bbox 635 2357 716 2418; x_wconf 85' lang='lat' dir='ltr'>quae</span> <span class='ocrx_word' id='word_1_157' title='bbox 749 2333 826 2394; x_wconf 90' lang='lat' dir='ltr'>olim</span> <span class='ocrx_word' id='word_1_158' title='bbox 847 2335 1027 2396; x_wconf 63' lang='lat' dir='ltr'>reverentia</span> <span class='ocrx_word' id='word_1_159' title='bbox 1050 2337 1219 2418; x_wconf 79' lang='lat' dir='ltr'>religionis</span> 
     </span>
     <span class='ocr_line' id='line_1_24' title="bbox 93 2415 1218 2500; baseline 0 -20"><span class='ocrx_word' id='word_1_160' title='bbox 93 2417 245 2494; x_wconf 83' lang='lat' dir='ltr'>obtinuit,</span> <span class='ocrx_word' id='word_1_161' title='bbox 260 2415 401 2478; x_wconf 85' lang='lat' dir='ltr'>mutilari</span> <span class='ocrx_word' id='word_1_162' title='bbox 415 2419 473 2480; x_wconf 88' lang='lat' dir='ltr'>sub</span> <span class='ocrx_word' id='word_1_163' title='bbox 484 2435 606 2500; x_wconf 90' lang='lat' dir='ltr'>poenae</span> <span class='ocrx_word' id='word_1_164' title='bbox 621 2419 715 2478; x_wconf 83' lang='lat' dir='ltr'>etiam</span> <span class='ocrx_word' id='word_1_165' title='bbox 730 2415 990 2476; x_wconf 83' lang='lat' dir='ltr'>interminatione</span> <span class='ocrx_word' id='word_1_166' title='bbox 1001 2417 1218 2498; x_wconf 76' lang='lat' dir='ltr'>prolsibemus;</span> 
     </span>
     <span class='ocr_line' id='line_1_25' title="bbox 88 2498 1216 2582; baseline 0.003 -22"><span class='ocrx_word' id='word_1_167' title='bbox 88 2501 133 2561; x_wconf 89' lang='lat' dir='ltr'>ita</span> <span class='ocrx_word' id='word_1_168' title='bbox 156 2511 192 2562; x_wconf 92' lang='lat' dir='ltr'>ut</span> <span class='ocrx_word' id='word_1_169' title='bbox 214 2499 391 2582; x_wconf 88' lang='lat' dir='ltr'>hiquoque</span> <span class='ocrx_word' id='word_1_170' title='bbox 413 2501 469 2582; x_wconf 88' lang='lat' dir='ltr'>qui</span> <span class='ocrx_word' id='word_1_171' title='bbox 488 2500 652 2562; x_wconf 82' lang='lat' dir='ltr'>Ecclesiae</span> <span class='ocrx_word' id='word_1_172' title='bbox 684 2500 915 2580; x_wconf 88' lang='lat' dir='ltr'>obtemperant,</span> <span class='ocrx_word' id='word_1_173' title='bbox 938 2498 988 2561; x_wconf 92' lang='lat' dir='ltr'>his</span> <span class='ocrx_word' id='word_1_174' title='bbox 1012 2499 1128 2580; x_wconf 87' lang='lat' dir='ltr'>quibus</span> <span class='ocrx_word' id='word_1_175' title='bbox 1151 2502 1216 2562; x_wconf 87' lang='lat' dir='ltr'>Ec·</span> 
     </span>
     <span class='ocr_line' id='line_1_26' title="bbox 88 2580 788 2666; baseline -0.009 -21"><span class='ocrx_word' id='word_1_176' title='bbox 88 2583 188 2645; x_wconf 87' lang='lat' dir='ltr'>elesia</span> <span class='ocrx_word' id='word_1_177' title='bbox 202 2583 369 2644; x_wconf 87' lang='lat' dir='ltr'>beneficiis</span> <span class='ocrx_word' id='word_1_178' title='bbox 387 2585 604 2666; x_wconf 86' lang='lat' dir='ltr'>perfruantur.</span> <span class='ocrx_word' id='word_1_179' title='bbox 648 2580 705 2648; x_wconf 82' lang='lat' dir='ltr'>VJ.</span> <span class='ocrx_word' id='word_1_180' title='bbox 720 2581 788 2642; x_wconf 77' lang='lat'><strong>368.</strong></span> 
     </span>
    </p>
   </div>
   <div class='ocr_carea' id='block_1_9' title="bbox 90 2683 1216 2854">
    <p class='ocr_par' dir='ltr' id='par_1_9' title="bbox 90 2683 1216 2854">
     <span class='ocr_line' id='line_1_27' title="bbox 90 2683 1216 2772; baseline -0.003 -19"><span class='ocrx_word' id='word_1_181' title='bbox 90 2693 134 2753; x_wconf 88' lang='lat' dir='ltr'>Ut</span> <span class='ocrx_word' id='word_1_182' title='bbox 156 2691 313 2772; x_wconf 79' lang='lat' dir='ltr'>mancipia</span> <span class='ocrx_word' id='word_1_183' title='bbox 332 2709 410 2772; x_wconf 79' lang='lat' dir='ltr'>qnae</span> <span class='ocrx_word' id='word_1_184' title='bbox 434 2688 544 2750; x_wconf 79' lang='lat' dir='ltr'>Iudaei</span> <span class='ocrx_word' id='word_1_185' title='bbox 564 2690 695 2750; x_wconf 84' lang='lat' dir='ltr'>emerint</span> <span class='ocrx_word' id='word_1_186' title='bbox 716 2697 770 2744; x_wconf 85' lang='lat' dir='ltr'>ant</span> <span class='ocrx_word' id='word_1_187' title='bbox 792 2683 1063 2764; x_wconf 80' lang='lat' dir='ltr'>circumciderint,</span> <span class='ocrx_word' id='word_1_188' title='bbox 1092 2687 1130 2750; x_wconf 82' lang='lat' dir='ltr'>ab</span> <span class='ocrx_word' id='word_1_189' title='bbox 1161 2708 1216 2750; x_wconf 87' lang='lat' dir='ltr'>eo·</span> 
     </span>
     <span class='ocr_line' id='line_1_28' title="bbox 422 2766 875 2854; baseline -0.011 -23"><span class='ocrx_word' id='word_1_190' title='bbox 422 2793 490 2831; x_wconf 85' lang='lat' dir='ltr'>rum</span> <span class='ocrx_word' id='word_1_191' title='bbox 508 2783 661 2854; x_wconf 81' lang='lat' dir='ltr'>potestate</span> <span class='ocrx_word' id='word_1_192' title='bbox 683 2766 875 2848; x_wconf 79' lang='lat' dir='ltr'>auferantur.</span> 
     </span>
    </p>
   </div>
   <div class='ocr_carea' id='block_1_10' title="bbox 85 2870 1215 3122">
    <p class='ocr_par' dir='ltr' id='par_1_10' title="bbox 85 2870 1215 3122">
     <span class='ocr_line' id='line_1_29' title="bbox 173 2870 1214 2956; baseline -0.003 -18"><span class='ocrx_word' id='word_1_193' title='bbox 173 2875 406 2942; x_wconf 75' lang='lat' dir='ltr'>cctxxxvt.</span> <span class='ocrx_word' id='word_1_194' title='bbox 449 2876 483 2936; x_wconf 91' lang='lat' dir='ltr'>Si</span> <span class='ocrx_word' id='word_1_195' title='bbox 499 2875 571 2956; x_wconf 89' lang='lat' dir='ltr'>quis</span> <span class='ocrx_word' id='word_1_196' title='bbox 585 2870 1008 2956; x_wconf 79' lang='lat' dir='ltr'>ludaeorumChristianum¹</span> <span class='ocrx_word' id='word_1_197' title='bbox 1019 2893 1152 2934; x_wconf 83' lang='lat' dir='ltr'>servum.</span> <span class='ocrx_word' id='word_1_198' title='bbox 1162 2877 1214 2939; x_wconf 83' lang='lat' dir='ltr'>rel</span> 
     </span>
     <span class='ocr_line' id='line_1_30' title="bbox 85 2953 1215 3042; baseline -0.012 -19"><span class='ocrx_word' id='word_1_199' title='bbox 85 2960 263 3023; x_wconf 89' lang='lat' dir='ltr'>cuiuslibet</span> <span class='ocrx_word' id='word_1_200' title='bbox 277 2959 409 3018; x_wconf 88' lang='lat' dir='ltr'>alterius</span> <span class='ocrx_word' id='word_1_201' title='bbox 428 2967 531 3018; x_wconf 89' lang='lat' dir='ltr'>sectae</span> <span class='ocrx_word' id='word_1_202' title='bbox 549 2957 661 3016; x_wconf 90' lang='lat' dir='ltr'>emerit</span> <span class='ocrx_word' id='word_1_203' title='bbox 681 2965 712 3016; x_wconf 88' lang='lat' dir='ltr'>et</span> <span class='ocrx_word' id='word_1_204' title='bbox 730 2953 979 3031; x_wconf 85' lang='lat' dir='ltr'>circumciderit,</span> <span class='ocrx_word' id='word_1_205' title='bbox 1000 2954 1144 3016; x_wconf 61' lang='lat' dir='ltr'>&amp;ludaei</span> <span class='ocrx_word' id='word_1_206' title='bbox 1163 2957 1215 3042; x_wconf 83' lang='lat' dir='ltr'>ip.</span> 
     </span>
     <span class='ocr_line' id='line_1_31' title="bbox 85 3039 918 3122; baseline -0.013 -19"><span class='ocrx_word' id='word_1_207' title='bbox 85 3046 155 3106; x_wconf 86' lang='lat' dir='ltr'>sius</span> <span class='ocrx_word' id='word_1_208' title='bbox 171 3049 324 3122; x_wconf 85' lang='lat' dir='ltr'>potestate</span> <span class='ocrx_word' id='word_1_209' title='bbox 346 3041 488 3101; x_wconf 85' lang='lat' dir='ltr'>sublatus</span> <span class='ocrx_word' id='word_1_210' title='bbox 510 3039 542 3096; x_wconf 89' lang='lat' dir='ltr'>in</span> <span class='ocrx_word' id='word_1_211' title='bbox 561 3039 707 3120; x_wconf 83' lang='lat' dir='ltr'>libertate</span> <span class='ocrx_word' id='word_1_212' title='bbox 727 3043 918 3118; x_wconf 84' lang='lat' dir='ltr'>permaneat,</span> 
     </span>
    </p>
   </div>
   <div class='ocr_carea' id='block_1_11' title="bbox 85 3141 1214 3310">
    <p class='ocr_par' dir='ltr' id='par_1_11' title="bbox 85 3141 1214 3310">
     <span class='ocr_line' id='line_1_32' title="bbox 85 3141 1214 3230; baseline -0.004 -20"><span class='ocrx_word' id='word_1_213' title='bbox 85 3152 137 3210; x_wconf 89' lang='lat' dir='ltr'>De</span> <span class='ocrx_word' id='word_1_214' title='bbox 160 3149 207 3206; x_wconf 80' lang='lat' dir='ltr'>Itis</span> <span class='ocrx_word' id='word_1_215' title='bbox 228 3168 305 3230; x_wconf 79' lang='lat' dir='ltr'>qrtue</span> <span class='ocrx_word' id='word_1_216' title='bbox 328 3147 346 3204; x_wconf 73' lang='lat' dir='ltr'>t</span> <span class='ocrx_word' id='word_1_217' title='bbox 365 3147 526 3230; x_wconf 81' lang='lat' dir='ltr'>prioribus</span> <span class='ocrx_word' id='word_1_218' title='bbox 546 3143 746 3225; x_wconf 79' lang='lat' dir='ltr'>Principibus</span> <span class='ocrx_word' id='word_1_219' title='bbox 768 3143 854 3200; x_wconf 82' lang='lat' dir='ltr'>circe</span> <span class='ocrx_word' id='word_1_220' title='bbox 882 3141 1097 3202; x_wconf 84' lang='lat' dir='ltr'>Ecclesinrum</span> <span class='ocrx_word' id='word_1_221' title='bbox 1125 3146 1214 3206; x_wconf 85' lang='lat' dir='ltr'>utili-</span> 
     </span>
     <span class='ocr_line' id='line_1_33' title="bbox 193 3225 1214 3310; baseline 0.001 -22"><span class='ocrx_word' id='word_1_222' title='bbox 193 3242 269 3288; x_wconf 85' lang='lat' dir='ltr'>tates</span> <span class='ocrx_word' id='word_1_223' title='bbox 290 3242 361 3287; x_wconf 86' lang='lat' dir='ltr'>sunt</span> <span class='ocrx_word' id='word_1_224' title='bbox 382 3225 551 3297; x_wconf 84' lang='lat' dir='ltr'>ordinatu,</span> <span class='ocrx_word' id='word_1_225' title='bbox 574 3239 607 3284; x_wconf 88' lang='lat' dir='ltr'>nt</span> <span class='ocrx_word' id='word_1_226' title='bbox 628 3227 755 3282; x_wconf 82' lang='lat' dir='ltr'>immoto</span> <span class='ocrx_word' id='word_1_227' title='bbox 772 3235 976 3305; x_wconf 79' lang='lat' dir='ltr'>permaneant</span> <span class='ocrx_word' id='word_1_228' title='bbox 995 3245 1125 3310; x_wconf 85' lang='lat' dir='ltr'>sernper.</span> <span class='ocrx_word' id='word_1_229' title='bbox 1175 3283 1179 3288; x_wconf 89' lang='grc'><em>,</em></span> <span class='ocrx_word' id='word_1_230' title='bbox 1210 3293 1214 3304; x_wconf 60' lang='lat'>‚</span> 
     </span>
    </p>
   </div>
   <div class='ocr_carea' id='block_1_12' title="bbox 86 3326 1214 3820">
    <p class='ocr_par' dir='ltr' id='par_1_12' title="bbox 86 3326 1214 3820">
     <span class='ocr_line' id='line_1_34' title="bbox 173 3326 1213 3412; baseline 0.001 -16"><span class='ocrx_word' id='word_1_231' title='bbox 173 3333 432 3397; x_wconf 67' lang='lat' dir='ltr'>cccxxxvii.</span> <span class='ocrx_word' id='word_1_232' title='bbox 472 3333 519 3392; x_wconf 80' lang='lat' dir='ltr'>En</span> <span class='ocrx_word' id='word_1_233' title='bbox 534 3349 618 3412; x_wconf 81' lang='lat' dir='ltr'>quae</span> <span class='ocrx_word' id='word_1_234' title='bbox 634 3329 721 3390; x_wconf 79' lang='lat' dir='ltr'>circe</span> <span class='ocrx_word' id='word_1_235' title='bbox 736 3326 924 3388; x_wconf 85' lang='lat' dir='ltr'>catholicam</span> <span class='ocrx_word' id='word_1_236' title='bbox 939 3328 1044 3410; x_wconf 84' lang='lat' dir='ltr'>legem</span> <span class='ocrx_word' id='word_1_237' title='bbox 1063 3333 1114 3393; x_wconf 88' lang='lat' dir='ltr'>vel</span> <span class='ocrx_word' id='word_1_238' title='bbox 1134 3333 1213 3398; x_wconf 89' lang='lat' dir='ltr'>olim</span> 
     </span>
     <span class='ocr_line' id='line_1_35' title="bbox 86 3414 1214 3498; baseline -0.002 -18"><span class='ocrx_word' id='word_1_239' title='bbox 86 3417 252 3480; x_wconf 79' lang='lat' dir='ltr'>ordinarit</span> <span class='ocrx_word' id='word_1_240' title='bbox 266 3414 449 3498; x_wconf 87' lang='lat' dir='ltr'>antiquitas,</span> <span class='ocrx_word' id='word_1_241' title='bbox 469 3415 520 3474; x_wconf 86' lang='lat' dir='ltr'>vel</span> <span class='ocrx_word' id='word_1_242' title='bbox 542 3420 711 3496; x_wconf 86' lang='lat' dir='ltr'>parentum</span> <span class='ocrx_word' id='word_1_243' title='bbox 736 3419 917 3472; x_wconf 85' lang='lat' dir='ltr'>nostrorum</span> <span class='ocrx_word' id='word_1_244' title='bbox 938 3414 1108 3474; x_wconf 88' lang='lat' dir='ltr'>auctoritas</span> <span class='ocrx_word' id='word_1_245' title='bbox 1132 3419 1214 3478; x_wconf 84' lang='lat' dir='ltr'>reli-</span> 
     </span>
     <span class='ocr_line' id='line_1_36' title="bbox 86 3491 1213 3582; baseline -0.004 -23"><span class='ocrx_word' id='word_1_246' title='bbox 86 3503 177 3582; x_wconf 79' lang='lat' dir='ltr'>giosa</span> <span class='ocrx_word' id='word_1_247' title='bbox 194 3494 370 3576; x_wconf 83' lang='lat' dir='ltr'>constitnit,</span> <span class='ocrx_word' id='word_1_248' title='bbox 389 3499 441 3558; x_wconf 83' lang='lat' dir='ltr'>rel</span> <span class='ocrx_word' id='word_1_249' title='bbox 461 3499 566 3556; x_wconf 85' lang='lat' dir='ltr'>nostra</span> <span class='ocrx_word' id='word_1_250' title='bbox 585 3493 738 3554; x_wconf 85' lang='lat' dir='ltr'>serenitas</span> <span class='ocrx_word' id='word_1_251' title='bbox 752 3491 926 3568; x_wconf 81' lang='lat' dir='ltr'>roboravit,</span> <span class='ocrx_word' id='word_1_252' title='bbox 949 3495 1077 3555; x_wconf 74' lang='lat' dir='ltr'>novella</span> <span class='ocrx_word' id='word_1_253' title='bbox 1100 3518 1213 3580; x_wconf 85' lang='lat' dir='ltr'>super-</span> 
     </span>
     <span class='ocr_line' id='line_1_37' title="bbox 86 3574 1212 3662; baseline -0.004 -18"><span class='ocrx_word' id='word_1_254' title='bbox 86 3584 219 3644; x_wconf 84' lang='lat' dir='ltr'>stitione</span> <span class='ocrx_word' id='word_1_255' title='bbox 239 3583 395 3658; x_wconf 89' lang='lat' dir='ltr'>submota,</span> <span class='ocrx_word' id='word_1_256' title='bbox 424 3581 546 3660; x_wconf 80' lang='lat' dir='ltr'>integro</span> <span class='ocrx_word' id='word_1_257' title='bbox 570 3587 602 3638; x_wconf 88' lang='lat' dir='ltr'>et</span> <span class='ocrx_word' id='word_1_258' title='bbox 631 3576 786 3636; x_wconf 85' lang='lat' dir='ltr'>inviolata</span> <span class='ocrx_word' id='word_1_259' title='bbox 813 3574 967 3635; x_wconf 90' lang='lat' dir='ltr'>custodiri</span> <span class='ocrx_word' id='word_1_260' title='bbox 988 3579 1212 3662; x_wconf 59' lang='lat' dir='ltr'>praecipimus,</span> 
     </span>
     <span class='ocr_line' id='line_1_38' title="bbox 88 3664 994 3745; baseline -0.006 -21"><span class='ocrx_word' id='word_1_261' title='bbox 88 3664 151 3728; x_wconf 91' lang='lat' dir='ltr'>VJ.</span> <span class='ocrx_word' id='word_1_262' title='bbox 175 3665 243 3745; x_wconf 77' lang='lat'><strong>367.</strong></span> <span class='ocrx_word' id='word_1_263' title='bbox 699 3687 721 3697; x_wconf 48' lang='lat'><strong>²</strong></span> <span class='ocrx_word' id='word_1_264' title='bbox 991 3693 994 3698; x_wconf 95' lang='lat'>·</span> 
     </span>
     <span class='ocr_line' id='line_1_39' title="bbox 442 3740 906 3820; baseline -0.015 -16"><span class='ocrx_word' id='word_1_265' title='bbox 442 3745 490 3804; x_wconf 88' lang='lat' dir='ltr'>De</span> <span class='ocrx_word' id='word_1_266' title='bbox 511 3743 631 3820; x_wconf 80' lang='lat' dir='ltr'>integra</span> <span class='ocrx_word' id='word_1_267' title='bbox 652 3740 856 3799; x_wconf 86' lang='lat' dir='ltr'>restitutione.</span> <span class='ocrx_word' id='word_1_268' title='bbox 903 3759 906 3766; x_wconf 82' lang='grc'><strong><em>’</em></strong></span> 
     </span>
    </p>
   </div>
   <div class='ocr_carea' id='block_1_13' title="bbox 82 3845 1228 4345">
    <p class='ocr_par' dir='ltr' id='par_1_13' title="bbox 82 3845 1228 4345">
     <span class='ocr_line' id='line_1_40' title="bbox 173 3845 1214 3928; baseline 0.001 -18"><span class='ocrx_word' id='word_1_269' title='bbox 173 3848 445 3914; x_wconf 80' lang='lat' dir='ltr'>CCLXXXVlll.</span> <span class='ocrx_word' id='word_1_270' title='bbox 488 3849 615 3928; x_wconf 83' lang='lat' dir='ltr'>Integra</span> <span class='ocrx_word' id='word_1_271' title='bbox 630 3845 791 3907; x_wconf 86' lang='lat' dir='ltr'>restitutio</span> <span class='ocrx_word' id='word_1_272' title='bbox 807 3845 937 3926; x_wconf 86' lang='lat' dir='ltr'>dieitur,</span> <span class='ocrx_word' id='word_1_273' title='bbox 961 3847 1139 3928; x_wconf 85' lang='lat' dir='ltr'>&#39;siquando</span> <span class='ocrx_word' id='word_1_274' title='bbox 1163 3868 1214 3911; x_wconf 83' lang='lat' dir='ltr'>res</span> 
     </span>
     <span class='ocr_line' id='line_1_41' title="bbox 86 3928 1215 4013; baseline 0.002 -25"><span class='ocrx_word' id='word_1_275' title='bbox 86 3933 255 4013; x_wconf 86' lang='lat' dir='ltr'>quaelibet</span> <span class='ocrx_word' id='word_1_276' title='bbox 270 3943 323 3991; x_wconf 88' lang='lat' dir='ltr'>aut</span> <span class='ocrx_word' id='word_1_277' title='bbox 344 3953 437 3991; x_wconf 88' lang='lat' dir='ltr'>eausa</span> <span class='ocrx_word' id='word_1_278' title='bbox 456 3941 536 4010; x_wconf 84' lang='lat' dir='ltr'>qnae</span> <span class='ocrx_word' id='word_1_279' title='bbox 553 3928 702 4007; x_wconf 88' lang='lat' dir='ltr'>perierat,</span> <span class='ocrx_word' id='word_1_280' title='bbox 719 3928 751 3985; x_wconf 92' lang='lat' dir='ltr'>in</span> <span class='ocrx_word' id='word_1_281' title='bbox 778 3930 917 4008; x_wconf 88' lang='lat' dir='ltr'>priorem</span> <span class='ocrx_word' id='word_1_282' title='bbox 945 3939 1059 3990; x_wconf 88' lang='lat' dir='ltr'>statum</span> <span class='ocrx_word' id='word_1_283' title='bbox 1085 3951 1215 4010; x_wconf 82' lang='lat' dir='ltr'>repara·</span> 
     </span>
     <span class='ocr_line' id='line_1_42' title="bbox 85 4011 1228 4095; baseline 0.003 -21"><span class='ocrx_word' id='word_1_284' title='bbox 85 4027 153 4090; x_wconf 85' lang='lat' dir='ltr'>tur,</span> <span class='ocrx_word' id='word_1_285' title='bbox 172 4014 269 4073; x_wconf 65' lang='lat' dir='ltr'>vel‘id</span> <span class='ocrx_word' id='word_1_286' title='bbox 283 4013 486 4095; x_wconf 84' lang='lat' dir='ltr'>quod&#39;alicui</span> <span class='ocrx_word' id='word_1_287' title='bbox 508 4011 666 4072; x_wconf 88' lang='lat' dir='ltr'>sublatum</span> <span class='ocrx_word' id='word_1_288' title='bbox 682 4020 739 4088; x_wconf 88' lang='lat' dir='ltr'>est,</span> <span class='ocrx_word' id='word_1_289' title='bbox 754 4011 961 4082; x_wconf 86' lang='lat' dir='ltr'>rel&#39;ormatur;</span> <span class='ocrx_word' id='word_1_290' title='bbox 985 4012 1027 4072; x_wconf 85' lang='lat' dir='ltr'>ita</span> <span class='ocrx_word' id='word_1_291' title='bbox 1047 4021 1083 4070; x_wconf 91' lang='lat' dir='ltr'>ut</span> <span class='ocrx_word' id='word_1_292' title='bbox 1102 4033 1228 4076; x_wconf 45' lang='lat' dir='ltr'>eorum,</span> 
     </span>
     <span class='ocr_line' id='line_1_43' title="bbox 82 4093 1214 4175; baseline -0.001 -18"><span class='ocrx_word' id='word_1_293' title='bbox 82 4115 203 4158; x_wconf 71' lang='lat' dir='ltr'>vcausae</span> <span class='ocrx_word' id='word_1_294' title='bbox 221 4098 272 4154; x_wconf 88' lang='lat' dir='ltr'>vel</span> <span class='ocrx_word' id='word_1_295' title='bbox 289 4117 338 4170; x_wconf 77' lang='lat' dir='ltr'>res</span> <span class='ocrx_word' id='word_1_296' title='bbox 362 4095 393 4154; x_wconf 91' lang='lat' dir='ltr'>in</span> <span class='ocrx_word' id='word_1_297' title='bbox 410 4096 571 4175; x_wconf 78' lang='lat' dir='ltr'>integrum</span> <span class='ocrx_word' id='word_1_298' title='bbox 598 4101 793 4152; x_wconf 79' lang='lat' dir='ltr'>revocentur</span> <span class='ocrx_word' id='word_1_299' title='bbox 816 4093 873 4170; x_wconf 86' lang='lat' dir='ltr'>qui</span> <span class='ocrx_word' id='word_1_300' title='bbox 903 4103 957 4153; x_wconf 86' lang='lat' dir='ltr'>aut</span> <span class='ocrx_word' id='word_1_301' title='bbox 984 4095 1214 4174; x_wconf 87' lang='lat' dir='ltr'>pertimerem</span> 
     </span>
     <span class='ocr_line' id='line_1_44' title="bbox 85 4173 1213 4262; baseline 0.002 -25"><span class='ocrx_word' id='word_1_302' title='bbox 85 4178 255 4262; x_wconf 83' lang='lat' dir='ltr'>potestatis</span> <span class='ocrx_word' id='word_1_303' title='bbox 278 4178 415 4237; x_wconf 84' lang='lat' dir='ltr'>alicuius</span> <span class='ocrx_word' id='word_1_304' title='bbox 433 4175 588 4256; x_wconf 88' lang='lat' dir='ltr'>compulsi</span> <span class='ocrx_word' id='word_1_305' title='bbox 601 4183 684 4250; x_wconf 89' lang='lat' dir='ltr'>sunt,</span> <span class='ocrx_word' id='word_1_306' title='bbox 695 4177 748 4232; x_wconf 88' lang='lat' dir='ltr'>aut</span> <span class='ocrx_word' id='word_1_307' title='bbox 761 4173 873 4234; x_wconf 88' lang='lat' dir='ltr'>fraude</span> <span class='ocrx_word' id='word_1_308' title='bbox 889 4177 941 4236; x_wconf 85' lang='lat' dir='ltr'>vel</span> <span class='ocrx_word' id='word_1_309' title='bbox 963 4196 1072 4236; x_wconf 87' lang='lat' dir='ltr'>errore</span> <span class='ocrx_word' id='word_1_310' title='bbox 1087 4177 1213 4260; x_wconf 86' lang='lat' dir='ltr'>decepti</span> 
     </span>
     <span class='ocr_line' id='line_1_45' title="bbox 86 4257 1212 4345; baseline 0.003 -25"><span class='ocrx_word' id='word_1_311' title='bbox 86 4269 178 4338; x_wconf 74' lang='lat' dir='ltr'>sunt,</span> <span class='ocrx_word' id='word_1_312' title='bbox 200 4270 253 4322; x_wconf 86' lang='lat' dir='ltr'>aut</span> <span class='ocrx_word' id='word_1_313' title='bbox 268 4282 328 4345; x_wconf 87' lang='lat' dir='ltr'>per</span> <span class='ocrx_word' id='word_1_314' title='bbox 342 4260 571 4344; x_wconf 76' lang='lat' dir='ltr'>captivitatem,</span> <span class='ocrx_word' id='word_1_315' title='bbox 589 4257 642 4320; x_wconf 84' lang='lat' dir='ltr'>vel</span> <span class='ocrx_word' id='word_1_316' title='bbox 662 4270 887 4340; x_wconf 84' lang='lat' dir='ltr'>quamcunque</span> <span class='ocrx_word' id='word_1_317' title='bbox 906 4257 1057 4322; x_wconf 82' lang='lat' dir='ltr'>iniustum</span> <span class='ocrx_word' id='word_1_318' title='bbox 1072 4261 1212 4324; x_wconf 79' lang='lat' dir='ltr'>necessi-</span> 
     </span>
    </p>
   </div>
   <div class='ocr_carea' id='block_1_14' title="bbox 0 0 1470 4986">
    <p class='ocr_par' dir='ltr' id='par_1_14' title="bbox 0 0 1470 4986">
     <span class='ocr_line' id='line_1_46' title="bbox 0 0 1470 4986; baseline 0 0"><span class='ocrx_word' id='word_1_319' title='bbox 0 0 1470 4986; x_wconf 95' lang='lat' dir='ltr'> </span> 
     </span>
    </p>
   </div>
  </div>
 </body>
</html>
