2926 4986
213 309 287 386 706
633 323 924 398 carsruaa'mnn
967 321 974 370 ¹

219 469 264 536 Ut
279 465 465 550 Presbyteri
488 467 657 558 Episcopus
677 495 744 537 snas
769 476 902 542 subiecti
926 479 1010 556 slnt,
1031 487 1063 540 et
1083 487 1118 538 nt
1138 473 1351 559 Quadregesi·

347 573 427 614 nme
454 565 594 639 tempore
614 559 785 622 ministerii
804 562 856 620 sni
881 560 1028 623 ordinem
1047 557 1195 621 reddant.

297 657 429 724 CXXX.
470 661 682 726 Decrevimus
702 663 792 726 iaxta
808 666 1001 727 Sanctorum
1021 663 1170 726 Canones
1192 670 1231 724 nt
1246 681 1352 722 unns-

208 741 348 828 quisque
368 743 543 827 Presbyter
561 743 595 804 in
611 745 763 828 parochia
783 747 929 810 habitans
946 747 1108 830 Episcopo
1125 745 1289 808 subiectus
1308 743 1370 811 sit·

210 826 262 888 illi
279 824 314 886 in
337 823 430 886 cuius
451 824 604 907 parochia
621 828 754 909 habitat,
777 840 810 892 et
830 851 955 913 semper
970 830 1004 890 in
1025 826 1280 911 Quadragcsima
1296 849 1352 888 ra-

209 910 335 971 tionem
358 915 390 968 et
410 909 559 970 ordinem
576 911 748 974 ministerii
775 913 837 992 sui,
863 913 931 975 sive
949 911 989 973 de
1008 911 1184 994 baptismo,
1210 909 1281 973 sive
1309 909 1351 972 de

209 991 274 1054 fide
290 987 460 1070 catholica,
483 991 552 1052 sive
570 993 610 1054 de
626 993 777 1075 precihus
794 1005 828 1056 et
845 995 960 1057 ordine
980 995 1167 1069 Missas-nm,
1186 985 1352 1075 Episcopo

207 1073 323 1138 reddat
341 1080 374 1134 et
394 1073 551 1140 ostendat.
593 1076 636 1136 Et
658 1077 923 1162 quandocunque
948 1076 1019 1140 iure
1037 1075 1197 1138 canonico
1218 1075 1354 1156 Episco-

206 1177 268 1242 pus
285 1155 463 1218 circumeat
484 1157 667 1240 parochiam
687 1159 727 1220 ad
747 1163 883 1242 populos
906 1157 1154 1236 confirmandos,
1174 1159 1353 1241 Presbyter

207 1259 336 1324 semper
353 1249 481 1318 paratus
500 1239 541 1300 sit
560 1241 599 1301 ad
620 1241 861 1325 suscipiendum
870 1243 1162 1326 Episcopum„oum
1176 1240 1354 1302 collectio-

208 1344 251 1385 ne
276 1330 311 1382 et
331 1321 493 1384 adiutorio
515 1321 628 1406 populi
648 1325 706 1406 qni
733 1325 776 1386 ibi
800 1326 985 1388 confirmari
1007 1325 1112 1386 debet.
1153 1325 1197 1385 Et
1211 1323 1246 1386 in
1261 1325 1350 1385 Coe-

208 1427 252 1466 na
267 1403 400 1466 Domini
421 1427 549 1488 semper
565 1427 684 1466 novum
705 1405 842 1470 chrisma
869 1408 909 1468 ab
935 1408 1097 1492 Episcopo
1118 1427 1177 1468 suo
1203 1414 1352 1488 quaerat.

207 1487 251 1550 Et
266 1486 307 1549 de
329 1498 438 1548 vetere
461 1488 572 1550 nullus
589 1488 751 1573 baptisare
773 1501 963 1574 praesumat,
986 1491 1043 1554 sed
1064 1489 1178 1550 ardere
1198 1488 1234 1548 in
1251 1486 1352 1549 lumi-

210 1568 344 1630 naribus
362 1569 529 1632 Ecclesiae
546 1580 638 1633 vetus
662 1593 728 1634 non
747 1573 862 1638 tardet
903 1573 988 1640 Ibid.
1009 1593 1036 1634 e.
1058 1574 1088 1640 8.

211 1702 260 1766 Ne
285 1700 401 1786 aliquis
425 1701 560 1787 accipiat
581 1701 758 1848 E⁶⁶¹⁰E³⁶tm
782 1701 1078 1804 infruparoctiam
1103 1703 1171 1766 sine
1195 1723 1352 1766 consensu

716 1808 780 1849 asco
803 1808 816 1846 ι
836 1809 896 1856 sus.

295 1891 444 1958 CXXXI.
487 1893 531 1952 Ut
558 1911 654 1957 nemo
678 1808 815 1990 dirimit
840 1890 1020 1954 Ecclesiam
1049 1890 1135 1954 iufra
1160 1871 1353 1974 parochiam

210 1976 291 2122 pappi
311 1975 734 2062 consensu,Episcopisu1,
761 1975 887 2039 neoda
914 1997 981 2074 uua
1007 1975 1049 2038 ad
1079 1975 1176 2052 uliam
1204 1981 1353 2038 transmt

252 2079 263 2118 ι
318 2077 346 2118 c.
366 2077 397 2140 9.

219 2163 262 2228 Ut
279 2161 320 2225 de
337 2162 465 2226 incestis
485 2175 516 2224 et
535 2159 687 2249 infirmis,
709 2177 741 2227 et
756 2163 1002 2310 poenitentibus,
1028 2184 1137 2228 euram
1154 2179 1269 2264 gerant
1289 2164 1352 2228 Sa·

699 2269 755 2310 cer
799 2262 855 2310 tes.

292 2349 460 2419 CXXXII.
501 2351 546 2413 Ut
561 2347 601 2413 dc
619 2349 749 2414 incestis
763 2362 797 2414 et
813 2317 995 2417 criminosis
1014 2374 1128 2417 curam
1150 2362 1265 2436 gerant
1285 2345 1351 2416 Sa·-¹

146 2445 149 2450 '
208 2436 355 2502 cerdotes
371 2455 527 2518 magnam.
568 2433 725 2497 Similiter
745 2436 786 2498 de
808 2435 945 2498 infirmis
966 2443 1001 2500 et
1018 2436 1280 2520 poenitentibus,
1310 2443 1351 2500 ut

207 2519 384 2583 morientes
406 2517 476 2582 sine
500 2517 614 2580 sacrati
634 2517 700 2580 olei
722 2517 877 2580 unctione
900 2529 934 2582 et
951 2519 1219 2582 reconciliatione
1247 2530 1350 2602 atque

208 2602 328 2748 ἳῖξίιοο
352 2622 420 2664 non
446 2609 620 2663 transeant.
675 2603 717 2664 Et
745 2601 785 2665 de
819 2601 944 2664 ieiunio
968 2612 1110 2687 quatuor
1137 2603 1352 2686 Temporum.

253 2707 264 2744 ι
290 2729 298 2746 .
320 2705 348 2746 c.
373 2705 420 2746 ιο.

235 2787 279 2854 Ut
295 2787 417 2853 duabus
436 2789 554 2853 vicibus
576 2789 611 2851 in
631 2809 713 2852 anno
737 2788 784 2852 ad
800 2791 929 2852 mallum
949 2809 1057 2852 omnes
1078 2789 1174 2852 liberi
1193 2791 1347 2876 veniant„

291 2895 476 2960 CXXXIII.
519 2899 563 2960 Ut
583 2896 623 2958 ed
632 2896 766 2958 mallum
786 2897 900 2962 venire
917 2917 1012 2958 nemo
1025 2897 1146 2976 tardet,
1170 2919 1274 2958 unum
1286 2898 1353 2960 cir·

208 3001 246 3048 ea
261 2990 426 3057 aestatem,
448 2989 481 3044 et
495 2980 635 3054 alterum
647 2979 733 3042 circa
750 2993 950 3044 autumnum.
991 2979 1043 3040 Ad
1059 2978 1122 3039 alia
1141 2999 1232 3058 vero,
1247 2981 1275 3042 si
1292 3003 1352 3044 ne·

209 3063 340 3128 cessitas
356 3062 475 3144 fuerit,
493 3063 546 3126 vel
563 3061 769 3127 denuntiatio
793 3064 889 3148 Regis
915 3071 1053 3144 tergeat,¹
1069 3071 1200 3126 vocatus
1231 3063 1350 3128 venire

211 3167 308 3208 nemo
329 3145 447 3213 tardet.
489 3142 575 3213 Jbid.
596 3165 623 3212 e.
649 3165 696 3212 ια.

239 3251 284 3316 Ut
305 3251 411 3314 nullm
435 3249 599 3334 neglegens
622 3251 665 3312 sit
685 3247 813 3334 quando
830 3271 891 3332 pro
910 3249 1000 3330 Rege,
1014 3249 1070 3312 nel
1082 3247 1243 3336 fidelibus
1263 3252 1332 3311 suis

635 3330 792 3396 orandum
811 3333 926 3416 fuerit.

296 3438 477 3504 cxxxlv.
517 3440 561 3504 Ut
580 3440 712 3521 quando
731 3439 958 3502 denuntiatum
976 3438 1078 3501 fuerit
1100 3461 1160 3523 pro
1183 3440 1272 3522 Rege
1298 3439 1352 3501 vel

235 3545 273 3590 ro
298 3523 449 3587 fidelibus
467 3521 534 3585 suis
556 3522 703 3605 qualibet
729 3545 825 3585 cansa
849 3524 1010 3586 orationes
1034 3525 1161 3603 lacere,
1182 3543 1280 3585 nemo
1312 3545 1352 3586 ex

212 3545 278 3674 Ioc
299 3607 476 3692 neglegens
498 3616 659 3690 appareat
701 3607 787 3673 Ibid.
810 3627 827 3668 o
863 3609 908 3668 ιδ.

214 3718 265 3780 De
277 3716 397 3779 ieiunio
412 3723 550 3797 quatuor
569 3711 757 3797 Temperiem
775 3726 806 3773 et
826 3712 1034 3774 a-Sacerdon
1052 3714 1141 3798 plebi
1159 3711 1352 3776 denuntian-

505 3793 561 3873 do,
578 3806 609 3854 et
628 3795 669 3856 ala
687 3796 831 3856 omnibns
851 3796 1068 3864 observando.v
1117 3859 1119 3864 .

297 3903 458 3969 CXXXV.
498 3902 543 3961 Ut
561 3899 722 3961 ieiunium
734 3909 875 3984 quatuor
889 3901 1086 3986 'temporum
1100 3893 1226 3987 et'ipse'
1236 3869 1349 3965 Sacer-

214 3989 273 4056 dos
297 3989 458 4064 observet,
481 3991 515 4046 et
533 3982 621 4066 plebi
642 3981 814 4046 denuntiet
838 3981 1086 4048 observandum.
1128 3985 1214 4050 Ibid.
1253 4008 1281 4054 c.
1308 4009 1351 4048 sn

238 4095 282 4162 Ut
298 4090 465 4170 ,Sacerdos
484 4091 549 4152 nisi
567 4090 602 4150 in
623 4089 704 4152 locis
724 4093 927 4165 consecratis,
953 4091 1085 4154 Missam
1103 4114 1168 4156 non
1187 4071 1334 4159 celibrat.

299 4195 480 4265 CXXXVI.
522 4194 638 4258 Nullus
664 4195 841 4274 Sacerdos,
864 4195 927 4258 nisi
952 4195 991 4257 in'
1016 4197 1097 4260 locis
1122 4200 1194 4262 Deo
1224 4199 1357 4278 dicatis,

212 4282 270 4350 vel
289 4283 326 4348 in
348 4280 467 4344 itinere
486 4277 521 4340 io
540 4277 758 4344 uberoaoulis
783 4287 815 4344 et
838 4278 958 4344 mensis
973 4280 1109 4370 lapideis
1126 4281 1167 4346 ab
1181 4280 1352 4370 Episcopis
