2948 4990
217 312 288 384 662
641 329 926 386 coruscamen

217 471 319 536 salute
339 467 393 533 rel
409 467 521 550 requie
545 468 723 531 animarum
754 489 883 532 suarum
906 465 1128 546 unnsquisque
1160 457 1354 522 venerabili

208 551 382 618 'Ecclesiae
401 552 578 613 contulerit
605 560 660 614 aut
678 563 765 614 certe
777 550 957 632 reliquerit,
979 549 1018 610 ab
1038 547 1088 608 his
1103 544 1221 626 quibus
1237 541 1351 600 maxi-

215 657 275 700 me
292 633 410 696 servari
431 644 638 711 convenerat,
660 634 779 696 auferri
797 644 829 694 et
852 635 885 692 in
910 632 999 693 alind
1019 627 1195 690 transferri.

241 742 283 806 Ut
301 741 419 818 LaiciS,
439 739 581 821 quamvis
603 739 779 818 religiosis,
805 739 892 798 nulla
913 740 955 806 sit
971 733 1160 820 disponendi
1173 729 1327 791 derebus

568 821 729 882 Ecclesiae
748 820 824 882 data
840 820 991 902 facultas.

299 923 510 991 cccxcltt.
553 924 669 1003 Laicis,
691 924 836 1007 quamvis
860 922 1035 1006 religiosis,
1058 920 1149 982 nulla
1169 918 1210 979 de
1232 919 1348 980 eccle-

217 1009 351 1072 siasticis
371 1009 576 1071 facultatibus
593 1007 716 1092 aliquid
732 1007 923 1092 disponendi
942 1005 1061 1090 legitur
1079 1021 1223 1085 unquam
1245 1001 1349 1062 adtri-
1441 1024 1442 1027 ¹

214 1093 292 1156 buta
313 1092 457 1157 facultas.
500 1091 538 1159 V.
559 1093 630 1166 405.

219 1196 315 1283 Quod
328 1196 506 1279 praedones
526 1195 685 1262 Ecclesiae
706 1197 851 1275 sacrilegi
866 1197 940 1271 sint,
962 1193 1043 1254 sicut
1058 1189 1242 1276 Scripturas
1256 1191 1347 1251 testi·

596 1279 700 1340 monio
720 1279 949 1363 comprobatur.

250 1451 253 1463 ¹
301 1380 509 1446 CCCXCIV.
528 1441 530 1447 ,
551 1382 704 1466 Sacrilegi
729 1392 803 1444 sunt
825 1379 989 1442 Ecclesiae
1013 1377 1198 1461 praedones,
1245 1377 1346 1440 Unde

216 1465 300 1528 etin
324 1464 472 1526 Concilio
485 1463 658 1548 Agathensi
682 1466 741 1526 snb
766 1473 879 1546 quarto
896 1461 1038 1546 capitulo
1059 1460 1223 1522 decretum
1239 1459 1345 1521 habe·

217 1559 271 1609 tur
292 1548 350 1608 ita:
392 1547 501 1608 Amico
525 1549 685 1630 quippiam
702 1567 825 1631 rapere,
839 1545 1050 1627 surtumest:
1078 1543 1238 1603 Ecclesiae
1267 1563 1343 1603 vero

208 1628 364 1712 fraudari
389 1628 435 1686 ael
448 1629 605 1701 abstrahi,
634 1630 831 1712 subripique,
862 1628 1067 1704 sacrilegium.
1109 1626 1229 1686 Omnes
1251 1625 1345 1686 enim

218 1719 329 1772 contra
353 1711 440 1790 leges
461 1711 635 1788 facientes,
656 1733 771 1792 resque
794 1710 957 1771 Ecclesiae
984 1706 1183 1790 diripientes,
1204 1705 1258 1767 rel
1275 1708 1343 1776 Ee-

218 1794 330 1854 clesias
356 1791 607 1874 sacerdotesque
631 1803 741 1854 contra
774 1792 897 1854 divinas
917 1789 1096 1852 sanctiones
1122 1797 1275 1848 vexantes
1295 1811 1344 1850 sa·

218 1874 331 1954 crilegi
351 1881 518 1949 vocantur,
540 1885 635 1955 atque
653 1875 872 1936 indubitanter
892 1874 1025 1934 infames
1047 1870 1260 1954 sacrilegique
1281 1870 1343 1957 lra-

217 1957 317 2017 beudi
345 1963 429 2016 sunt.
472 1955 606 2039 Capitul.
627 1958 672 2018 II.
693 1983 722 2024 a.
743 1960 814 2034 814.
835 1978 861 2018 c.
887 1978 932 2021 10.
1182 1963 1184 1968 '

241 2059 337 2146 Quod
356 2082 394 2121 ea
410 2081 486 2142 quae
507 2061 643 2123 Domino
667 2075 905 2134 consecrantur,
938 2059 984 2120 ad
1005 2062 1053 2122 ius
1075 2061 1320 2124 ecclesiasticum

685 2146 873 2228 pertineant.

301 2221 490 2289 CCCXCV.
531 2223 577 2286 Ea
597 2247 677 2306 quae
704 2226 843 2286 Domino
870 2226 1048 2287 offeruntur
1067 2225 1120 2288 vel
1141 2245 1340 2286 consecran-

218 2315 281 2381 tur,
304 2307 344 2366 ad
366 2307 415 2366 ins
438 2305 601 2388 pertinent
619 2309 836 2373 sacerdotum.
882 2310 924 2368 Et
950 2309 1097 2390 sacrilegi
1122 2317 1198 2370 sunt
1225 2313 1338 2366 cinnes

218 2389 276 2470 qui
298 2409 335 2448 ea
355 2389 506 2449 auferunt
526 2389 580 2450 vel
608 2388 642 2448 in
660 2390 749 2452 aliud
765 2391 970 2456 transferunt.
1010 2391 1094 2452 Ibid.
1115 2412 1141 2451 c.
1167 2409 1212 2449 rr.

222 2494 265 2556 Ut
280 2494 309 2554 si
322 2477 392 2577 quis
413 2493 594 2574 dignitatem
615 2497 858 2579 praesumpserit
878 2517 970 2578 quam
991 2519 1053 2557 non
1076 2498 1189 2558 meruit
1207 2496 1227 2558 b
1243 2497 1338 2579 prin-

372 2578 440 2658 cipe
468 2577 522 2637 cel
544 2578 625 2640 iusto
647 2573 796 2655 Seniore,
824 2579 991 2658 sacrilegus
1018 2580 1180 2640 babenber.

266 2755 269 2762 Ι
300 2679 507 2746 CCCXCVI.
552 2681 588 2744 Si
611 2683 682 2764 quis
703 2685 952 2766 praesumpserit
971 2705 1065 2766 quam
1090 2705 1154 2744 non
1181 2685 1337 2746 meruitb

215 2763 368 2848 Principe
393 2764 445 2826 rel
462 2763 596 2828 Seniore
616 2766 814 2850 dignitatem,
832 2767 1004 2848 sacrilegus
1025 2765 1187 2836 habeatur.
1442 2765 1443 2818 l

220 2871 260 2933 Ut
282 2873 331 2933 illi
353 2873 407 2955 qui
425 2870 563 2930 diversis
588 2871 756 2934 sceleribus
778 2872 931 2955 implicati
952 2885 1041 2946 siant,
1063 2871 1107 2936 ad
1126 2873 1334 2936 testimonium

517 2979 520 2984 ’
625 2975 687 3014 non
712 2955 925 3020 admittantur.

229 3107 231 3112 -
297 3055 523 3122 CCCXCVII.
546 3055 761 3138 ¹Homicidne,
791 3059 938 3137 malefici,
960 3059 1059 3130 fures,
1081 3057 1239 3140 sacrilegi,
1260 3081 1333 3141 rap-

213 3151 311 3217 tores,
333 3141 480 3217 venelici,
502 3139 658 3218 adulteri,
682 3141 790 3222 etqui
812 3152 938 3223 raptum
960 3141 1113 3218 fecerint,
1140 3140 1193 3202 vel
1217 3141 1333 3204 falsum

214 3223 431 3284 testimonium
461 3222 623 3300 dixerint,
651 3245 708 3284 seu
729 3223 784 3305 qui
808 3225 848 3284 ad
873 3224 1039 3307 sortilegos
1064 3243 1234 3366 magosque
1257 3247 1332 3286 cur·

213 3307 335 3382 rerint,
358 3304 542 3367 nullatenus
563 3315 658 3368 erunt
688 3306 728 3367 ad
751 3307 986 3370 accusationem
1010 3305 1063 3368 rel
1090 3327 1108 3364 a
1153 3307 1333 3366 testimoni·

214 3409 268 3446 um
290 3387 488 3448 admittendi.

126 3535 129 3542 ι
212 3495 260 3557 Ne
277 3507 347 3554 ante
368 3491 474 3555 Iudex
499 3494 652 3553 iaculetur
671 3494 704 3552 in
725 3512 810 3552 reum
829 3495 1024 3566 sententiam,
1038 3513 1131 3575 quam
1150 3495 1217 3578 ipse
1229 3493 1329 3579 confi-

453 3587 556 3636 teatur
574 3588 626 3635 aut
642 3578 720 3636 socii
739 3577 789 3634 sui
808 3597 877 3636 eum
895 3577 1090 3642 convincant.

294 3677 537 3746 CCCXCVHJ.
589 3680 690 3741 ludex
717 3680 923 3742 criminosum
954 3679 1128 3744 discutiens
1161 3702 1226 3741 non
1257 3693 1327 3744 ante

210 3763 402 3824 sententiam
425 3765 567 3844 proferat
585 3762 763 3844 capitalem,
787 3786 883 3846 quam
907 3767 962 3824 aut
983 3785 1057 3825 reus
1086 3762 1153 3844 ipse
1178 3765 1327 3824 confitea-

210 3854 274 3922 tur,
296 3854 349 3905 aut
369 3847 535 3906 convictus
552 3867 610 3926 per
633 3846 822 3906 innocentes
846 3856 957 3924 testes,
987 3845 1045 3908 vel
1062 3846 1164 3908 socios
1189 3846 1327 3908 criminis

211 3927 271 4006 sui,
293 3928 494 3990 manifestius
522 3927 741 3993 convincatur.
786 3929 825 3994 V.
846 3930 916 3996 308.
974 3991 979 4004 ,

405 4035 478 4095 Νοη
499 4054 564 4094 esse
589 4032 793 4093 iudicandum
815 4033 964 4102 adversus
985 4035 1135 4095 absentes.
1162 4073 1167 4078 -

292 4137 502 4204 CCCXCIX.
534 4137 708 4198 adversus
733 4137 878 4200 absentes
909 4161 974 4200 non
1002 4139 1172 4204 iudicetur.
1234 4143 1325 4218 Quod

147 4255 149 4259 ·
209 4223 236 4285 si
252 4224 372 4286 fartum
390 4221 500 4302 fuerit,
523 4219 819 4306 prolatasententia
834 4243 899 4286 non
926 4223 1055 4288 valebit.
1095 4223 1199 4308 Supra
1215 4244 1239 4290 c.
1260 4225 1323 4296 360.
