2910 4984
221 303 302 382 tto
656 321 940 382 carrrunuuun

222 467 285 530 lica
301 485 368 531 esse
382 459 594 540 decernimus,
605 460 708 525 donec
718 465 951 547 poenitentiam
967 470 1038 546 agat
1053 470 1086 524 ct
1106 461 1252 524 ostendat
1259 459 1354 521 sruc-

220 559 289 610 tum
319 544 535 630 poenitentiae
556 566 651 622 snae,
685 555 722 607 ut
748 548 868 631 possit,
915 545 1353 629 communione‘percepta,

221 627 458 713 indulgentiam
483 627 669 711 promereri.

590 734 639 794 De
660 733 790 796 Clericis
804 736 859 795 uel
870 735 985 802 Laicis.

303 839 376 903 LII.
417 840 466 900 De
479 837 614 898 Clericis
635 838 686 899 rel
708 838 811 901 Laicis
827 841 846 902 d
860 839 1084 902 communione
1102 837 1290 916 summotis,
1308 836 1351 898 ab

222 923 294 986 aliis
314 945 379 983 non
397 920 592 1002 recipiendis
611 920 786 1004 EpIscopis.

283 1031 332 1091 De
351 1026 479 1089 alaricis
495 1023 644 1105 adversus
661 1026 791 1088 invicem
807 1029 931 1106 negotia
942 1029 1076 1112 propria
1094 1027 1291 1089 habentibus.

303 1133 394 1198 Llll.
436 1133 508 1194 Non
531 1139 657 1212 oportet
673 1132 815 1194 Clericus
842 1133 996 1196 habentes
1022 1135 1173 1198 adversus
1203 1131 1352 1206 invicem

220 1218 367 1301 negotia,
387 1213 552 1298 proprium
564 1213 757 1296 Episcopum
771 1215 979 1300 relinquere,
1001 1226 1033 1278 et
1054 1216 1095 1276 ad
1116 1214 1274 1278 secularia
1293 1213 1352 1276 iu·

223 1303 308 1364 dicia
330 1297 513 1362 convolare.
553 1298 581 1364 1.
597 1298 658 1375 28,
677 1297 716 1363 V.
741 1320 789 1360 22.

273 1409 323 1468 De
340 1427 375 1466 eo
394 1405 448 1488 qui
465 1406 751 1464 excommunicatus
766 1417 836 1464 ante
855 1402 1047 1466 audientiam
1060 1405 1292 1466 communicare

642 1488 895 1571 praesumpserit.

303 1592 389 1656 LIV.
432 1593 466 1653 Si
484 1591 853 1674 quisexcommunicatus
868 1598 942 1652 ante
956 1591 1153 1654 audientiam
1169 1591 1352 1664 communi·-
1374 1574 1379 1583 ’

223 1697 295 1738 care
308 1677 567 1760 praesumpserit,
590 1675 656 1758 ipse
680 1673 763 1737 inse
781 1673 1014 1736 damnationem
1030 1675 1176 1758 protulit.
1220 1675 1261 1736 V.
1285 1677 1351 1753 50,

226 1759 262 1821 V
257 1759 302 1824 II.
322 1757 370 1818 26.

456 1839 505 1898 De
528 1851 654 1929 potente
671 1839 726 1920 qui
742 1836 876 1920 aliquem
895 1839 1113 1923 expoliaverit.

305 1943 374 2010 LV,
416 1943 535 2024 Siquis
556 1953 723 2026 potentum
741 1944 917 2024 quemlihet
931 1943 1163 2024 expoliaverit,
1184 1953 1217 2007 et
1234 1945 1351 2007 admo-

225 2035 322 2090 nente
336 2026 496 2108 Episcopo
515 2048 578 2086 non
596 2025 785 2103 reddiderit,
805 2028 1109 2092 excommunicetur.

247 2131 343 2216 Quod
361 2131 573 2194 Ecclesiarum
590 2133 726 2192 omnium
746 2129 834 2192 dotes
852 2130 897 2190 ad
916 2133 1068 2216 Episcopi
1091 2129 1330 2192 ordinationem

622 2212 754 2274 debeant
771 2215 940 2295 pertinere.

307 2315 403 2384 LVI*
437 2315 533 2378 Multi
555 2325 665 2376 contra
681 2338 841 2377 canonum
852 2315 1023 2378 constituta
1044 2316 1254 2380 sicEcclesias
1268 2341 1352 2400 quas

225 2401 466 2464 aedificaverint
480 2398 641 2482 postulant
658 2399 857 2475 consecrari,
881 2408 917 2459 ut
937 2400 1045 2460 dotem
1070 2423 1165 2482 qnam
1187 2402 1257 2462 eius
1282 2403 1350 2462 Ec·

226 2486 341 2546 etesiae
361 2483 579 2553 contulerint,
604 2491 754 2542 censeant
775 2482 815 2542 ad
839 2482 1254 2564 Episcopi‘ordinationem
1279 2505 1347 2544 non

225 2567 399 2650 pertinere.
442 2564 537 2640 Quod
565 2565 686 2624 lactum
700 2573 730 2622 et
746 2565 779 2622 in
797 2567 970 2646 praeterito
993 2559 1161 2644 displicet,
1182 2576 1215 2626 et
1229 2565 1264 2624 in
1291 2566 1349 2624 fu-

225 2658 298 2708 turo
313 2647 512 2730 prohibetae
524 2645 580 2708 sed
597 2645 703 2706 omnia
719 2646 895 2706 seeundum
905 2645 1166 2707 constitutionem
1181 2646 1349 2728 antiquam

224 2731 263 2790 ad
282 2727 432 2812 Episcopi
446 2728 679 2788 ordinationem
699 2737 733 2790 et
745 2728 1135 2810 potestatempertineant.
1179 2729 1215 2789 V
1211 2733 1259 2794 II.
1276 2751 1347 2812 292.

251 2837 300 2896 De
316 2837 364 2894 lais
387 2854 467 2919 quae
488 2835 507 2892 b
517 2831 673 2917 fidelibus
695 2834 729 2892 in
743 2835 959 2915 parochitanis
973 2833 1111 2894 basilicis
1126 2833 1316 2914 offeruntur.

305 2940 409 3004 LVII.
450 2941 506 3000 De⁴
524 2938 573 2999 his
595 2959 677 3020 quae
696 2937 854 3020 parochiis
870 2937 903 2996 in
931 2936 1045 3015 terris,
1076 2938 1198 3016 vineis,
1227 2941 1348 3000 manci-

222 3024 297 3108 piis,
309 3033 403 3104 atque
420 3021 555 3102 peculiis
573 3041 784 3102 quaecunque
803 3020 912 3081 fideles
931 3019 1118 3098 obtulerint,
1139 3021 1346 3102 antiquorum

226 3110 394 3171 Canonum
416 3105 560 3164 instituta
574 3112 760 3179 serventur,
783 3111 815 3163 et
835 3103 940 3162 omnia
958 3103 991 3162 in
1008 3102 1159 3185 Episcopi
1188 3112 1345 3186 potestate

226 3187 409 3251 consistant.
451 3188 499 3246 De
515 3185 567 3246 his
587 3194 693 3246 tamen
709 3205 790 3267 quae
813 3184 848 3244 in
876 3185 987 3245 altario
1011 3185 1219 3266 accesserint,
1247 3186 1344 3259 tertia

223 3291 296 3354 pars
309 3269 450 3330 fideliter
463 3268 630 3350 Episcopis
645 3269 816 3328 deferatur.
861 3267 896 3328 V
892 3273 919 3334 l.
941 3269 1011 3347 407.

447 3373 496 3433 De
511 3385 645 3456 quatuor
665 3373 864 3456 portionibus
886 3373 1113 3433 ecclesiasticis.

305 3475 427 3540 LVIII.
469 3475 565 3554 Quod
579 3476 612 3536 in
627 3498 820 3558 unaquaque
839 3476 983 3538 Ecclesia
1001 3475 1239 3561 cuiEpiscopos
1253 3499 1344 3560 prae-

223 3571 291 3638 est,
312 3570 467 3642 quatuor,
488 3568 553 3618 tam
577 3559 616 3619 de
631 3559 787 3620 reditibus
800 3581 896 3640 quam
915 3560 954 3620 de
976 3557 1203 3621 oblationibus
1217 3561 1344 3622 Fideli-

223 3667 297 3720 um,
321 3643 390 3703 lieri
411 3641 548 3701 debeant
567 3641 744 3722 portionem
766 3650 802 3700 ut
822 3663 886 3700 una
906 3642 946 3702 sit
969 3641 1138 3723 Episcopi,
1161 3643 1223 3702 alia
1243 3643 1346 3702 Cleri-

222 3749 352 3801 coram,
374 3723 467 3785 tertia
489 3743 686 3806 pauperum,
710 3733 741 3784 et
757 3732 870 3807 quarta
890 3724 1018 3784 fabricis
1045 3723 1267 3786 ecclesiasticis
1291 3725 1343 3786 ad-

248 3811 374 3868 licetur.
887 3833 890 3840 ·
1045 3834 1070 3854 w
1114 3808 1116 3814 '
1173 3831 1176 3836 ·

222 3831 294 3950 plle
315 3911 350 3950 eo
364 3890 419 3972 qui
437 3875 641 3947 anathematis
657 3909 790 3970 poenam
810 3886 902 3970 parvi
928 3885 1067 3952 duruerit.
1108 3889 1166 3948 Ex
1185 3889 1324 3970 epistola
1386 3883 1389 3888 ³

649 3969 770 4028 Gelasii
786 3971 903 4050 Papae,
1025 3979 1028 3982 ’
1206 3983 1208 3990 “

301 4053 386 4118 Llli.
428 4055 469 4112 Ut
484 4050 510 4112 si
528 4050 601 4132 quis
618 4051 824 4112 anathematis
845 4057 980 4132 poenam
990 4049 1079 4132 parvi
1096 4048 1236 4128 duxerit,
1246 4052 1343 4114 etiam

219 4139 413 4199 documento
429 4157 494 4215 quo
514 4155 546 4193 se
567 4142 655 4212 putat
669 4132 835 4214 praedium
850 4133 1031 4213 possidere,
1052 4133 1242 4204 frustretur,
1265 4134 1343 4196 lice·

219 4232 314 4304 atque
345 4218 479 4296 cuilibet
507 4215 738 4278 ecclesiasticae
764 4236 918 4301 personae
941 4235 1052 4278 vocem
1078 4215 1341 4281 contradictionis
