2926 4984
221 253 295 332 544
660 275 949 336 carnumruun

214 413 355 477 feminas
370 434 478 474 secum
498 410 671 478 indiscrete
691 413 834 479 babitare
852 413 1060 498 permittunt,
1082 419 1116 478 ct
1133 420 1267 498 propter
1285 413 1350 478 boc

217 499 319 558 malae
340 496 501 578 opinionis
518 495 700 577 suspicione
727 497 940 574 denotantur,
962 507 999 560 nt
1014 497 1041 558 si
1060 496 1212 579 deinceps
1242 498 1352 558 admo·

218 580 280 641 niti
295 601 360 639 non
378 601 410 640 se
426 580 637 656 correxerint,
649 579 739 640 velut
755 589 990 663 contemptores
1009 600 1172 640 sacrorum
1186 601 1351 641 canonum

219 664 374 725 canonica
387 662 571 724 invectione
594 663 762 724 feriantur.
806 663 889 724 Ibid.
905 685 932 724 c.
951 685 1002 745 9²·

127 767 129 772 ’
218 770 267 829 De
289 769 488 845 Presbyteris
507 768 562 852 qui
579 790 639 851 pro
661 769 827 829 chrismate
847 771 881 829 in
904 769 1008 830 Coena
1022 769 1154 830 Domini
1170 769 1352 835 veniebant.

301 875 441 936 CCXIX.
483 875 531 934 De
546 873 745 956 Presbyteris
764 875 821 954 qui
837 873 1017 956 acciplendi
1040 873 1219 936 chrismatis
1248 875 1352 957 gratia

218 957 259 1020 ad
279 957 422 1018 civitates
449 955 482 1014 in
516 957 625 1016 Coena
649 955 780 1017 Domini
804 958 914 1018 venire
938 957 1024 1017 soliti
1058 969 1167 1034 erant,
1190 959 1351 1018 sancitum

219 1051 267 1102 est
286 1049 321 1100 ut
341 1040 379 1099 de
404 1039 454 1099 his
469 1039 525 1118 qui
543 1039 639 1120 longo
666 1039 758 1118 positi
781 1049 876 1118 sunt,
899 1039 938 1100 de
961 1050 1033 1101 octo
1051 1040 1104 1099 vel
1130 1041 1244 1100 decem
1265 1061 1351 1102 uuus

219 1124 258 1183 ab
278 1121 437 1203 EpIscopo
458 1123 597 1203 eligutur
621 1122 677 1205 qui
701 1133 869 1202 acceptum
888 1122 1025 1185 chrisma
1041 1122 1101 1182 sibi
1123 1133 1155 1184 et
1175 1121 1270 1184 sociis
1299 1121 1352 1182 di-

219 1207 360 1287 ligenter
376 1205 525 1284 perferat.
566 1206 606 1264 Hi
628 1225 703 1264 vero
732 1207 787 1285 qui
815 1227 878 1266 non
905 1205 1034 1286 longius
1058 1203 1075 1262 ia
1098 1205 1229 1265 civitate
1253 1225 1352 1285 quam

189 1297 194 1308 ¹
219 1297 357 1369 quatuor
369 1296 424 1346 aut
443 1287 587 1367 quinque
609 1286 753 1348 millibus
777 1288 941 1362 habitant,
965 1307 1052 1347 more
1085 1287 1179 1347 solito
1206 1286 1246 1346 ad
1268 1286 1352 1348 acci-

217 1371 376 1454 piendum
393 1369 530 1429 chrisma
546 1370 742 1448 perveniant.
783 1370 937 1430 Discendi
959 1390 1035 1450 ergo
1055 1370 1154 1450 gratia
1182 1369 1259 1444 alio,
1283 1390 1349 1429 non

219 1452 483 1535 quadragesimali
499 1462 662 1532 tempore,
685 1451 725 1511 ad
744 1451 887 1512 civitates
909 1462 1072 1516 vocentur.
1123 1452 1208 1515 Ibid.
1224 1472 1251 1514 c.
1279 1451 1329 1532 95.

352 1557 400 1617 De
416 1556 650 1641 praedicatione
669 1569 699 1615 et
719 1555 957 1641 confirmatione
979 1557 1219 1641 Episcopomm.

303 1663 427 1725 CCXX.
468 1664 514 1724 Ne
534 1685 611 1724 vero
624 1662 774 1744 Episcopi
790 1663 956 1724 occasione
974 1664 1181 1744 praedicandi
1205 1673 1262 1725 aut
1276 1685 1353 1726 con-

219 1745 368 1806 firmandi
391 1746 481 1807 oneri
500 1756 606 1806 essent
620 1745 766 1827 populis,
789 1747 806 1807 d
830 1746 923 1806 uobis
939 1745 1092 1807 admoniti
1116 1747 1255 1828 polliciti
1277 1756 1352 1808 'sunt

220 1851 254 1892 se
272 1829 425 1909 deinceps
442 1827 503 1887 hoc
520 1849 631 1890 cavere
647 1829 744 1906 velle,
758 1837 790 1888 et
806 1850 843 1888 eo
858 1839 1001 1910 tempore
1019 1850 1112 1890 suum
1122 1829 1351 1906 ministerium,

221 1913 255 1974 in
274 1921 431 1992 quantum
447 1912 581 1972 facultas
598 1912 702 1986 datur,
726 1910 842 1993 exequi
856 1933 920 1992 quo
937 1932 1048 1971 eorum
1060 1913 1230 1994 profectIo,
1245 1933 1352 1994 quau-

221 2006 290 2057 tum
309 1993 342 2051 in
359 1993 424 2052 illis
445 2003 508 2068 est,
530 1992 580 2052 his
598 1993 714 2075 quibus
734 1993 884 2074 prodesse
903 2002 1036 2075 possunt
1059 2004 1091 2068 et
1113 1994 1251 2073 debent,
1283 2014 1350 2054 non

220 2078 263 2142 sit
280 2076 463 2159 importuna
482 2075 535 2136 vel
555 2095 700 2139 onerosa.
740 2072 824 2135 Ibid.
847 2096 873 2140 c.
893 2076 944 2156 94.

429 2181 478 2239 De
499 2181 606 2262 pneris
623 2178 793 2240 tondendis
809 2192 840 2241 ct
856 2181 971 2265 puellis
994 2180 1144 2278 velandis.

305 2288 446 2350 CCXXI.
488 2287 534 2347 Ne
552 2286 644 2367 pueri
658 2285 726 2346 sine
742 2286 906 2348 voluntate
924 2297 1094 2369 parentum
1123 2297 1353 2364 tonsurentur,

222 2372 274 2434 vel
294 2372 423 2452 puellae
444 2371 613 2444 velentur,
635 2367 737 2431 modis
759 2369 906 2430 omnibus
928 2370 1100 2430 inhibitum
1127 2381 1184 2432 est.
1225 2372 1268 2432 Et
1295 2369 1354 2450 qui

217 2455 285 2529 rhoc
301 2457 406 2518 facere
423 2452 613 2527 tentaverit,
634 2453 767 2511 multam
781 2473 862 2532 qnae
880 2453 913 2510 in
933 2453 1088 2535 Capitulis
1110 2452 1191 2534 legis
1214 2453 1355 2514 munda-

219 2560 284 2601 nae
303 2539 322 2597 ia
340 2535 432 2597 uobis
446 2534 617 2596 constituta
633 2534 829 2612 continetur,
851 2536 1034 2616 persolvere
1049 2546 1190 2618 cogatur.
1211 2533 1355 2616 Jb.c.95.

519 2643 568 2699 De
583 2639 715 2720 feminis
746 2643 828 2701 viros
851 2642 1073 2708 amittentibus.

305 2725 463 2788 CCXXII.
505 2727 553 2783 De
569 2723 697 2783 feminis
718 2744 799 2803 quae
818 2722 902 2783 viros
927 2723 1096 2796 amittunt,
1117 2725 1224 2806 placet
1243 2743 1353 2799 nese,

223 2813 307 2875 elcut
323 2810 497 2882 hactenus,
516 2805 688 2866 indiscrete
709 2807 837 2880 velent,
860 2804 916 2866 sed
930 2816 965 2866 ut
978 2805 1106 2888 triginta
1124 2807 1191 2867 dies
1206 2817 1278 2889 post
1292 2803 1356 2865 dis·

224 2915 348 2958 cessum
364 2891 426 2952 viri
447 2889 496 2951 sui
514 2897 701 2970 expectent,
726 2898 757 2948 et
778 2898 848 2969 post
869 2888 1067 2948 tricesimum
1087 2889 1172 2948 diem
1196 2911 1255 2971 per
1274 2908 1354 2948 con-

224 2979 333 3040 silium
349 2972 499 3056 Episcopi
518 2971 587 3047 sul,
611 2970 663 3030 vel
681 2970 706 3029 si
727 2971 904 3053 Episcopus
928 2971 1040 3030 absens
1068 2971 1183 3048 fuerit,
1217 2968 1354 3031 consilio

224 3063 362 3121 aliorum
382 3056 607 3136 religiosorum
637 3053 859 3127 Sacerdotem,
883 3073 1078 3133 suorumque
1111 3063 1282 3134 parentum
1305 3060 1353 3111 at-

225 3164 289 3224 que
308 3141 497 3214 amicorum,
528 3137 561 3196 id
591 3136 678 3216 quod
704 3134 822 3217 eligere
847 3135 967 3194 debent
991 3135 1120 3217 eligant.
1164 3136 1207 3196 Et
1233 3133 1310 3216 quia
1335 3133 1353 3192 d

225 3245 315 3285 sacro
337 3225 508 3282 Conventa
527 3218 627 3298 rogati
650 3216 734 3276 uthi
761 3216 817 3298 qui
847 3216 1008 3298 publicum
1035 3227 1152 3298 gerunt
1178 3215 1353 3296 poeniten·

224 3308 319 3378 tiam,
341 3313 373 3362 et
390 3304 528 3362 feminae
548 3321 629 3380 quae
645 3300 729 3359 viros
749 3298 913 3376 amittunt,
937 3307 1042 3359 nostra
1063 3299 1269 3375 auctoritate,
1294 3298 1354 3359 do-

226 3409 288 3448 nec
308 3386 492 3446 deliberent
509 3384 587 3463 quid
613 3391 729 3463 agant,
753 3392 926 3456 tueantur,
949 3381 1132 3463 specialiter
1145 3402 1202 3460 pro
1219 3381 1270 3440 bis
1291 3381 1353 3440 Ca-

225 3469 330 3554 pitula
347 3467 417 3525 fieri
438 3478 472 3526 ct
486 3465 579 3546 Legis
597 3463 775 3524 mundanae
790 3463 938 3547 capitulis
953 3462 1123 3523 inserenda
1142 3463 1356 3526 decrevimus.

226 3551 310 3616 lbid.
328 3571 354 3610 c.
385 3550 415 3610 6.

224 3619 228 3625 ⁵
366 3571 385 3631 9
480 3629 648 3710 Demptis
671 3639 700 3686 et
717 3626 757 3686 de
774 3649 879 3687 earum
902 3627 1090 3709 raptoribus.

311 3713 484 3776 CCXXIII.
526 3713 574 3770 De
596 3709 694 3790 raptis
719 3709 807 3770 etde
829 3709 1033 3790 raptoribus,
1064 3728 1259 3789 quamquam
1282 3727 1357 3790 spe·

229 3797 355 3859 cialiter
371 3792 622 3857 decrevissemus
636 3791 715 3873 quid
728 3790 793 3872 pati
808 3791 944 3852 debeant
957 3789 1084 3873 quihoc
1100 3791 1187 3850 nefas
1203 3790 1356 3870 deinceps

228 3883 334 3942 facere
354 3876 569 3952 tentaverint,
593 3873 671 3954 quid
694 3884 799 3934 tumen
822 3873 860 3933 de
881 3872 931 3934 his
953 3872 1032 3933 sacri
1059 3874 1207 3931 (Iunones
1229 3872 1356 3954 praeci-

228 3964 318 4046 piant
332 3961 386 4022 bic
404 3957 611 4021 Inserendum
631 3956 844 4016 necessarium
873 3955 1038 4024 duximus;
1069 3954 1220 4033 quatinus
1252 3953 1357 4014 omni-

227 4047 288 4111 bus
311 4053 416 4128 pateat
434 4049 590 4123 quantum-
606 4040 724 4098 malum
740 4039 801 4114 sit,
825 4045 855 4097 et
875 4059 938 4098 non
955 4037 1058 4098 solum
1074 4037 1224 4112 humana,
1251 4036 1309 4096 sed
1326 4043 1358 4094 et

230 4129 340 4190 divina
371 4122 558 4192 auctoritate
584 4120 770 4200 constricti,
807 4120 924 4186 abhinc
957 4119 1020 4186 hoc
1048 4120 1168 4184 malum
1196 4128 1357 4188 caveatur,

230 4210 313 4274 Ibid.
336 4230 363 4278 c,
384 4229 435 4296 97.
