2948 4990
516 217 665 324 'tinen
699 263 856 332 sextos.
1219 264 1288 343 591

159 401 229 483 278.
260 398 303 462 Ut
322 400 536 479 Vicedomini,
553 406 702 469 Aduoco·
852 408 935 468 mine
955 418 1218 508 equum,boocnt,
1237 432 1295 492 vel

261 485 295 561 a',
309 498 338 544 et
351 485 632 572 Centenariiproui
642 511 700 550 aa·
853 490 946 552 aliud
958 498 1077 559 animal
1092 519 1186 569 emats

251 565 413 647 serantur.
751 569 821 654 295.
851 575 900 632 De
936 577 1001 638 illis
1035 586 1212 652 hontint'bus
1239 601 1295 679 qui

159 668 229 731 279·
263 648 305 708 Ut
317 653 446 736 antiqua
458 654 580 714 telonea
593 657 700 714 etius·
847 673 981 740 propter
995 685 1101 726 eorum
1123 674 1230 759 culpas
1251 682 1297 740 ad
1387 741 1391 748 .

261 745 293 791 ta
306 734 474 811 exigantur
490 735 510 794 b
528 738 700 816 negotiato·
851 755 983 804 mortem
1021 749 1191 817 diiudicati
1214 761 1294 839 sae-

261 815 360 886 ribus,
379 839 458 878 nova
472 838 550 878 uero
570 831 600 877 et
614 820 700 878 tnia-
852 822 930 895 rint,
947 840 977 885 et
995 846 1107 913 postea
1132 840 1178 899 eis
1187 843 1295 922 suerit

260 899 526 978 starepellantar.
851 905 921 964 uita
950 931 1117 991 concessa,
1151 924 1245 1005 quod.
1264 931 1294 988 si

156 976 231 1040 280.
259 977 309 1036 De
326 978 479 1059 fugitivis
513 981 642 1041 Clericis
670 992 700 1040 et
852 986 1005 1052 iustitiam
1031 1000 1068 1059 ab
1090 1003 1162 1062 aliis
1184 1012 1293 1089 requi.

259 1058 365 1120 Laicis
398 1063 483 1122 illud
511 1062 699 1123 servandum
850 1070 973 1145 sierint,
991 1093 1044 1138 aut
1058 1084 1095 1144 ab
1117 1089 1160 1146 eis
1175 1091 1292 1154 iustiti·

258 1143 400 1224 estquod
412 1148 445 1205 in
458 1143 700 1228 Capitularido·
851 1173 902 1210 om
926 1159 994 1235 quis
1013 1184 1162 1243 quaerere
1186 1178 1293 1235 uolue-

258 1225 373 1286 minico
394 1229 579 1293 continetur.
850 1235 912 1305 rit,
943 1246 1079 1317 qualiter
1105 1253 1189 1312 inter
1216 1258 1292 1320 illos

151 1305 226 1366 281.
255 1306 304 1364 De
321 1308 369 1366 lais
383 1312 439 1390 qui
453 1309 498 1369 ad
518 1311 581 1384 Dei
594 1311 698 1368 seroi-
851 1315 1002 1382 iudicium
1015 1335 1208 1396 terminetur.

260 1389 337 1446 tium
353 1392 465 1451 volitat
486 1391 646 1468 accedere,
665 1405 699 1452 ut
748 1393 818 1476 296.
848 1398 897 1457 De
924 1403 1047 1470 bomine
1071 1414 1190 1479 iudicio
1213 1419 1293 1482 Sea-

255 1471 372 1552 absque
387 1473 624 1551 licentioregali
634 1495 698 1534 non
850 1479 994 1547 binorum
1010 1491 1161 1563 iudicato,

257 1551 295 1611 id
317 1567 410 1631 agant
432 1557 489 1642 qui
511 1555 605 1616 liberi
625 1557 696 1616 exi·
748 1579 817 1640 297.
846 1562 948 1662 Deeo·
969 1575 1024 1651 qui
1044 1577 1199 1642 latronem
1212 1583 1292 1664 for.

256 1647 350 1694 stunt.
429 1696 431 1700 ,
850 1644 1011 1712 bannitum
1020 1660 1143 1740 recepit,
1152 1667 1215 1726 siue
1228 1689 1293 1728 ser·

154 1713 224 1776 282.
257 1714 308 1812 Ut·
322 1719 516 1800 potentiores
546 1743 610 1782 non
637 1743 697 1808 op·
848 1747 919 1804 vus,
940 1735 1008 1794 sive
1028 1739 1109 1801 liber
1123 1747 1173 1805 sit.

253 1810 393 1881 premant
408 1821 571 1884 pauperes.
746 1806 817 1888 298.
845 1808 894 1867 De
911 1811 1030 1879 Comite
1053 1827 1108 1904 qui
1134 1828 1291 1893 latronem

153 1878 223 1944 285.
258 1879 300 1939 Ut
316 1879 475 1942 Ecclesiae
494 1885 621 1946 nouiter
645 1888 696 1947 in·
849 1891 882 1948 in
886 1889 1083 1970 forbannum
1103 1911 1243 1986 miserit,
1257 1927 1293 1975 ut

252 1975 365 2021 ventae
379 1965 446 2023 sine
459 1963 612 2049 Episcopi
617 1990 697 2051 pro·
848 1972 919 2032 aliis
931 1982 1047 2044 vicinis
1058 1989 1229 2055 Comitibus
1237 2018 1292 2058 no-

256 2044 380 2104 batione
397 2067 460 2105 non
484 2063 674 2116 venerentur,
782 2095 784 2102 .
849 2066 914 2114 tam
923 2059 1038 2139 saciat.

153 2124 223 2202 284.
253 2126 302 2185 De
328 2126 427 2207 falsis
455 2131 587 2188 monetis
617 2152 696 2212 quae
747 2153 817 2216 299.
844 2137 893 2196 De
913 2143 965 2237 lais·
979 2152 1035 2227 qui
1053 2159 1186 2217 terrenis
1206 2181 1290 2220 nter.

259 2222 368 2268 contra
383 2211 643 2352 iustitiamdfiunt.
849 2221 992 2285 cimontis
1008 2233 1168 2309 insistunt,
1185 2255 1292 2302 altna-

156 2288 227 2355 285,
261 2289 301 2350 Ut
317 2291 504 2350 heribannus
545 2296 696 2355 aminicus
845 2303 893 2395 gis
912 2305 949 2400 ob
966 2331 1117 2394 supernae
1135 2321 1219 2380 uitae
1232 2323 1289 2383 de·

246 2370 399 2456 fideliter
417 2375 572 2452 exigatur.
846 2381 1019 2463 siderium,
1043 2417 1135 2474 (suam
1153 2423 1214 2483 pro
1229 2407 1287 2463 lau-

152 2452 222 2514 286.
257 2453 298 2513 Ut
309 2456 538 2534 censusregalis
552 2457 625 2517 inde
636 2459 697 2519 sol·
848 2484 940 2525 ntana
959 2475 1140 2551 ambitione,
1151 2481 1288 2560 faciant.

253 2549 350 2594 natur
375 2534 457 2594 unde
484 2537 559 2598 olim
586 2541 695 2619 exige·
745 2542 815 2602 500.
848 2544 890 2604 Ut
910 2553 1128 2618 ecclesiasticis
1157 2565 1290 2626 audien·

255 2619 347 2678 batur
364 2618 511 2694 legitime.
847 2628 891 2685 tia
900 2635 1026 2696 minime
1036 2639 1208 2722 denegetur
1215 2670 1291 2730 pro·

151 2696 221 2779 287.
252 2697 340 2838 guid
357 2699 396 2758 de
411 2698 583 2762 latronibus
599 2724 695 2783 agen·
761 2755 764 2760 ,
846 2719 1039 2779 vocantibus.

279 2783 388 2840 amsit.
745 2789 815 2849 301.
849 2789 891 2850 Ut
906 2795 1079 2882 Episcopus
1095 2810 1227 2887 quilibet
1244 2777 1291 2874 al·

151 2861 221 2925 288.
252 2861 341 2944 Quid
356 2863 396 2921 de
416 2864 480 2922 illis
505 2868 559 2948 qui
575 2888 693 2928 uxores
844 2877 940 2936 terius
950 2883 1228 2974 plebemEpiscopi
1241 2896 1290 2954 vel

253 2945 366 3004 ltabent
381 2943 571 3027 fiscalinas,
600 2952 642 3010 sit
657 2975 694 3011 a·
836 2952 927 3036 fines
945 2985 1007 3026 non
1025 2985 1162 3054 usurpet.

251 3025 395 3105 gendum.
744 3033 813 3093 502.
843 3039 892 3096 De
918 3043 1048 3112 Clericis
1074 3057 1231 3136 superbis,
1255 3072 1289 3118 ut

149 3107 220 3189 289.
249 3109 298 3166 De
327 3108 417 3168 libris
435 3112 625 3184 canonicis,
657 3127 693 3173 ut
844 3140 1056 3196 coerceantur,

251 3193 403 3250 veraciter
419 3191 601 3256 habeantur.
743 3197 812 3263 505.
841 3201 889 3261 De
898 3207 946 3266 luis
956 3212 1011 3290 qui
1020 3211 1145 3277 Statuta
1156 3221 1287 3296 Parrum

148 3290 218 3354 290.
249 3272 297 3331 De
316 3273 434 3344 Laicis,
457 3286 492 3331 ut
509 3272 692 3340 Orationem
845 3287 981 3362 violant,
1004 3297 1032 3352 si
1051 3297 1285 3384 Laicassuert't,

252 3354 450 3413 Dominicam
511 3365 692 3422 memoriter
843 3377 1059 3438 communione
1078 3385 1288 3464 privetur5si

251 3435 385 3500 discant.
784 3459 790 3472 '
845 3447 1003 3528 Clericus,
1029 3462 1157 3526 ltonore.

147 3537 218 3600 291.
250 3518 395 3600 Capitale
413 3538 491 3598 quae
512 3522 557 3582 ad
575 3525 690 3604 'legem
740 3525 1287 3634 504.Deltisquicontrasaamvpro-

248 3599 689 3666 Salicummittendasunt.De
832 3613 1008 3694 sessionem
1043 3627 1098 3683 uel
1131 3633 1286 3717 subscrip·

249 3683 691 3748 occisioneDiaeonoramuel
840 3699 955 3758 tionem
1000 3713 1165 3784 uenerint,
1206 3715 1289 3800 quial

247 3765 320 3824 aliis
341 3766 453 3829 causis.
739 3842 741 3844 ¹
842 3784 995 3857 agendum
1014 3788 1064 3846 sit.

145 3865 216 3930 292.
246 3847 393 3928 Capitale
431 3867 509 3928 quae
549 3851 689 3912 Domnus
738 3855 809 3920 505.
839 3861 888 3921 De
915 3865 1105 3945 Presbytero
1122 3875 1224 3953 quise
1244 3879 1283 3940 ab

246 3930 385 3988 Karalus
410 3934 589 4012 Imperator
612 3956 688 3996 con·
840 3942 1000 4028 Episcopo
1019 3971 1075 4011 sao
1104 3953 1269 4022 diviserit..

167 4071 171 4081 Ι
246 4013 359 4072 stituit.
736 4017 807 4086 506.
836 4025 884 4085 De
894 4029 1091 4108 Presbyteris
1104 4039 1159 4114 qai
1168 4040 1283 4122 absque

144 4097 214 4178 293.
240 4096 290 4154 De
304 4093 488 4160 latronibus.
825 4106 994 4193 'Episcopi
1020 4117 1071 4173 sui
1091 4122 1285 4186 conscientia

144 4181 213 4259 294.
240 4178 289 4238 Ne
315 4177 429 4260 aliquis
448 4177 487 4239 de
501 4178 607 4261 ignoto
627 4183 689 4248 lto-¹
840 4192 962 4270 agenda
976 4196 1214 4264 celebraverint.
