2910 4986
205 331 279 404 466
563 313 568 319 ’
657 345 950 406 oaruutmuou

201 509 289 549 auno
306 486 393 549 Missi
411 485 514 548 nostri
535 487 710 568 legationes
735 510 806 550 snos
823 496 1006 564 exerceant,
1029 484 1063 547 id
1083 494 1142 563 est,
1163 485 1196 546 in
1209 485 1336 568 ‘hyeme

201 571 364 645 Ianuario,
386 569 420 628 in
442 590 548 651 verno·
562 569 679 650 Aprili,
702 571 736 631 in
754 582 870 632 aestate
889 570 985 647 Iulio,
1007 569 1041 628 in
1057 580 1211 630 autumno
1236 569 1336 630 Octo·

200 653 283 714 hrio.
325 653 469 714 Caeteris
486 674 562 712 vero
577 654 739 715 mensibus
757 653 981 736 unusquisque
995 652 1157 713 Comitum
1175 651 1336 732 placitum

201 758 295 797 soum
308 733 424 794 habeat
438 746 470 796 et
488 735 623 796 iustitias
634 758 704 797 suas
714 737 819 797 faciat.
865 735 952 796 Missi
967 745 1076 796 autem
1097 734 1196 794 nostri
1218 745 1335 814 quater

201 817 237 877 in
258 838 325 876 nno
341 839 450 878 mense
470 827 502 878 ot
524 818 557 876 in
576 829 715 899 quatuor
732 820 812 880 locis
830 819 970 879 habeant
990 816 1107 898 placita
1129 837 1186 876 sna
1203 837 1277 876 eum
1298 816 1337 874 il·

201 899 242 961 lis
265 891 443 970 comitibus
463 900 579 980 quibus
603 923 781 982 congruum
804 901 905 963 fuerit
927 909 963 961 ut
979 898 1018 960 ad
1041 920 1115 962 eum
1137 897 1247 959 locum
1264 918 1338 982 pos·

202 981 268 1046 sint
280 981 466 1045 convenire.
507 981 590 1043 Itid.
612 1005 638 1043 c.
660 985 690 1046 8.

260 1088 310 1149 De
325 1089 461 1148 iussione
476 1087 636 1148 dominica
652 1091 685 1148 in
698 1091 837 1172 quolibet
851 1090 1011 1150 missatico
1026 1109 1089 1150 non
1103 1086 1285 1172 adimpleta.

210 1199 217 1210 ’
280 1195 454 1256 LXXXIV.
496 1195 539 1253 Ut
554 1193 710 1274 quioquid
731 1195 788 1256 ille
801 1195 915 1256 Missus
935 1192 969 1256 in
992 1193 1050 1254 illo
1069 1191 1227 1253 missatico
1239 1191 1335 1254 aliter

200 1279 321 1340 iactum
348 1275 511 1336 invenerit
537 1297 633 1356 quam
661 1288 768 1338 nostra
792 1278 833 1339 sit
864 1273 986 1349 iussio,
1016 1297 1081 1336 non
1111 1276 1217 1336 solum
1243 1274 1329 1335 illud

202 1360 373 1422 emendare
396 1357 516 1433 iubeat,
534 1359 590 1418 sed
610 1360 756 1421 etiamad
776 1381 833 1420 nos
852 1360 953 1442 ipsam
974 1379 1054 1438 rem,
1071 1357 1212 1441 qualiter
1231 1356 1271 1417 ab
1288 1377 1330 1418 eo

202 1442 333 1505 inventa
356 1449 413 1517 est,
436 1440 569 1500 deserat
611 1441 696 1503 Ibid.
719 1463 745 1507 c.
767 1462 797 1523 9.
839 1455 842 1464 ¹

517 1547 566 1606 De
590 1567 684 1607 censu
700 1548 800 1628 regali
818 1545 1016 1630 inquirendo.

283 1652 442 1714 LXXXV.
485 1653 528 1712 Ut
548 1652 635 1714 Missi
656 1654 756 1714 nostri
778 1676 895 1716 census
914 1664 1038 1715 nostros
1061 1649 1252 1735 perquirant
1282 1649 1333 1711 di·

202 1737 358 1819 ligenter,
382 1733 601 1815 undecunque
613 1736 788 1815 antiquitus
804 1737 843 1798 ad
868 1747 990 1818 partem
1009 1735 1104 1818 Regis
1135 1733 1224 1796 exire
1246 1733 1333 1794 sole·

200 1819 288 1881 baut.
330 1815 486 1877 Similiter
499 1823 532 1876 et
540 1817 639 1878 freda.
680 1820 722 1879 Et
733 1816 822 1880 nobis
839 1817 1039 1892 renuntient,
1057 1827 1092 1877 ut
1112 1838 1171 1876 nos
1197 1814 1334 1878 ordine·

201 1922 279 1963 mus·
294 1899 375 1981 quid
400 1898 439 1959 de
456 1896 506 1958 his
523 1898 556 1957 in
572 1900 717 1960 futurum
732 1901 803 1964 fieri
822 1899 944 1966 debeat.
985 1899 1071 1964 Ibid.
1092 1920 1118 1960 c.
1145 1920 1189 1959 ro.

243 2008 293 2068 De
313 2005 404 2066 rebus
425 2003 465 2063 de
487 2005 598 2086 quibus
616 2027 725 2066 census
740 2006 919 2091 adportent
934 2007 1028 2086 Regis
1046 2006 1136 2067 exire
1159 2005 1287 2065 solebat.
1316 2087 1321 2102 x

284 2109 460 2171 LXXXVI.
504 2110 547 2170 Ut
560 2110 598 2170 de
617 2111 713 2172 rebus
729 2113 815 2173 unde
832 2133 945 2173 census
963 2110 1003 2172 ad
1016 2121 1138 2193 partem
1156 2108 1251 2191 Regis
1265 2108 1331 2168 exi·

201 2217 238 2259 re
260 2193 391 2265 solebat,
414 2191 439 2250 si
462 2190 501 2250 ad
522 2193 663 2273 aliquam
677 2195 853 2255 Ecclesiam
870 2192 1003 2254 traditae
1022 2203 1106 2268 sunt,
1123 2201 1179 2251 aut
1195 2191 1332 2250 reddan-

201 2287 257 2340 tur
278 2271 417 2358 propriis
436 2271 620 2352 heredibus,
647 2286 701 2337 aut
725 2277 782 2360 qui
804 2297 855 2338 eas
876 2275 1067 2353 retinuerit,
1086 2274 1180 2335 illum
1198 2293 1331 2334 censum

202 2358 372 2444 persolvat
414 2354 498 2418 Ibid.
515 2361 546 2416 ὀ.
573 2379 619 2416 11.

223 2465 273 2526 De
292 2464 421 2548 placitis
450 2462 600 2522 &Missis
626 2461 791 2522 dominicis
815 2462 985 2524 Comitibus
1006 2475 1112 2523 notum
1133 2455 1308 2542 faciendis.

284 2568 475 2632 LXXXVII.
518 2569 562 2628 Ut
575 2569 795 2648 unusquisqne
819 2569 990 2632 Missorum
1006 2577 1188 2630 nostrorum
1209 2567 1243 2626 in
1264 2569 1331 2648 pln-

204 2654 268 2717 oito
287 2674 345 2712 suo
367 2661 479 2712 notum
499 2648 594 2711 saciat
616 2651 793 2712 Comitibus
813 2653 870 2733 qui
895 2653 935 2713 ad
956 2652 1025 2711 eius
1045 2650 1241 2711 missaticum
1260 2671 1332 2732 per-

201 2737 320 2812 tinent,
342 2733 428 2795 utin
447 2732 512 2793 illis
532 2732 694 2794 mensibus
716 2733 832 2814 quibus
854 2735 910 2794 ille
936 2732 1129 2816 legationem
1149 2751 1238 2792 suam
1261 2753 1330 2791 uon

202 2817 292 2893 iacit,
321 2815 517 2877 conveniant
537 2815 622 2875 inter
643 2837 675 2876 se
700 2825 733 2876 et
753 2815 933 2877 communia
960 2814 1078 2898 placita
1106 2814 1236 2888 saciant,
1266 2823 1331 2871 tam

203 2901 244 3044 qd
263 2895 405 3045 latffis
426 2896 674 2980 distringendos,
696 2893 792 2980 qoam
811 2899 852 2960 ad
880 2909 1020 2961 caeteras
1044 2895 1180 2960 iustitias
1193 2893 1330 2962 ,tacien-

190 3011 193 3018 ·
228 3003 270 3046 as.
351 3003 362 3039 ι
389 3025 396 3040 .
420 3001 446 3040 c.
476 3001 521 3040 12.
843 3017 845 3020 -

445 3079 446 3082 '
470 3087 518 3145 De
528 3083 693 3168 fidelitate
715 3088 806 3168 Regis
826 3085 1049 3171 promittenda.

286 3190 493 3254 LXXXVIII.
534 3193 579 3251 Ut
591 3191 678 3252 Missi
697 3193 796 3254 nostri
811 3193 967 3276 populum
980 3202 1123 3254 nostrum
1137 3192 1251 3254 iterum
1265 3179 1327 3250 nof-

203 3273 253 3336 bis
281 3272 468 3333 fidelitatem
501 3273 687 3354 promittere
713 3276 830 3336 faciant
854 3275 1032 3336 secundom
1061 3271 1329 3336 cousuetudinem

203 3354 392 3417 iamdudum
407 3355 597 3432 ordinatam,
621 3368 653 3418 et
681 3356 742 3440 ipsi
763 3356 908 3439 aperiant
926 3367 959 3418 et
988 3357 1244 3438 interpretentur
1263 3353 1328 3414 illis

202 3437 388 3500 hominibus
418 3438 559 3518 qualiter
587 3439 692 3522 ipsum
718 3449 950 3502 sacramentum
979 3449 1013 3502 et
1038 3439 1227 3502 fidelitatem
1253 3457 1329 3520 erga

204 3540 263 3581 uos
282 3539 407 3580 servare
430 3519 578 3585 debeant.
621 3520 704 3582 laid.
727 3543 754 3582 c.
780 3515 825 3587 1'3.
920 3569 922 3573 .
1029 3559 1032 3570 ·

448 3624 496 3684 De
517 3624 695 3685 hernicidiis
718 3624 804 3706 infra
822 3627 959 3707 patriam
971 3625 1082 3710 factis.

284 3725 470 3790 LXXXIX.
511 3729 553 3787 Ut
564 3727 736 3790 homicidia
756 3730 839 3790 infra
851 3731 996 3812 patriam,
1016 3731 1104 3795 sicut
1118 3729 1151 3790 in
1167 3733 1252 3814 Lege
1265 3731 1329 3792 Do·

200 3813 285 3877 mini
301 3810 509 3873 interdictum
528 3821 585 3886 est,
609 3833 669 3871 nec
692 3813 783 3873 causti
802 3814 935 3874 ultionis
954 3836 1013 3876 neo
1034 3815 1184 3876 avaritiae
1207 3835 1268 3874 nec
1286 3815 1330 3872 la·

139 3905 142 3910 '
201 3893 385 3959 Iroeinandi
408 3891 494 3954 fiant.
535 3894 578 3952 Et
597 3894 794 3977 ubicunque·
808 3896 976 3957 inventum
999 3897 1107 3973 fuerit,
1131 3895 1328 3958 diudioibus

202 3977 319 4041 nostris
344 3975 523 4036 secuudum
552 3977 656 4057 Iegem
684 3998 725 4036 ex
748 3987 856 4038 nostro
876 3979 1023 4046 mandato
1049 3979 1245 4040 viudIoetur.
1286 3977 1329 4037 Et

121 4086 124 4094 ¹
203 4083 269 4126 noo
288 4057 452 4122 occidatur
469 4057 577 4136 homo,
593 4059 654 4120 nisi
672 4060 744 4142 lege
759 4060 901 4122 iubente.
932 4059 1066 4147 Capitol.
1080 4063 1107 4126 I.
1120 4082 1148 4122 a.
1164 4061 1232 4144 789.
1243 4059 1329 4122 cot.

518 4166 568 4225 De
583 4168 735 4226 mensuris
766 4179 797 4226 et
813 4166 1019 4251 ponderibus..

282 4271 353 4338 XC.
396 4273 439 4334 Ut
466 4271 617 4356 aequales
635 4291 800 4334 mensuras
827 4280 861 4332 et
886 4282 987 4335 rectas
1016 4283 1049 4336 et
1074 4273 1219 4362 pondera
1246 4274 1327 4340 iusta
