2926 4984
205 261 281 341 558
612 281 902 348 carrruruuuu

205 420 399 512 plumemus,
422 429 455 489 et
470 417 682 512 pupillorum,
699 431 914 514 praecipimus
934 441 971 494 ut
991 432 1026 492 in
1044 423 1183 516 publicis
1209 431 1343 495 iudiciis
1391 423 1395 430 ⁴

205 531 272 572 uon
295 509 517 592 despiciuntur
537 513 735 593 clamantes,
758 516 815 586 sed
834 515 941 598 primo
961 515 1138 599 diligenter
1156 516 1343 578 audiantur.

116 611 118 614 ·
205 591 315 678 Supra
335 595 406 660 Lib.
427 595 539 662 ffl.c.
562 615 591 662 a,

330 703 379 763 De
406 703 593 764 animalibus
614 703 669 764 uel
689 704 762 764 aliis
779 703 882 775 rebus,
906 704 1050 788 qurn'bus
1066 719 1218 767 emantur.

289 804 493 874 CCLXXXI.
536 811 579 872 Ut
592 809 702 869 nullus
722 818 885 889 comparet
901 810 1071 889 caballum,
1093 813 1219 889 bovem,
1243 822 1276 874 et
1292 813 1344 874 in-

204 900 363 969 mentum,
384 890 436 951 vel
453 891 527 969 alia,
542 891 605 952 nisi
619 892 713 952 illum
730 892 895 952 hominem
909 904 1080 975 cognoscat
1098 896 1156 977 qui
1173 917 1247 955 eum
1263 918 1343 957 ven-

204 975 264 1052 dit,
286 983 341 1036 aut
362 975 401 1036 de
425 993 491 1054 quo
520 995 602 1058 pago
625 984 683 1055 est,
706 976 758 1039 vel
785 973 841 1035 uhi
859 986 984 1055 manet,
1007 987 1064 1038 aut
1092 977 1165 1059 quis
1192 985 1241 1040 est
1269 978 1342 1038 eius

204 1056 337 1124 Senior.
380 1056 465 1119 Ibid.
486 1078 513 1118 c.
533 1059 582 1135 24.

197 1163 200 1170 ’
255 1164 304 1225 De
329 1185 366 1224 eo
385 1165 493 1248 quiin
513 1165 723 1226 testimonium
743 1167 922 1245 assumitur,
948 1165 1050 1250 qualis
1077 1187 1142 1226 esse
1167 1165 1289 1228 debeat.

289 1269 522 1333 CCLXXXH.
566 1270 715 1352 Optimus
726 1270 863 1354 quisque
880 1273 911 1331 iu
927 1295 1007 1355 pago
1022 1273 1074 1334 vel
1090 1272 1219 1333 civitate
1231 1273 1263 1332 in
1281 1283 1345 1334 tes·

204 1352 377 1415 timonium
393 1361 579 1430 assumatur,
603 1363 635 1414 et
649 1354 701 1414 cui
719 1353 745 1414 is
764 1365 876 1422 contra
892 1377 988 1436 quem
1008 1356 1229 1418 testimoniare
1245 1356 1345 1418 debet

206 1437 337 1498 nullum
351 1436 474 1498 crimen
491 1436 592 1522 possit
615 1435 772 1497 indicere.
816 1437 901 1500 Ibid.
925 1459 951 1498 c.
973 1439 1022 1498 32.

526 1543 576 1602 De
604 1543 854 1628 heribannatoris
874 1541 1024 1606 coniecto.

287 1645 530 1710 CCLXXXIII.
575 1651 619 1709 Ut
646 1646 694 1708 illi
722 1649 779 1731 qui
809 1649 1025 1710 heribannum
1044 1652 1169 1713 solvere
1198 1653 1342 1732 debent,

202 1731 390 1823 eoniectum
409 1732 529 1794 faciant
548 1732 588 1792 ad
606 1731 900 1798 heribannatorem,
941 1733 1025 1794 Ibid.
1042 1756 1068 1794 c.
1091 1734 1141 1797 35.
1162 1757 1166 1768 ·

543 1839 591 1896 De
618 1836 745 1898 Colonis
770 1850 800 1897 et
824 1839 1002 1898 Fr'scalim's.

201 1905 203 1912 ›
290 1940 526 2008 cctxxxlv.
568 1945 611 2002 Ut
633 1963 693 2002 nec
714 1944 849 2005 colonus
870 1966 931 2006 nec
950 1944 1114 2008 fiscalinus
1135 1946 1256 2009 alicubi
1273 1957 1343 2008 tra⁴

204 2022 352 2088 ditiones
366 2027 473 2086 facere
496 2025 622 2090 audeat.
666 2025 749 2084 Ibid.
771 2047 797 2085 c.
820 2027 869 2086 36.

601 2130 650 2188 De
672 2127 773 2208 falsis
800 2133 939 2193 testibus.

203 2231 508 2397 [bodCCquXXV.
551 2233 638 2295 Falsi
657 2242 751 2296 testes
764 2235 978 2320 praecipimus
993 2247 1030 2300 ut
1050 2259 1115 2298 non
1130 2240 1342 2330 repipiantur,

157 2357 159 2361 ·
244 2340 338 2380 z.c.
387 2341 410 2379 1.

202 2427 260 2490 De
282 2425 462 2488 hominibus
483 2422 530 2484 ad
546 2425 683 2484 'mortem
702 2419 898 2495 d1'iudieatis,
924 2437 954 2484 et
970 2440 1081 2508 postea
1102 2431 1147 2489 eis
1171 2433 1240 2492 vita
1263 2455 1341 2494 con-⁴

406 2523 407 2527 ’
511 2526 617 2575 cessa,
640 2507 668 2563 si
689 2507 825 2564 iustitias
848 2509 1047 2586 prraesierint.

290 2585 525 2652 CCLXXXVI.
568 2588 621 2648 llli
640 2587 787 2648 homines
811 2590 867 2669 qui
889 2599 1021 2671 propter
1042 2607 1154 2654 eorum
1173 2594 1285 2676 culpas
1301 2595 1342 2656 ad

140 2728 143 2733 .
203 2681 342 2735 mortem
363 2670 532 2732 diiudicati
549 2670 684 2746 fuerint,
707 2679 738 2730 et
760 2680 868 2752 postea
894 2670 938 2731 eis
961 2673 1025 2732 vita
1051 2677 1153 2736 fuerit
1176 2697 1340 2754 concessa,

204 2756 231 2818 si
256 2755 317 2840 ipsi
341 2749 495 2814 iustitiam
515 2753 554 2813 ab
574 2752 644 2813 aliis
667 2753 887 2834 requisierint,
910 2764 966 2812 aut
983 2756 1021 2815 uh
1040 2757 1085 2818 eis
1105 2759 1160 2818 alii
1186 2759 1342 2820 iustitiam

203 2857 361 2921 quaerere
379 2837 555 2913 volueriut,
578 2835 622 2894 ita
643 2836 729 2894 inter
750 2835 823 2896 illos
847 2835 1005 2896 iudicium
1024 2841 1226 2901 terminetur.
1265 2841 1341 2901 Pri-

203 2941 309 2998 mum,
332 2920 479 2980 omnium
502 2921 542 2980 de
563 2919 627 2978 illis
648 2918 751 2978 causis
777 2938 835 2999 pro
859 2919 977 2999 quibus
996 2919 1153 2983 iudicatus
1176 2923 1278 2982 fuerit
1301 2923 1341 2983 ad

203 3015 360 3080 mortem,
385 3002 509 3064 nullum
558 3009 640 3063 otest
660 3001 766 3060 faeere
788 3003 1042 3088 repetitionem„
1056 3005 1132 3084 quiu
1155 3026 1266 3065 omnes
1289 3027 1340 3066 res

204 3103 288 3148 suae'
300 3085 480 3146 secundum
498 3024 655 3146 iudicium
670 3084 868 3142 Francorum
891 3084 923 3142 in
941 3084 1072 3165 publico
1094 3085 1228 3146 fuerunt
1249 3107 1340 3146 rerud

204 3177 304 3229 outae.
346 3167 429 3228 Etsi
448 3167 573 3251 aliquid
593 3164 841 3245 inpostmodum,
864 3174 1033 3246 postquam
1052 3167 1082 3227 ei
1103 3169 1166 3228 rita
1187 3189 1337 3228 concessa

202 3258 263 3326 est,
273 3249 658 3332 eumiustitiuadquirere
675 3247 829 3328 potuerit,
846 3246 877 3304 in
889 3269 945 3307 sua
958 3247 1105 3310 libertate
1117 3259 1225 3311 teneat
1239 3260 1271 3310 et
1287 3251 1340 3310 de-

203 3329 624 3414 fendatsecuudumlegem.
649 3329 685 3388 ln
698 3328 914 3388 testimonium
924 3352 988 3389 nou
999 3332 1202 3414 suscipiatur,
1218 3353 1279 3392 nro
1293 3333 1340 3392 iu-

203 3422 255 3474 ter
271 3412 427 3474 scabinos
448 3415 612 3496 adingem
633 3408 838 3471 iudicandam
859 3421 1016 3471 teneatur.
1068 3409 1108 3474 Et
1127 3415 1208 3475 siud
1233 3433 1339 3476 sucru-

203 3505 349 3557 mentum
365 3496 489 3578 aliquid
511 3495 688 3556 iudicatum
710 3492 808 3552 fuerit
829 3491 917 3574 quod
936 3493 1042 3554 iurare
1065 3497 1198 3572 debent,
1227 3497 1252 3556 si
1277 3497 1338 3555 ali-

203 3579 277 3662 quis
301 3578 406 3662 ipsum
431 3588 667 3640 sacramentum
686 3577 802 3636 l'ulsum
827 3575 933 3636 dicere
961 3579 1122 3657 voluerit,
1156 3583 1340 3640 contendat.-

205 3661 291 3724 Ibid.
318 3683 344 3724 c.
367 3663 418 3744 47.

206 3768 255 3830 De
269 3768 393 3832 homine
410 3770 544 3851 cuipost
557 3764 709 3905 iudicr'cqm
724 3765 1030 3904 vitalconpessaest,
1054 3766 1083 3824 si
1103 3766 1255 3826 iustitium
1270 3763 1342 3826 red-

676 3869 726 3906 ere
748 3868 787 3906 no
804 3859 894 3910 uerit,

291 3949 542 4022 cctxxxvtl.
585 3953 619 4014 Si
641 3952 739 4012 alicui
753 3961 823 4032 post
840 3950 997 4012 iudicium
1017 3953 1228 4014 Scubinorum
1243 3953 1345 4014 fuerit

207 4039 275 4103 vita
296 4060 459 4114 concessa,
482 4037 596 4118 etipse
619 4035 872 4117 inpostmodum
896 4035 1106 4116 aliquantula
1132 4045 1343 4118 perpetrave—

207 4122 259 4200 rit,
284 4134 316 4186 et
335 4119 491 4184 iustitiam
504 4119 638 4181 reddere
659 4117 812 4193 uoluerit,
826 4121 843 4175 d
860 4117 964 4177 condo
975 4120 1063 4198 quod
1079 4129 1222 4200 mortuus
1242 4119 1293 4188 sit,
1309 4128 1343 4178 ot

210 4206 283 4267 ideo
306 4203 460 4267 iustitiam
480 4203 617 4264 reddere
640 4222 704 4260 non
728 4199 859 4276 debeat,
882 4209 1037 4260 statutum
1060 4210 1107 4261 est
1133 4211 1168 4260 ut
1194 4200 1343 4282 superius
