2910 4984
204 305 284 386 828·
652 326 936 390 curnutuuuu

242 469 298 534 Ex
318 466 451 553 epistola
471 469 586 533 Leonis
606 471 713 556 Papae
734 469 980 532 chalcedonensi
999 467 1140 530 Concilio
1160 468 1301 534 directa.

286 552 346 615 lv.
385 553 545 615 Plurimos
561 556 674 616 fratres
694 552 822 616 sedibus
836 552 901 613 suis
915 552 1023 634 pulsos
1041 561 1073 612 et
1095 551 1129 612 iu
1151 552 1249 613 exilia
1269 572 1330 610 au-

206 634 347 698 divimus
367 635 563 716 deportatos,
586 647 681 717 atque
708 636 871 695 inlocum
899 634 1106 714 superstitum
1144 635 1223 696 alios
1250 632 1338 697 sub-

205 720 340 780 stitutos.
363 716 418 777 llis
435 717 580 799 primitus
596 718 786 780 vulneribus
806 717 994 777 adhibeatur
1004 717 1161 777 medicina
1173 717 1334 789 iustitiae,
1430 710 1436 731 ’

205 821 247 861 ne
263 799 432 880 qaisquam
448 801 488 859 ita
509 811 613 862 carcat
633 800 782 883 propriis,
804 801 932 860 utalter
954 807 1061 858 utatur
1074 800 1196 866 alienis.
1219 803 1336 875 Quem

205 903 348 944 errorem
370 882 412 940 itu
436 903 544 944 omnes
560 884 747 964 relinquant
765 882 969 958 Sacerdotes,
991 890 1026 940 nt
1047 882 1169 942 nemini
1193 881 1336 964 quidem

203 964 309 1060 perire
339 963 444 1023 bonor
483 966 612 1037 debeat;
647 967 703 1026 sed
730 965 794 1026 illis
821 964 955 1048 quipro
985 963 1048 1024 fide
1075 963 1333 1035 laboraverunt,

203 1067 292 1128 prius
308 1067 381 1106 cum
399 1047 485 1105 omni
500 1048 670 1133 privilegio
689 1069 747 1110 suo
761 1055 887 1130 oportet
901 1046 950 1107 ius
967 1045 1134 1132 proprium
1148 1043 1333 1108 reformari.
1437 1103 1438 1114 ἶ

204 1129 247 1192 Et
270 1130 404 1210 reliqua.
448 1130 505 1195 VI.
522 1132 592 1211 357.

246 1234 301 1296 Ex
322 1235 454 1322 epistola
474 1234 627 1323 Stephani
646 1235 773 1378 ngae,
796 1236 915 1332 scripta
933 1234 1123 1318 generaliter
1142 1235 1285 1297 omnibus

729 1339 792 1378 isco
816 1338 852 1377 rs.

286 1397 327 1458 V.
369 1395 533 1480 Quicquid
553 1397 586 1457 in
605 1341 734 1461 sacratis
749 1340 819 1461 neb
841 1400 936 1461 rebus
959 1407 992 1458 et
1012 1396 1180 1482 Episcopis
1205 1399 1327 1460 iniuste

205 1479 327 1562 agitur,
350 1502 407 1561 pro
425 1480 592 1561 sacrilegio
613 1482 832 1564 deputabitur:
854 1483 930 1564 quia
946 1502 1033 1542 sacra
1046 1491 1138 1558 sunt,
1160 1492 1192 1541 et
1208 1482 1328 1542 violari

206 1565 222 1622 a
241 1584 404 1644 quoquam
426 1583 490 1621 non
509 1563 637 1630 debent,
657 1564 772 1626 Nullus
791 1565 877 1624 cuim
899 1565 1142 1646 Episcoporum,
1165 1565 1240 1624 dum
1259 1563 1327 1624 suis

204 1645 303 1704 suerit
317 1645 410 1705 rebus
432 1645 627 1726 expoliatus,
650 1648 733 1706 autla
749 1647 823 1707 sede
839 1648 966 1730 propria
990 1645 1133 1728 qualibet
1157 1646 1326 1716 occasione

203 1729 332 1810 pulsus,
356 1727 450 1788 debet
463 1727 624 1805 accusarI,
645 1735 700 1788 aut
715 1728 731 1787 la
746 1751 908 1810 quoquam
927 1728 957 1789 ei
981 1737 1085 1812 potest
1108 1729 1228 1789 crimen
1259 1727 1329 1788 obi-

205 1810 255 1880 ci,
277 1808 462 1890 priusquam
480 1808 683 1890 integerrime
705 1820 918 1888 restauretur,
942 1819 973 1871 et
991 1810 1097 1870 omnia
1109 1832 1190 1892 quae
1216 1810 1245 1871 ei
1267 1809 1329 1868 ab·

205 1891 266 1950 lata
285 1911 478 1969 quocunque
496 1903 572 1952 sunt
592 1892 741 1974 ingenio,
764 1894 888 1975 legibus
899 1893 1178 1971 redintegrentur,
1201 1901 1233 1954 et
1256 1893 1325 1974 ipse

204 1972 352 2054 propriae
373 1973 442 2032 sedi
456 1981 487 2032 ct
502 1973 636 2053 pristino
651 1975 744 2035 statui
760 1977 950 2058 regulariter
966 1975 1131 2050 reddatur,
1153 1975 1197 2034 ita
1211 1984 1246 2033 ut
1260 1997 1328 2033 om·

122 2111 125 2120 ,
206 2075 262 2113 nes
279 2053 491 2132 professiones
511 2064 543 2114 et
563 2067 677 2116 cuncta
699 2057 760 2117 sibi
775 2059 891 2120 iniuste
907 2057 1049 2133 sublata,
1079 2064 1174 2136 atque
1200 2058 1326 2116 fructus

205 2157 338 2210 omnes,
360 2145 433 2196 ante
450 2147 593 2217 coeptam
609 2142 843 2218 accusat-ionem
862 2163 920 2222 per
935 2140 1088 2201 Primates
1105 2149 1137 2198 et
1150 2140 1261 2221 synodi
1277 2140 1324 2197 Ε-

203 2217 348 2299 piscopos
370 2218 514 2278 funditus
534 2221 756 2292 restituantur;
779 2224 854 2304 quia
875 2221 936 2286 boc
958 2243 1020 2282 nou
1038 2221 1323 2284 solumecclesias-

204 2299 304 2372 tiene,
328 2299 384 2360 sed
412 2300 506 2360 etiam
527 2303 627 2363 seculi
644 2301 730 2386 leges
748 2305 818 2368 lieri
844 2305 970 2392 docent.

291 2404 481 2485 Augustinus
502 2405 547 2468 ud
563 2407 761 2487 Bonrfccium
782 2409 822 2470 de
850 2411 1008 2492 lapsorum
1030 2409 1233 2472 restitutione.

203 2553 209 2564 .
286 2486 346 2548 Vl.
389 2491 431 2547 Ut
447 2488 533 2548 euim
550 2491 996 2554 constituereturinEcclesia
1012 2512 1051 2550 ne
1072 2491 1324 2574 quisquampost

205 2569 340 2630 alicuius
359 2570 501 2631 criminis
518 2572 749 2651 poenitentiam
765 2573 950 2634 clericatum
973 2573 1116 2654 accipiat,
1127 2576 1178 2637 vel
1199 2576 1239 2634 ad
1255 2575 1323 2634 cle-

203 2655 341 2712 ricatum
369 2653 496 2728 redeat,
518 2654 569 2712 rel
607 2654 640 2712 in
666 2656 819 2716 clericatu
846 2667 987 2731 maneat,
1011 2677 1075 2714 non
1102 2655 1323 2738 desperatione

205 2734 445 2815 indulgentiae,
468 2733 523 2796 scd
537 2735 642 2816 rigore
660 2739 777 2798 factum
796 2748 843 2798 est
858 2738 1064 2816 disciplinae:
1087 2737 1231 2818 alioquin
1250 2761 1325 2798 cou-

106 2823 112 2840 ¹
204 2826 253 2876 tra
271 2817 375 2878 claves
397 2816 482 2876 datas
496 2818 658 2882 Ecclesiae
681 2821 907 2901 disputabitur,
930 2821 969 2880 de
988 2819 1106 2900 quibus
1120 2821 1241 2882 dictum
1260 2831 1322 2880 est:

207 2901 293 2993 Quae
308 2899 463 2958 solveritis
476 2901 509 2958 in
525 2913 627 2984 terra,
656 2903 758 2960 solutu
771 2917 861 2962 erunt
878 2906 956 2962 etin
973 2904 1069 2963 coelo.
1113 2905 1175 2964 Sed
1199 2925 1239 2962 ne
1256 2905 1322 2962 for.-

206 2991 287 3043 sitan
307 2981 402 3040 etiam
414 2981 452 3042 de
471 2982 604 3041 caeteris
618 2982 803 3045 criminibus
821 3006 876 3065 spe
892 2984 1024 3044 honoris
1039 2985 1242 3046 ecclesiastici
1258 2984 1325 3042 ani·
1411 3039 1414 3048 r

205 3085 275 3124 mus
305 3062 519 3137 intumescens
547 3065 685 3144 ‘superbe
715 3089 809 3148 agere
836 3066 1082 3148 poenitentiam,
1126 3067 1323 3128 severissime

203 3145 326 3229 placuit
346 3156 380 3204 ut
405 3155 476 3224 post
494 3156 593 3206 actam
619 3147 658 3207 de
676 3149 811 3209 crimine
837 3149 1010 3209 damnabili
1026 3148 1252 3229 poenitentiam
1268 3168 1325 3204 ue-

205 3250 258 3288 mo
273 3227 313 3288 sit
330 3228 490 3300 Clericus3
514 3239 549 3288 ut
568 3227 787 3308 desperatione
806 3231 989 3312 temporalis
1002 3231 1179 3292 altitudinis
1196 3227 1325 3290 medici-

206 3331 248 3370 na
269 3309 369 3368 maior
384 3321 415 3369 et
442 3311 548 3370 verior
570 3323 651 3372 esset
670 3312 842 3378 humilitas.
883 3315 963 3373 Nam
979 3321 1011 3372 et
1026 3312 1265 3374 sunctusDavid
1284 3311 1325 3370 de

205 3392 395 3452 criminibus
417 3393 588 3452 mortiferis
606 3395 670 3472 egit
686 3395 934 3474 poenitentiam,
959 3405 991 3456 et
1016 3404 1119 3456 tamen
1143 3397 1175 3454 in
1202 3395 1326 3454 bonore

205 3472 390 3555 superstitit.
430 3477 472 3536 Et
490 3475 616 3534 beatum
634 3480 785 3554 Petrum,
807 3477 937 3558 quaudo
953 3477 1159 3538 amarissimas
1173 3479 1327 3558 lacrymas

205 3557 308 3630 fudit,
331 3556 443 3635 utique
472 3559 577 3618 Deum
602 3580 731 3640 negasse
759 3560 935 3640 poenituit,
968 3571 1001 3621 et
1026 3570 1130 3620 tamen
1155 3559 1327 3640 Apostolus

205 3638 331 3702 mansit.
373 3639 437 3698 Sed
452 3659 517 3698 non
537 3640 608 3700 ideo
623 3663 820 3720 supervacua
840 3643 980 3721 putanda
1001 3652 1047 3702 est
1063 3650 1264 3722 posterorum
1282 3641 1329 3700 di-

205 3720 357 3801 ligentia;
379 3720 454 3801 quia
469 3721 522 3780 ubi
543 3721 637 3783 saluti
655 3723 736 3781 nibil
759 3724 994 3801 detrahebatur,
1015 3723 1189 3783 humilitati
1205 3722 1330 3804 aliquid

205 3803 416 3876 addiderunt,
439 3824 503 3883 quo
522 3805 605 3864 salus
621 3805 722 3864 tutius
737 3807 939 3882 muniretur,
962 3806 1105 3886 experti,
1128 3807 1244 3874 credo,
1267 3803 1329 3864 ali-

205 3906 342 3965 qnorum
369 3885 454 3944 fictas
477 3885 687 3964 poenitentias
717 3909 774 3966 per
799 3887 954 3950 affectatas
975 3887 1134 3947 bonorum
1161 3888 1330 3968 potentias.

205 3969 332 4047 Cogunt
347 3967 434 4025 euim
448 3968 561 4028 multas
584 3968 732 4030 invenire
750 3971 925 4039 medicinas
941 3971 1115 4030 multorum
1130 3970 1334 4052 experimen-

205 4059 237 4110 ta
256 4050 449 4110 morborum.

211 4189 215 4195 f
258 4156 312 4217 Ex
334 4155 471 4232 epistula
487 4153 600 4214 Leonis
621 4155 726 4237 Papae
747 4155 942 4237 Apicilciensi
969 4158 1126 4241 Episcopo
1148 4156 1280 4216 directa.

289 4233 317 4296 V
322 4234 366 4306 ll.
409 4237 500 4298 lllam
518 4245 641 4320 partem
660 4239 891 4302 ecclesiasticae
911 4241 1097 4326 discipliuae
1108 4285 1118 4318 ,
1133 4261 1213 4321 -qua
1251 4240 1333 4317 olim
