2910 4986
201 291 274 367 422
617 311 904 378 cartsutsrtun

200 457 439 512 utrumservus
461 449 502 512 sit
530 449 726 534 ignoraverit
744 459 786 528 r),
817 461 849 511 et
879 457 990 534 postor
1016 446 1150 512 veniens
1180 445 1332 523 domiuus

202 535 271 596 eins
300 532 426 616 legibus
454 554 528 594 eum
556 533 765 616 adquisierit,
796 535 954 597 sancitum
983 540 1031 595 est
1061 542 1097 592 ut
1125 532 1151 594 si
1179 528 1333 600 dominos

202 616 271 678 eius
290 615 341 677 illi
354 614 534 677 libertatem
552 617 628 679 dare
651 617 802 696 voluerit,
819 619 850 678 in
869 617 969 698 gradu
988 636 1045 680 suo
1073 621 1264 698 permaneat.
1295 612 1331 672 Si

200 717 278 761 vero
291 720 369 760 eum
381 705 494 760 catena
507 699 672 762 servitutis
689 701 706 760 la
722 700 831 763 castris
846 699 1016 762 dominicis
1029 697 1197 761 extrahere
1221 693 1335 762 volue-

201 781 257 858 rit,
279 780 413 864 gradum
430 782 570 842 amittata
592 783 681 863 quia,
700 782 787 844 iuxta
801 804 906 844 saeros
925 781 1069 858 ordines,
1097 779 1170 841 vilis
1193 795 1333 858 persona

201 883 346 939 manens,
367 862 537 925 sacerdotii
560 864 714 947 dignitate
732 864 823 947 fungi
846 887 910 926 uon
925 873 1039 948 potest.
1078 863 1127 924 De
1152 861 1248 921 rebus
1273 877 1332 916 ve·

200 967 238 1008 ro
255 945 390 1006 'illorum
404 945 456 1006 vel
476 945 640 1028 peculiare
657 945 714 1028 qui
740 946 758 1006 la
778 946 916 1029 propriis
940 943 1078 1007 dominis
1099 945 1244 1006 libertate
1270 938 1332 999 do-

202 1037 322 1089 nantur
336 1036 372 1088 ut
387 1027 428 1088 ad
444 1029 559 1124 gradus
572 1028 804 1092 ecclesiasticos
820 1029 890 1090 iure
906 1037 1166 1112 promoveantur,
1179 1030 1334 1085 statutum

202 1120 250 1172 est
270 1119 307 1170 ut
322 1109 355 1170 in
375 1118 529 1192 potestate
546 1111 749 1172 dominorum
762 1114 916 1173 consistat
933 1120 1041 1182 utrum
1061 1109 1127 1170 illis
1153 1105 1332 1170 concedere

202 1214 243 1256 au
265 1193 325 1254 sibi
345 1191 510 1255 vindicare
536 1193 711 1255 volueriut.
753 1195 923 1257 Caeterum
946 1193 973 1254 si
1000 1202 1071 1274 post
1094 1187 1333 1251 ordinationem

202 1274 328 1358 aliquid
347 1273 572 1362 adquisierint,
592 1273 676 1338 illud
700 1275 889 1339 observetur
908 1274 997 1358 quod
1022 1275 1056 1334 in
1081 1271 1258 1335 canonibus
1289 1267 1332 1328 de

200 1357 398 1420 consecratis
413 1357 495 1419 nihil
509 1358 700 1421 habentibus
719 1362 930 1422 constitutum
947 1367 1003 1419 est.
1042 1359 1092 1418 De
1114 1353 1333 1416 Ecclesiarum

202 1460 280 1500 vero
293 1438 393 1501 serris
408 1441 570 1500 communi
588 1440 748 1503 sententia
774 1441 938 1505 decretum
962 1448 1012 1502 est
1028 1446 1067 1500 ut
1086 1430 1333 1516 llrchiepiseopi

202 1542 263 1604 per
283 1521 425 1603 singulas
443 1522 626 1605 provincias
640 1523 806 1585 constituti
837 1533 977 1586 nostram
998 1521 1230 1594 auctoritatem,
1260 1515 1331 1576 suf-

202 1603 347 1686 fraganei
367 1615 447 1667 vero
468 1603 600 1667 illorum
620 1605 784 1687 exemplar
801 1607 888 1668 illius
910 1625 1009 1687 penes
1030 1626 1064 1667 se
1086 1601 1235 1663 babeant.
1290 1597 1333 1657 Et

203 1686 466 1830 puandocunquc
482 1686 524 1754 de
540 1687 663 1749 familia
679 1685 843 1750 Ecclesiae
857 1689 946 1750 utilis
968 1687 1120 1748 inventus
1141 1680 1259 1763 aliquis
1282 1699 1334 1738 or·

228 1767 366 1830 isandus
388 1777 447 1844 cst,
472 1769 505 1832 in
527 1771 660 1832 umbone
681 1769 749 1854 ipsa
777 1772 947 1834 auctoritas
966 1790 1074 1830 coram
1097 1765 1219 1849 populo
1242 1763 1333 1842 lega-

204 1860 274 1920 tun
294 1858 328 1911 et
358 1871 465 1912 coram
493 1851 728 1929 Sacerdotibus,
756 1854 810 1916 vel
830 1875 938 1915 coram
965 1852 1114 1912 fidelibus
1135 1847 1237 1925 laicis,
1257 1851 1333 1906 ante

202 1953 306 1994 cornu
326 1931 446 2010 altaris,
462 1933 546 1996 sicut
574 1935 607 1996 iu
634 1945 740 1996 nostra
770 1936 957 1998 auctoritate
983 1935 1179 2007 continetur,
1210 1935 1335 1989 remota

203 2013 349 2095 qualibet
361 2014 552 2096 calliditate,
566 2017 746 2079 libertatem
764 2026 1015 2100 consequantur,
1038 2027 1071 2077 et
1094 2025 1172 2075 tunc
1202 2011 1332 2071 demum

204 2095 243 2156 ad
269 2096 386 2176 gradus
415 2099 657 2194 ecclesiasticos·
676 2112 912 2196 promoveatur.
959 2099 1115 2160 Similiter
1136 2113 1266 2178 quoque
1291 2090 1332 2152 de

203 2177 254 2237 his
272 2178 432 2260 agendum
454 2191 502 2242 est
521 2201 602 2262 quos
618 2182 692 2242 later
714 2183 755 2244 de
773 2182 896 2243 tantilia
918 2183 1136 2244 Ecclesiarum
1161 2178 1201 2237 ad
1227 2193 1333 2267 sacrps
1436 2196 1437 2241 ς

203 2259 334 2322 θΐᾶἷῐὶθῦ
355 2282 545 2344 promovere
565 2264 739 2326 soluerint.
781 2265 845 2329 Sed
868 2266 956 2326 etde
981 2264 1033 2326 his
1052 2283 1132 2344 quos
1153 2262 1333 2337 Praeposita
1436 2326 1437 2333 ἵ

203 2341 444 2405 canonicorum
461 2356 515 2406 aut
543 2345 775 2409 Monachorum
806 2347 1001 2408 ordinandos
1024 2341 1249 2429 expetiverint,
1277 2359 1333 2398 ea·

203 2421 277 2487 dem
293 2425 395 2488 forma
411 2428 567 2494 servanda.
583 2438 640 2491 est.
680 2429 766 2494 laid
780 2449 806 2495 e.
823 2429 854 2492 6.

347 2531 397 2591 De
404 2537 549 2617 personis
566 2536 586 2593 ὰ
603 2533 715 2619 quibus
731 2556 796 2604 nora
814 2549 886 2598 sunt
907 2557 957 2596 res
975 2529 1185 2619 accipiendus,

286 2635 478 2702 LXXXIII,
521 2640 681 2703 Statutum
698 2651 747 2703 est
761 2639 922 2702 utnullus
940 2639 1080 2723 quilibet
1096 2634 1331 2700 ecclesiasticus

203 2721 244 2782 ab
262 2717 313 2781 bis
331 2721 478 2804 personis
494 2741 545 2784 res
561 2722 713 2805 deinceps
734 2724 879 2805 accipere
894 2733 1074 2805 praesumat
1095 2742 1229 2802 quarum
1252 2717 1332 2778 libe·

203 2804 233 2864 ri
250 2812 305 2863 aut
316 2797 492 2888 propinqui
511 2803 570 2866 bac
587 2805 768 2868 inconsulta
789 2805 952 2867 oblatione
980 2805 1103 2888 possint
1121 2825 1229 2863 rerum
1253 2821 1330 2881 pro-

202 2886 346 2970 priarum
361 2886 553 2951 exheredari
570 2897 608 2961 s).
648 2886 789 2966 Quodsi
809 2888 926 2968 aliquis
954 2887 1068 2949 deinee
1093 2908 1106 2947 s
1134 2885 1195 2945 hoc
1224 2885 1331 2943 t'acere

204 2963 568 3053 tentaverit,asynodali
584 2969 637 3032 vel
649 2969 807 3054 imperiali
823 2970 984 3033 sententia
1002 2909 1104 3034 modis
1119 2967 1266 3029 omnibus
1280 2965 1330 3023 le·

205 3048 308 3118 riatur
329 3057 362 3133 t).
400 3051 484 3118 Ibis.
508 3075 534 3119 e.
562 3076 591 3135 p.
755 3074 758 3080 ·

479 3165 485 3175 ‘
511 3159 559 3219 Da
580 3141 784 3239 Presbyteria'
798 3157 1033 3223 constituendis.
1076 3191 1078 3196 ·

286 3257 475 3324 LXXXIV.
518 3265 679 3324 statutum
699 3268 748 3324 est
768 3273 803 3325 ut
821 3264 891 3324 sine
912 3265 1102 3325 auctoritate
1119 3265 1172 3325 vel
1196 3283 1330 3324 consen·

203 3363 242 3404 su
260 3341 494 3426 Episcoporum
510 3345 693 3431 Presbyteri
710 3343 743 3407 in
759 3343 958 3429 ‘quibuslibet
976 3347 1132 3408 Ecclesiis
1159 3345 1219 3407 nee
1249 3366 1329 3405 eon·

202 3425 378 3488 stituantur
391 3443 453 3488 nec
469 3428 682 3508 expellantur.
724 3430 767 3490 Et
788 3428 814 3490 si
832 3427 906 3489 laici
925 3425 1069 3490 Clericos
1089 3425 1265 3510 probabilis
1284 3426 1333 3488 vi«

202 3517 252 3569 tae
265 3507 641 3592 etdoctrinaeEpiscopis
653 3510 884 3572 consecrandos
897 3509 1027 3592 suisque
1044 3510 1077 3569 in
1087 3511 1239 3572 Ecclesiis
1249 3529 1329 3568 con-

200 3589 380 3740 sltbitpendos
407 3589 597 3669 obtulerint,
619 3591 711 3654 nulla
738 3593 884 3676 qualibet
912 3593 1078 3656 occasione
1103 3612 1157 3654 eos
1183 3591 1331 3654 reiciant.

242 3696 252 3732 ι
279 3721 285 3734 .
307 3695 333 3734 c.
350 3694 381 3757 9.

207 3783 516 3800 m

235 3843 265 3902 r)
289 3839 329 3890 ala
341 3851 403 3894 mss.
421 3842 577 3910 ignoratum
586 3840 687 3913 suerit.
874 3841 1005 3910 synodali
1021 3841 1083 3902 (vel
1099 3841 1252 3910 irnperiali)
1269 3859 1332 3894 sen-

234 3914 261 3976 e)
286 3909 321 3965 al.
339 3927 397 3961 mss.
416 3911 611 3964 exhereditari.
874 3915 961 3964 tentia
987 3911 1087 3973 (modis
1114 3913 1252 3972 ornatibus)
1275 3912 1332 3964 dis·

140 4037 142 4042 ,
227 3983 260 4044 vt)
285 3981 421 4032 Postrema
449 4001 507 4052 pars
532 3979 614 4034 buius
643 3983 740 4052 eapitis
878 3984 957 4034 triete
967 3981 1106 4053 feriatur,
1125 3993 1152 4034 et
1169 3999 1211 4035 ves
1229 3978 1268 4032 acl
1283 4000 1332 4035 ex-

285 4049 315 4101 in
332 4051 366 4102 al.
385 4052 470 4104 Codd.
488 4069 548 4104 mss.
571 4051 682 4122 paulum
701 4053 742 4104 di·-
766 4063 770 4070 “
877 4050 1021 4105 lseredatos
1040 4049 1142 4104 redeat.
1179 4053 1271 4104 Postea
1288 4068 1330 4102 se·

284 4122 367 4174 versis
384 4121 529 4178 sichabet:
550 4120 630 4188 Quod
645 4124 671 4173 si
688 4124 743 4178 ali·
877 4121 972 4191 quitur
991 4130 1074 4193 caput
1094 4131 1218 4172 octavum
1249 4119 1330 4194 capi-

287 4193 348 4263 quis
390 4191 516 4262 deinceps
558 4189 609 4244 boe
638 4192 742 4264 facere
878 4190 972 4245 talaris
991 4190 1054 4244 anni
1070 4185 1237 4246 DCCCXVI·

286 4263 470 4337 temptaverit,
483 4265 538 4327 (es)
557 4266 743 4335 accepturas)
