2926 4984
221 324 294 398 526
629 341 923 402 caurummuu

219 484 342 547 crimen
363 491 427 559 est,
450 479 539 563 quod
557 481 740 544 universam
760 484 968 556 commoverit
984 484 1181 564 Ecclesiam,
1204 495 1280 549 ante
1294 489 1345 550 ab·

220 567 320 629 sidam
338 587 451 625 manus
466 565 494 624 ei
515 565 707 644 imponatur.
749 565 790 624 Et
811 567 886 626 alibi
905 569 936 627 in
960 569 1144 630 Canonibus
1164 569 1216 630 vel
1233 571 1267 628 iu
1288 571 1344 631 de·

217 650 389 711 cretalibus
406 647 523 707 Leonis
539 649 642 728 Papae
667 647 861 728 praecipitur
878 651 917 710 de
941 651 1051 712 cadem
1072 673 1129 726 re,
1152 663 1188 712 at
1215 653 1343 712 absolu·

217 735 262 794 tio
278 733 499 812 poenitentum
527 751 588 814 per
611 751 722 804 manus
748 728 987 811 impositionem
1013 734 1244 816 Episcoporum
1267 755 1342 816 sup·

216 813 443 898 plicationibus
461 813 528 884 fiam
553 813 723 894 etreliqua
737 814 836 872 multa
855 814 930 873 talia
948 825 980 874 ct
998 815 1113 876 horum
1135 817 1262 876 similia.

215 924 263 983 De
268 921 498 1005 poenitentibus
508 921 563 1000 qui
569 919 798 980 Eucharistiam
811 925 986 1006 acceperint
997 925 1029 982 in
1041 923 1225 1006 infirmitate
1235 925 1341 1004 positi.

300 1025 456 1090 CXVlll.
507 1025 715 1086 Poenitentes
740 1027 796 1106 qui
827 1027 860 1086 in
888 1028 1070 1090 infirmitate
1100 1029 1254 1091 viaticum
1280 1031 1342 1090 Eu-

216 1110 383 1175 charistiae
404 1109 605 1188 acceperint,
628 1130 690 1166 non
709 1131 741 1169 se
753 1111 885 1170 credunt
905 1111 1064 1172 absolutos
1081 1112 1148 1172 siue
1164 1112 1342 1173 manusim·

214 1196 393 1280 positione,
417 1191 444 1252 si
459 1191 709 1270 supervixerint.

215 1304 264 1362 De
276 1297 414 1360 remedio
434 1295 691 1376 poenitentiaea
711 1297 798 1378 quod
811 1300 962 1359 absolutio
978 1303 1191 1382 poenitentum
1201 1323 1263 1386 per
1280 1324 1341 1360 ma·

216 1405 273 1444 nus
295 1381 524 1462 impositionem
548 1375 774 1461 Epiicoporum
797 1383 1072 1464 supplicationibus
1084 1384 1161 1466 fiat.
1208 1390 1340 1467 Propter

215 1463 301 1550 quod
321 1481 442 1521 necesse
461 1472 506 1518 est
532 1472 566 1517 ut
586 1471 907 1543 reatus'peccatorum
931 1477 1000 1522 ante
1023 1466 1163 1525 ultimum
1185 1467 1270 1525 diem
1295 1463 1340 1524 sia-

215 1545 369 1608 cerdotali
393 1541 617 1624 supplicatione
646 1544 802 1615 solvatur,
830 1546 965 1622 etiamsi,
985 1548 1126 1628 periculo
1148 1549 1260 1608 mortis
1286 1537 1338 1606 ur-

212 1641 313 1709 gente,
334 1627 437 1684 statim
455 1636 527 1708 post
542 1627 749 1706 acceptionem
764 1628 974 1710 poenitentiae
991 1640 1021 1686 et
1040 1631 1256 1689 reconciliatio
1274 1628 1338 1688 sub-

213 1721 369 1794 sequatur.
412 1707 462 1766 Ex
485 1705 619 1788 epistola
639 1708 742 1789 Papae
764 1708 879 1768 Leonis
901 1710 941 1769 ad
969 1709 1175 1772 Theodorum
1199 1709 1338 1773 Foroiu-

598 1788 732 1850 liensem
752 1790 956 1873 Episcopum.

299 1894 421 1961 CXIX.
464 1896 638 1978 Multiplex
669 1897 888 1958 misericordia
917 1897 977 1958 Dei
1001 1895 1044 1960 ita
1071 1900 1167 1983 lapsis
1189 1899 1337 1962 humanis

212 1979 385 2054 subvenit,
409 1988 527 2038 utnon
546 1979 650 2039 solum
664 1999 722 2060 per
741 1980 887 2060 baptismi
906 1981 1061 2062 gratiam,
1088 1983 1144 2044 sed
1164 1983 1261 2042 etiam
1284 2003 1338 2066 per

153 2067 155 2072 ’
212 2061 431 2148 poenitentiae
449 2061 639 2121 medicinam
660 2082 729 2141 spes
747 2063 832 2122 vitae
851 2073 1017 2144 reparetur
1037 2074 1204 2140 aeternae,
1229 2074 1261 2125 et
1281 2063 1336 2146 qui

211 2143 465 2228 regenerationis
487 2141 570 2202 dona
586 2143 768 2220 violarunt,
791 2146 921 2225 proprio
935 2167 968 2205 se
987 2145 1106 2206 iudicio
1120 2146 1337 2207 condemnan-

210 2240 276 2305 tes,
300 2227 340 2286 ad
353 2224 572 2286 remissionem
590 2224 760 2284 criminum
777 2228 979 2307 perveniant;
1003 2229 1048 2288 sic
1067 2229 1195 2289 divinae
1223 2230 1335 2289 voluu-

210 2312 283 2372 tatis
305 2307 470 2390 praesidiis
495 2303 668 2383 ordinatis,
691 2317 727 2365 ut
750 2309 983 2388 indulgentiam
1005 2309 1066 2368 Dei
1087 2311 1146 2370 nisi
1171 2312 1332 2392 supplica-

211 2392 353 2456 tionibus
372 2389 579 2450 Sacerdotum
600 2399 761 2469 nequeant
775 2390 930 2456 obtinere.
982 2393 1139 2452 Mediator
1161 2394 1249 2452 enim
1270 2391 1331 2453 Dei

212 2473 440 2539 et'hominum
470 2471 625 2530 Dominus
651 2473 737 2533 lesus
769 2471 915 2532 Christus
945 2472 1027 2532 hanc
1050 2474 1241 2555 Praepositis
1268 2476 1331 2535 Ec-

211 2558 327 2620 clesiae
352 2554 485 2614 tradidit
506 2563 709 2633 potestatem,
742 2563 778 2612 ut
806 2563 837 2612 et
863 2555 1088 2616 confitentibus
1113 2557 1330 2636 poenitentiae

211 2639 407 2704 sanctionem
437 2637 566 2711 darent,
600 2646 631 2695 et
659 2635 698 2693 ab
730 2637 840 2696 eadem
863 2637 981 2696 salubri
1011 2638 1223 2698 satisfactione
1252 2659 1331 2720 pur·

211 2733 297 2806 gatos
324 2721 363 2780 ad
385 2718 641 2779 communionem
666 2719 940 2778 sacramentorum
960 2741 1017 2799 per
1036 2720 1163 2779 ianuam
1182 2719 1331 2780 reconci-

210 2802 352 2866 liationis
380 2802 592 2861 admitterent.
655 2800 715 2876 Cui
748 2801 858 2879 utique
886 2802 989 2884 operi'
1006 2802 1236 2862 incessabiliter
1264 2803 1330 2882 ipse

211 2889 357 2950 Salvator
383 2883 576 2958 intervenit,
599 2882 655 2962 qui
679 2903 843 2964 nunquam
863 2881 912 2943 bis
943 2884 1049 2959 abest,
1072 2884 1154 2944 sicut
1178 2883 1244 2965 ipse
1268 2884 1329 2944 ait:

210 2971 291 3030 Ecce
306 3013 316 3040 ,
340 2988 394 3046 ego
418 2967 579 3026 uobiscum
599 2985 666 3022 sum
689 2967 830 3025 anseribus
862 2965 970 3026 diebus
999 2986 1092 3048 usque
1123 2965 1169 3024 ad
1191 2986 1331 3026 consum·

211 3053 376 3110 mationem
390 3048 496 3107 seculi.
538 3049 609 3121 Qua
629 3046 668 3105 de
688 3067 721 3106 re
737 3046 884 3105 innuitur
906 3058 942 3107 ut
962 3048 987 3108 si
1012 3047 1092 3127 quid
1110 3068 1168 3128 per
1194 3048 1330 3108 servitu-

210 3142 275 3192 tem
298 3141 434 3190 nostram
446 3130 531 3188 bono
547 3128 659 3187 ordine
677 3138 709 3187 et
724 3139 812 3208 grato
830 3130 980 3209 impletur
996 3128 1127 3205 ellectu,
1152 3151 1214 3189 uon
1234 3127 1331 3188 ambi·

211 3235 319 3296 gamus
333 3233 391 3291 per
413 3211 567 3292 Spiritum
588 3220 731 3269 sanctum
753 3211 843 3271 nobis
857 3211 954 3270 fuisse
971 3211 1132 3270 donatum.
1175 3213 1207 3271 si
1224 3203 1352 3270 autem¹

211 3294 327 3373 aliquis
344 3314 454 3352 eorum
471 3315 527 3373 pro
545 3292 808 3372 quihusDomino
822 3292 1053 3374 supplicamus,
1074 3314 1267 3374 quocunque
1284 3293 1331 3349 in-

208 3385 370 3455 terceptus
389 3375 569 3450 obstaculo,
592 3395 724 3434 munere
736 3375 956 3455 indulgentiae
973 3375 1146 3454 praesentis
1163 3374 1329 3447 exciderit,

211 3469 242 3520 et
259 3460 442 3537 priusquam
463 3457 500 3513 ad
516 3457 686 3515 constituta
709 3457 849 3516 remedia
868 3457 1033 3536 perveniat
1055 3458 1262 3537 temporalem
1281 3455 1329 3515 vi-

209 3551 273 3601 tam
290 3540 429 3598 hamana
450 3538 633 3596 conditione
653 3538 781 3615 finierit,
804 3541 890 3619 quod
910 3558 1041 3598 manens
1060 3538 1092 3596 in
1116 3533 1249 3620 corpore
1266 3557 1328 3596 nou

209 3622 347 3702 recepit,
371 3619 522 3699 consequi
548 3629 662 3679 exutus
681 3641 775 3678 carne
802 3642 864 3680 non
892 3620 1017 3701 poterit.
1059 3620 1182 3681 Idcirco
1203 3639 1329 3680 neccsse

211 3715 259 3766 est
281 3723 467 3764 noseorum
491 3700 545 3781 qui
566 3701 705 3760 obierint
733 3703 844 3762 merita
871 3713 1021 3782 actusque
1050 3702 1227 3780 discutere,
1259 3723 1330 3760 cum

209 3787 366 3847 Dominus
383 3793 506 3858 noster,
529 3783 620 3842 cuius
648 3783 766 3842 iudicia
781 3795 948 3866 nequeunt
975 3783 1223 3865 comprehendi,
1243 3780 1330 3866 quod

210 3868 418 3930 sacerdotum
440 3865 565 3945 impleri
590 3865 765 3924 ministerio
783 3888 846 3925 non
862 3867 956 3941 sivit,
980 3889 1053 3926 suae
1078 3866 1214 3926 iustitiae
1232 3886 1330 3948 repar·

209 3951 310 4020 vavit;
335 3951 375 4009 ita
394 3957 580 4030 potestatem
596 3970 683 4007 suam
696 3947 801 4007 timeri
817 3949 948 4024 volens,
971 3957 1005 4006 ut
1024 3948 1075 4007 hic
1099 3958 1203 4008 terror
1227 3946 1330 4008 omni-

209 4034 267 4094 bus
290 4032 405 4113 prosit,
429 4041 460 4092 et
484 4031 571 4111 quod
589 4031 778 4110 quibusdam
795 4030 910 4111 tepidis
936 4041 989 4090 aut
1010 4029 1255 4112 neglegentibus
1283 4049 1330 4087 ac·

209 4115 301 4191 cidit,
326 4123 639 4174 nemonoumetuat.
683 4113 818 4170 Multum
839 4113 922 4172 enim
948 4113 1027 4172 utile
1061 4133 1096 4170 ac
1119 4111 1330 4171 necessarium

210 4207 307 4260 estut
325 4206 530 4278 peccatorum
550 4206 654 4269 reatus
679 4205 750 4254 ante
777 4195 923 4253 ultimum
946 4195 1030 4256 diem
1051 4194 1239 4255 sacerdotali
1261 4215 1331 4273 sup·

207 4280 381 4363 plicatione
403 4279 554 4344 solvatur.
597 4278 651 4339 His
669 4287 775 4338 autom
793 4277 849 4360 qui
862 4286 1005 4362 tempore
1022 4276 1227 4355 necessitatis,
1248 4274 1330 4361 peri·
