2948 4990
545 399 659 457 naen
685 395 839 453 saurus.
1179 377 1252 449 615

128 539 327 604 monasteriis
341 540 392 601 vel
415 542 628 607 xenodochIIs
652 561 710 626 pro
732 561 926 626 quacunque
946 541 1148 622 eleemosyna
1179 558 1254 598 cum

128 623 247 684 institia
283 624 442 705 delegatas
450 671 459 702 ,
503 637 688 704 retentare,
725 627 893 702 alienare,
928 633 1023 706 atque
1056 618 1254 684 subtrahere.

128 705 224 782 Quod
240 705 266 766 si
283 707 355 788 quis
376 707 501 787 fecerit,
522 721 674 794 tanquam
690 719 822 773 necator
838 728 1026 790 pauperum,
1048 705 1255 784 antiquorum

127 809 287 848 canonum
311 791 479 852 sententiis
507 794 719 870 constrictus,
749 792 787 851 ab
814 790 980 852 Ecclesiae
1005 787 1172 849 liminibus
1195 806 1255 845 ex-

127 870 276 930 cludatur
293 873 438 954 quaudiu
458 875 497 936 ab
525 875 594 959 ipso
626 897 664 937 ea
693 897 776 958 quae
803 883 880 936 sunt
900 871 1004 934 ablata
1032 879 1086 935 aut
1108 876 1254 946 retenta»

125 953 310 1018 reddantur.
352 954 437 1021 Ibid.
458 978 485 1024 c.
506 979 537 1039 9.

169 1057 211 1119 Ut
241 1061 344 1122 socios
367 1083 439 1124 suos
472 1064 612 1125 nominet
631 1062 719 1149 apud
743 1082 835 1149 pem
856 1081 935 1148 pars
959 1061 1090 1146 rapinae
1102 1057 1208 1143 suerit

619 1147 758 1208 inuenta.

208 1245 414 1311 CXXXVII.
454 1250 550 1333 Apud
560 1273 658 1333 quern
674 1253 777 1314 scelus
792 1250 976 1335 agnoscitur
992 1258 1024 1312 et
1037 1269 1109 1332 pars
1121 1246 1255 1329 rapinae

125 1329 224 1394 luerit
244 1331 387 1409 inventa,
409 1334 514 1394 statim
530 1335 632 1397 socios
652 1359 726 1398 suos
747 1337 914 1396 nominare
930 1343 1070 1417 cogatur.
1112 1328 1254 1412 Quodsi

127 1413 293 1476 nominare
313 1415 472 1495 noluerit,
501 1424 653 1480 teneatur
672 1420 712 1480 ad
732 1419 917 1480 vindictam.

299 1521 349 1580 De
365 1521 414 1580 bis
428 1523 482 1605 qui
498 1521 682 1609 diripienda
704 1523 847 1586 indicare
873 1522 1083 1608 reperiuntur.

206 1622 432 1691 CXXXVIII.
475 1628 672 1712 Quicunque
687 1631 848 1712 ingenuus
863 1631 916 1692 vel
933 1649 1046 1689 servus
1061 1625 1185 1710 aliquid
1203 1624 1256 1686 di-

125 1705 312 1788 ripiendum
333 1707 536 1786 indicaverit,
558 1722 594 1772 ut
612 1714 833 1794 cuiuscunque
853 1733 905 1773 res
925 1719 1102 1786 evertatur,
1129 1717 1183 1768 ant
1201 1729 1255 1788 pe÷

128 1811 200 1852 cora
227 1791 282 1850 vel
303 1791 445 1851 iumenta
464 1792 668 1875 diripiantur,
691 1807 721 1857 et
749 1817 788 1856 ex
811 1795 873 1857 hoe
896 1795 990 1854 certis
1012 1791 1254 1874 probationibus

26 1915 27 1958 p
127 1872 256 1953 publice
277 1874 442 1934 convietus
456 1875 652 1956 inveniatur,
676 1900 735 1961 pro
749 1897 788 1936 eo
799 1878 888 1960 quod
902 1875 1105 1954 indicaverit,
1123 1884 1254 1940 centum

26 1999 28 2052 ἰ
125 1955 243 2036 viginti
264 1955 392 2038 flagella
410 1957 540 2039 publice
563 1969 715 2030 extensus
739 1960 885 2044 accipiat.

26 2057 28 2070 ¹
128 2059 169 2121 Ut
193 2061 328 2154 Abbates
356 2063 391 2122 in
410 2064 476 2124 eius
500 2063 655 2150 Episcopi
676 2067 708 2125 in
737 2067 824 2126 cuius
844 2067 997 2150 parocbia
1018 2075 1110 2138 sunt,
1143 2075 1253 2148 potes·

558 2159 619 2206 tate
638 2150 819 2229 persistant.

207 2245 405 2311 CXXXIX..
439 2250 577 2317 Abbates
596 2273 654 2335 pro
677 2252 858 2319 humilitate
882 2252 1050 2334 religionis
1070 2252 1103 2312 in
1122 2250 1255 2332 Episco-

26 2345 27 2388 ἡ
122 2353 239 2412 porum
255 2341 410 2413 potestate
425 2335 607 2400 consistant.
648 2335 690 2395 Et
706 2336 732 2396 si
750 2335 830 2417 quid
843 2346 931 2396 entra
945 2335 1089 2416 regulam
1103 2332 1253 2408 fecerint,

25 2389 27 2466 l
124 2415 161 2482 ab
178 2414 348 2496 Episcopis
365 2417 576 2498 corrigantur.
619 2418 682 2494 Qui
698 2420 797 2478 semel
816 2417 848 2476 in
871 2439 966 2493 anno,
990 2420 1023 2475 in
1040 2415 1113 2475 loco
1137 2415 1192 2474 ubi
1207 2414 1253 2472 Ε-

25 2489 27 2540 i
122 2497 272 2580 piscopos
291 2497 436 2580 elegerit,
458 2508 587 2582 accepta
605 2501 771 2562 vocatione
792 2500 995 2564 conveniant.

25 2609 27 2664 l
147 2601 191 2670 Ut
212 2603 316 2663 nullus
339 2605 512 2664 Monachus
540 2605 696 2686 relinquat
721 2627 810 2666 suum
838 2607 1060 2673 nioraasterium
1086 2615 1115 2662 et
1137 2601 1254 2672 cellas!

244 2698 404 2746 construat
423 2688 489 2746 sine
514 2686 666 2772 Episcopi
683 2689 738 2748 vel
759 2689 890 2749 Abbatis
916 2690 966 2746 sui
987 2687 1124 2745 licentia.

211 2789 311 2852 CXL.
354 2794 396 2851 Ut
410 2791 520 2852 nullus
536 2794 722 2870 Monachus,
738 2793 985 2875 congregatione
1000 2789 1186 2851 monasterii
1201 2789 1256 2848 de-

126 2873 258 2949 relicta,
281 2874 461 2944 ambitionis
484 2885 538 2934 aut
564 2877 712 2938 vanitatis
737 2876 894 2958 impulsu,
923 2875 1039 2936 cellam
1066 2882 1253 2934 construere

125 2956 196 3022 siue
214 2955 366 3040 Episcopi
380 2957 591 3040 permissione
610 2959 801 3020 velAbbatis
818 2959 867 3018 sni
883 2959 1049 3022 volutante
1063 2965 1254 3040 praesumat.

580 3065 629 3123 De
652 3066 810 3147 apostatis.

210 3167 324 3233 CXLI.
366 3169 562 3250 Quicunque
582 3180 654 3251 post
678 3179 805 3231 sanctae
831 3171 997 3252 religionis
1022 3169 1255 3252 professionem

129 3261 278 3334 apostant
299 3262 331 3312 et
351 3251 390 3310 ad
410 3255 556 3312 seculum
579 3252 728 3329 redeunt,
752 3262 785 3312 et
805 3255 1008 3334 postmodnm
1034 3253 1254 3334 poenitentiae

128 3335 271 3395 remedia
289 3355 352 3394 non
369 3335 551 3414 requirunt,
573 3335 833 3394 communionem
847 3338 976 3417 penitus
994 3357 1058 3394 non
1080 3336 1255 3419 accipienti

130 3439 211 3501 qnos
230 3417 325 3478 etiam
343 3417 489 3478 iubemus
506 3417 544 3476 ad
564 3417 733 3482 clericatus
748 3417 892 3486 alliciam
911 3439 977 3488 non
992 3419 1124 3484 admitti.

514 3525 562 3583 De
587 3525 875 3585 excommunicatis.

212 3629 341 3696 CXLII.
386 3630 419 3692 si
436 3631 542 3712 quisi
564 3630 789 3700 communione
812 3630 1001 3691 sacerdotali
1024 3630 1123 3690 fuerit
1143 3639 1257 3691 aucto-

25 3731 40 3767 3·
130 3714 222 3775 ritate
245 3735 428 3796 suspensus,
451 3715 539 3774 liunc
562 3737 626 3774 non
648 3713 753 3774 solum
773 3713 789 3772 a
808 3713 1021 3790 Clericorunu,
1043 3713 1099 3772 sed
1122 3713 1217 3772 ctiam
1240 3714 1258 3782 a

27 3787 41 3848 d
69 3860 70 3868 χ
130 3797 227 3856 totius
244 3797 356 3878 populi
374 3797 549 3878 conloquio
567 3807 662 3880 atque
683 3794 833 3857 convivio
850 3795 974 3878 placuit
988 3794 1129 3872 excludi,
1153 3795 1258 3855 donee

26 3873 39 3932 h
132 3879 322 3960 resipiscens
343 3881 382 3940 ad
404 3880 570 3940 sanitatem
588 3879 696 3940 redire
718 3878 857 3952 festinet,

26 4051 33 4099 t
69 3987 85 4091 p
134 3985 179 4044 Ne
196 3983 322 4044 ludices
340 3983 540 4075 perfidorum
557 3983 709 4045 'excessus
739 3986 854 4066 absque
871 3984 1080 4074 'propriorum
1101 3979 1259 4042 Sacerdos

34 4083 39 4097 ·
83 4116 85 4131 .
503 4084 567 4127 tum
589 4067 721 4126 consilio
741 4066 891 4130 iudicent.

25 3981 41 4000 ,ι-

25 4004 32 4016 u

25 4244 30 4280 f
77 4199 98 4367 κ
215 4171 370 4235 CXLIII·
410 4173 457 4234 ΝΒ
479 4172 606 4235 ludices
620 4171 794 4253 quicquam
810 4171 850 4232 de
867 4168 1063 4253 perfidorum
1078 4168 1260 4238 excessibus

136 4265 224 4322 extra
242 4257 450 4322 sacerdotum
476 4255 736 4336 conhibentiam,
759 4253 901 4323 iudicare
915 4261 1128 4341 praesumant.

27 4347 34 4402 ‘
93 4373 115 4522 l

46 4531 138 4962 l
