2910 4984
501 325 658 412 annino
695 322 846 397 rauna
919 367 922 376 .
1133 411 1136 418 Α
1181 299 1252 382 sta

117 495 194 536 rum
217 472 271 535 rel
293 467 537 532 Haereticorum
554 491 605 532 res
630 467 874 551 emphyteoseos
894 466 948 530 vel
977 467 1205 553 conductiopis
1218 467 1257 533 ti-

117 557 190 618 tulo
212 554 475 634 habere‚·neque
502 575 633 639 snorum
657 552 808 614 similiter
835 549 882 613 eis
907 547 1156 634 accommodare.

270 662 319 721 De
338 661 467 745 placitis
489 660 695 732 secularibus,
722 679 761 720 ne
790 661 824 720 in
846 655 991 720 Ecclesia
1006 655 1107 744 fiant.
1130 715 1132 722 ,

203 765 292 830 XCI.
332 765 456 828 Placita
476 765 608 846 quidem
627 763 784 825 secularia
800 764 836 824 in
853 762 1021 842 Ecclesiis,
1041 764 1147 826 velia
1168 769 1256 832 atriis

116 850 380 916 Ecclesiarnma
409 848 586 910 Comitibus
611 847 816 930 vicariisque
840 867 943 928 nsque
970 846 1066 908 modo
1092 851 1256 916 multicia
1348 857 1350 862 ’

118 936 201 997 locis
217 933 336 1010 habita,
359 952 400 993 ne
420 931 604 992 ultra.fiant
625 929 887 991 interdicendam
905 939 954 991 est
975 951 1050 991 cum
1066 934 1255 996 auctoritate

119 1017 294 1094 dominica,
316 1013 373 1097 qai
400 1013 543 1096 expulsis
570 1014 610 1074 de
636 1013 757 1096 templo
786 1012 1040 1095 negotiatoribus
1062 1015 1182 1080 adserit
1204 1018 1257 1079 de·

117 1099 197 1162 here
220 1100 351 1160 domum
370 1097 433 1158 Dei
457 1097 587 1157 domum
613 1117 680 1158 esse
701 1095 865 1158 orationis.

285 1204 334 1263 De
358 1204 557 1276 incestuosis,
584 1200 770 1286 parricidis,
797 1215 889 1285 atque
913 1201 1092 1270 homicidis.

203 1285 309 1350 XCII.
354 1285 545 1362 Incestuosi,
559 1284 751 1366 parricidae,
768 1284 949 1348 homicidae
966 1287 1062 1347 multi
1082 1289 1168 1370 apud
1186 1311 1256 1368 nos,

118 1368 188 1430 heu
211 1367 429 1450 prohdolor!
460 1367 682 1448 reperiuntur.
724 1367 787 1427 Sed
811 1367 914 1450 aliqui
944 1368 1073 1434 axillis
1096 1374 1256 1436 Sacerdo-

119 1462 189 1511 tum
214 1451 332 1511 nolunt
356 1449 632 1511 admonitionibus
651 1471 759 1509 aurern
778 1451 1029 1530 accommodare,
1051 1453 1200 1518 volentes
1222 1457 1255 1516 in

119 1533 264 1617 pristinis
291 1533 408 1595 durare
434 1531 640 1604 criminibus;
679 1553 760 1613 quos
788 1543 914 1615 oportet
942 1555 1002 1616 per
1022 1536 1177 1598 secularis
1201 1560 1258 1621 po-

120 1617 241 1678 tentiae
267 1615 471 1697 disciplinam
493 1616 509 1674 a
535 1625 600 1675 tam
619 1636 717 1698 prava
748 1616 983 1678 consuetudine
1010 1619 1178 1700 coerceri,
1199 1621 1257 1702 qui

119 1721 179 1784 per
202 1698 369 1760 salutifera
393 1696 602 1759 sacerdotum
631 1697 753 1756 monita
775 1698 943 1759 noluerint
971 1700 1139 1761 revocari:
1178 1722 1257 1784 quo-

120 1804 194 1844 rnm
223 1781 348 1862 aliquos
375 1781 438 1840 iam
469 1779 827 1844 excommunicavimus.
882 1781 947 1842 Sed
978 1781 1028 1842 illi
1058 1781 1121 1844 hoc
1149 1785 1257 1864 parvi-

120 1864 311 1948 pendentes,
333 1862 369 1921 in
391 1863 512 1924 eisdem
529 1864 747 1946 perdurarunt
765 1862 965 1928 criminibus.
1006 1865 1112 1940 Quam
1128 1866 1169 1926 ob
1187 1888 1257 1931 rem

121 1946 639 2106 qestra'decquna4t5mansuetudo
665 1944 746 2026 qnid
772 1943 812 2007 de
838 1946 955 2008 talibus
980 1946 1134 2033 deinceps
1162 1970 1257 2033 agen-

147 2050 201 2090 um
222 2039 272 2090 s1t.
354 2077 375 2092 ..
426 2074 434 2090 .
559 2036 561 2040 ’
887 2048 890 2054 ·

342 2135 391 2194 De
415 2135 545 2214 magieis
569 2135 689 2196 ortibus
709 2147 740 2195 et
760 2135 1033 2196 incantationibus.
1299 2174 1301 2184 ι

204 2216 326 2280 XCIII.
369 2217 572 2278 Admoneant
597 2217 786 2278 Sacerdotes
807 2216 920 2278 fideles
943 2219 1081 2299 populos
1105 2228 1140 2278 ut
1159 2241 1258 2282 nove-

123 2302 190 2362 rint
211 2301 347 2384 magicas
368 2310 451 2361 artes
475 2300 775 2381 incantationesque
793 2299 993 2380 quibuslibet
1018 2300 1258 2364 infirmitatibus

123 2384 294 2445 hominum
312 2383 394 2442 nihil
412 2404 503 2462 posse
520 2383 655 2443 remedii
676 2384 848 2458 conferre,
881 2378 957 2441 non'
979 2381 1170 2444 animalibus
1191 2387 1258 2444 lan-

126 2466 309 2547 guentibus,
331 2464 642 2542 claudicantibusve,
664 2466 717 2525 vel
742 2463 838 2524 etiam
859 2464 1060 2525 moribundis
1085 2466 1259 2549 quicquam

125 2549 267 2620 mederi;
302 2570 367 2608 non
389 2547 539 2630 ligaturas
561 2569 690 2608 ossuum
713 2548 766 2608 vel
788 2546 962 2606 herbarum
986 2547 1137 2629 cuiquam
1163 2550 1257 2610 adhi-

124 2629 203 2691 bitas
217 2632 387 2714 prodesse,
410 2631 467 2692 sed
481 2630 559 2690 haec
574 2652 640 2691 esse
658 2630 792 2710 laqueos
806 2639 839 2689 et
855 2629 986 2689 insidias
1006 2629 1133 2712 antiqui
1146 2630 1258 2710 hostis,

126 2713 244 2796 quibus
272 2714 330 2775 ille
351 2713 494 2798 perfidus
519 2734 619 2795 genus
639 2712 817 2772 humanum
841 2711 991 2795 decipere
1010 2711 1133 2778 nititur.

278 2819 326 2878 Ne
351 2809 465 2879 nomen
488 2817 552 2876 Dei
571 2819 605 2875 in
624 2837 735 2876 vonum
758 2814 893 2876 iurando
916 2829 1101 2882 assumatur.

207 2896 328 2966 XCIV.
371 2901 492 2960 Omnes
518 2899 665 2959 homines
682 2898 888 2958 admonemus
905 2918 946 2956 ne
964 2919 1024 2980 per
1041 2898 1169 2981 singula
1190 2923 1259 2962 ver-

125 2982 188 3057 ba,
218 2981 308 3062 quasi
337 2982 378 3042 ad
396 2981 671 3042 confirmationem
692 3003 766 3042 suae
790 2980 992 3058 assertionis,
1016 3002 1132 3054 nomen
1151 2986 1259 3044 Domi·

127 3063 161 3123 ni
183 3063 217 3121 in
242 3074 556 3134 vanam-assumant3
580 3062 669 3144 quod
686 3063 753 3145 ipse
777 3063 935 3124 Dominus
951 3063 1118 3126 interdicit
1134 3066 1258 3133 facien-

128 3146 214 3223 dum,
236 3145 292 3206 nbi
318 3147 387 3205 ait:
409 3147 457 3206 Ne
485 3166 623 3206 assumas
644 3165 756 3204 nomen
777 3147 840 3206 Dei
857 3145 905 3205 tni
923 3147 956 3204 in
977 3167 1098 3208 vanum.
1140 3148 1178 3209 ln
1201 3171 1258 3216 ra·

128 3249 205 3288 num
225 3225 346 3290 etenim
366 3249 482 3289 nomen
503 3228 565 3288 Dei
587 3227 776 3303 assumitur,
795 3227 927 3308 quando
949 3228 1067 3309 aliquis
1087 3230 1128 3291 ad
1147 3230 1257 3312 singu·

127 3311 158 3371 la
185 3309 282 3371 rerba
306 3311 424 3393 quibus
451 3312 520 3373 vult
541 3319 578 3370 ut
599 3309 664 3370 sibi
690 3309 728 3368 ab
750 3309 814 3369 alio
836 3310 997 3387 credatur,
1018 3313 1124 3372 Deum
1151 3315 1258 3373 omni-

126 3401 290 3475 potentem
316 3402 432 3456 testem
455 3394 503 3454 rei
530 3394 569 3454 de
602 3414 665 3473 qua
692 3392 754 3465 ait,
786 3392 935 3470 invocat,
965 3414 1104 3476 eumque
1130 3394 1190 3456 sibi
1213 3396 1257 3455 ita

127 3496 194 3536 esse
222 3477 401 3537 adiutorem
428 3477 513 3540 sicut
542 3497 579 3536 ea
604 3497 680 3536 vera
711 3485 787 3536 sunt
813 3495 896 3554 quae
925 3474 1082 3557 loquitur.
1122 3479 1202 3538 Nam
1226 3487 1259 3539 et

126 3557 193 3639 ipse
218 3559 375 3620 Dominus
396 3561 430 3620 in
453 3557 619 3640 evangelio
639 3557 701 3616 hoc
723 3558 818 3617 modo
847 3556 1020 3639 prohibens
1043 3580 1137 3621 omne
1156 3583 1258 3643 genus

126 3639 308 3720 iuramenti,
330 3644 449 3716 Nolite,
474 3641 591 3722 inquit,
615 3641 741 3700 omnino
769 3642 896 3712 intare,
920 3657 1017 3723 neque
1040 3665 1100 3726 per
1122 3642 1255 3714 coelum,

126 3744 221 3806 neque
252 3747 312 3807 per
333 3739 464 3798 terram,
486 3737 583 3805 neque
598 3743 658 3807 per
679 3736 771 3804 eaput
790 3737 893 3790 tantm
923 3732 955 3783 et
976 3734 1112 3786 caetera.

212 3829 213 3836 ’
296 3829 345 3889 De
369 3831 474 3890 Laicis
490 3851 527 3888 ne
549 3827 713 3886 mnnernd
739 3828 936 3904 Presbyteris
957 3831 1097 3908 exr'gnnt

205 3931 310 3995 XCV.
352 3938 394 3996 Ut
419 3933 508 3994 Laici
533 3930 666 3992 omnino
692 3932 708 3990 a
734 3931 934 4015 Presbyteris
949 3954 1013 3994 non
1032 3935 1260 4002 audeantmu-

126 4034 203 4074 nera
229 4017 358 4098 exigere
383 4027 515 4101 propter
532 4014 1039 4088 commendationemEcclesiae;
1062 4018 1139 4099 qaia
1161 4043 1262 4105 prop·

125 4106 174 4155 ter
202 4100 620 4184 cupiditatemplerunqae
646 4097 663 4156 a
694 4096 801 4158 laicis
829 4098 946 4160 talibus
968 4101 1168 4183 presbyteris
1190 4110 1260 4168 Ἐο-

126 4179 240 4324 pilesiae
267 4182 465 4265 danturqui
494 4183 534 4244 ad
559 4179 782 4264 peragendum
814 4182 1012 4244 sacerdotale
1043 4184 1187 4248 officium
1217 4192 1264 4248 in-

150 4284 214 4344 ignr
241 4275 325 4324 sunt.
