2926 4986
145 417 148 424 .
198 311 270 388 734
602 307 890 410 consumamur

200 470 349 538 omuibus
378 465 498 548 absque
520 487 604 564 pune
623 473 656 530 et
678 489 761 550 aqna
782 467 852 531 fieri
875 467 1009 548 alienos,
1035 481 1130 554 atque
1157 471 1184 536 si
1204 470 1329 554 absque

195 555 361 620 Ecclesiae
378 549 595 612 satisfactione
612 549 652 611 de
665 549 725 612 hac
740 551 806 613 vita
827 552 1021 614 recesserint
1035 553 1053 614 i
1067 555 1238 636 regnoDci
1254 555 1329 616 fore

197 650 352 702 extorres.
395 635 499 710 Quam
520 633 645 694 foveam
661 653 773 694 cavere
789 631 991 695 dissimulans
1007 636 1062 698 vel
1081 657 1244 714 recusans,
1256 658 1331 696 uos-

196 731 247 784 trn
273 741 306 782 se
327 715 407 780 sciat
422 734 481 795 per
497 713 603 775 omnia
618 720 727 776 carere
750 715 922 787 societate;
944 716 1021 798 quia
1049 739 1113 778 non
1142 713 1248 782 solum
1269 717 1331 798 qui

196 802 333 878 faciunt,
356 798 413 859 sed
426 795 484 877 qui
502 796 695 858 facientibus
708 819 809 880 prava
828 799 1046 876 consentiunt,
1065 800 1113 862 rei
1138 809 1225 866 sunt.
1267 801 1330 862 Sa-

196 887 264 948 tius
278 883 366 944 enim
384 878 476 940 nobis
493 890 541 941 est
552 900 688 962 regnum
703 901 768 941 uon
790 878 909 941 habere
924 889 1100 959 terrenum,
1118 903 1215 964 quam
1226 891 1332 944 ueter-

198 989 288 1044 num,
307 964 461 1047 perdere:
483 962 555 1042 plus
572 983 650 1023 vero
668 983 718 1022 me
733 961 830 1023 eredo
857 983 950 1046 posse
984 965 1090 1024 Deum
1116 986 1175 1047 per
1196 985 1331 1026 suorum

197 1053 391 1114 Sanctorum
406 1043 518 1104 merita
537 1043 700 1122 adiuvare,
713 1067 809 1139 quam
826 1065 954 1126 omnem
972 1044 1121 1106 militiam
1139 1046 1330 1110 secularem.

197 1134 404 1212 Quapropter
423 1145 533 1187 omnes
551 1127 633 1188 scire
658 1147 814 1208 cupimus,
841 1125 867 1189 si
897 1148 994 1209 super
1023 1128 1075 1190 his
1103 1128 1223 1210 quibus
1249 1129 1332 1190 frui-

198 1234 273 1274 mur
287 1212 381 1273 bonis
402 1209 591 1270 uuiversum
608 1210 764 1270 muudum
786 1209 905 1270 lucrari
932 1209 1155 1292 potuissemus,
1187 1219 1331 1271 nostram

196 1305 384 1374 vestrasque
412 1291 531 1351 animas
547 1292 682 1374 perdere
701 1289 925 1368 noluissemus,
944 1312 1004 1352 nec
1018 1313 1051 1354 se
1070 1315 1129 1376 pro
1149 1292 1328 1376 praedictis

200 1375 430 1460 cupiditatibus
447 1374 583 1452 perdere
603 1373 786 1436 volentibus
802 1374 967 1440 assentire.
1016 1377 1168 1436 Testante
1189 1396 1329 1456 namque

200 1459 387 1540 evangelica
412 1457 489 1516 tuba
510 1455 680 1518 didicimus
705 1455 789 1517 nihil
813 1455 965 1538 prodesse
992 1455 1117 1516 homini
1141 1457 1331 1536 uuiversum

199 1543 357 1602 mundum
380 1539 511 1614 lucrari,
530 1537 556 1599 si
578 1539 702 1600 animae
724 1538 1052 1598 suacdetrimeutum
1074 1537 1224 1620 patiatur.
1287 1539 1330 1600 Et

200 1626 334 1686 iterum:
358 1625 460 1706 Quam
479 1620 569 1682 dabit
588 1623 680 1682 bomo
695 1623 966 1680 commutationem
981 1641 1042 1703 pro
1062 1623 1167 1682 eninm
1183 1621 1267 1681 sna?
1287 1621 1331 1682 Et

200 1707 335 1768 iterum:
360 1705 454 1764 Ibunt
469 1703 504 1762 bi
517 1705 551 1763 in
568 1703 754 1786 supplicium
768 1703 1001 1785 sempiternum,
1015 1704 1100 1782 ¹iusti
1111 1715 1214 1765 entem
1229 1703 1265 1766 in
1281 1703 1330 1764 oi·

201 1799 266 1851 tam
278 1799 446 1852 aeternam.
496 1785 631 1868 Capitol.
645 1788 714 1846 III.
728 1807 756 1849 a.
770 1784 841 1862 814.
857 1804 883 1850 e.
902 1785 932 1846 ὅ.

157 1915 159 1924 “
204 1901 249 1964 Ut
263 1899 409 1962 mulieres
434 1920 496 1960 non
515 1897 734 1978 ingrediantur
748 1896 794 1958 nd
807 1899 916 1959 altare.
937 1895 980 1960 Et
994 1910 1029 1960 ut
1048 1898 1230 1983 baptizandi
1239 1897 1329 1982 fidei

203 1993 399 2045 sacramento
421 1983 634 2057 instruantur,
665 1995 696 2042 et
720 1993 794 2065 post
822 1981 1008 2066 baptismum
1032 1983 1169 2042 chrisma
1196 1983 1329 2042 coeleste

309 2083 369 2148 per
396 2063 624 2147 Episcoporum
643 2084 753 2123 manus
774 2063 1005 2146 impositionem
1026 2064 1213 2148 percipiant.

284 2165 439 2229 cctxn.
480 2167 551 2226 Non
569 2175 695 2247 oportet
710 2165 862 2229 mulieres
879 2167 1006 2252 ingredi
1028 2169 1191 2234 adultere.
1227 2169 1256 2230 I.
1283 2189 1326 2250 ¹7·

282 2249 495 2332 Baptizandos
506 2269 584 2309 vero
598 2258 727 2330 oportet
743 2249 820 2310 fidei
834 2249 1021 2334 Symbolum
1035 2251 1223 2330 discere,et
1236 2251 1329 2331 quin-

202 2344 235 2400 sa
251 2331 333 2396 feria
347 2331 542 2414 septimanae
559 2330 687 2392 maioris
699 2331 860 2414 Episcopo
878 2333 930 2394 vel
962 2333 1160 2416 Presbyteris
1181 2333 1326 2396 reddere.

201 2418 245 2480 Et
259 2414 316 2498 qui
337 2413 371 2473 in
386 2412 585 2496 aegritudine
609 2413 774 2474 constituti
789 2413 980 2496 baptismum
997 2414 1212 2498 perceperint,
1226 2415 1325 2476 situati

202 2500 278 2560 fidei
289 2496 440 2580 Symbolo
458 2497 644 2572 doceantur,
655 2504 690 2555 ut
707 2496 861 2558 noverint
873 2507 993 2579 quauta
1010 2499 1139 2558 natione
1152 2498 1241 2580 digni
1255 2505 1328 2557 suut

202 2581 314 2644 babiti.
357 2581 494 2661 Oportet
509 2577 605 2638 etiam
621 2577 795 2658 baptizatos
811 2589 883 2662 post
896 2580 1089 2662 baptismum
1104 2579 1242 2642 chrisma
1258 2600 1327 2640 eoe-

201 2659 283 2726 leste
301 2661 480 2746 percipere,
494 2670 526 2720 et
540 2659 633 2742 regui
651 2659 770 2722 Christi
786 2661 958 2746 participes
978 2663 1059 2723 fieri.

204 2790 303 2876 Quod
320 2809 384 2850 non
404 2788 567 2850 conveniat
583 2787 809 2848 catechumenis
831 2788 887 2848 vei
902 2791 1133 2874 poenitentibus
1154 2790 1188 2850 in
1207 2789 1327 2852 Pescla

202 2875 262 2938 rel¹
276 2873 504 2942 Pentecosten,
532 2882 586 2930 aut
607 2871 781 2930 Natiuitate
807 2871 958 2944 Domini,
982 2871 1169 2955 baptismum
1190 2871 1237 2932 v'ei
1257 2885 1326 2932 ante

202 2956 384 3019 canonicam
421 2952 718 3028 reconciliationem,
737 2966 964 3013 sacramentum
993 2953 1148 3016 dominici
1186 2955 1326 3039 corporis

481 3031 559 3094 dare
566 3077 579 3105 ,
602 3031 660 3092 sed
679 3045 797 3094 tantum
815 3034 864 3093 sai
880 3033 1084 3096 benedictum.

287 3137 469 3204 CCLXIII.
510 3139 554 3198 Ut
577 3158 637 3221 per
658 3137 906 3202 solemnissimos
931 3140 1096 3222 paschales
1122 3139 1191 3208 dies
1224 3161 1326 3202 sacra-

201 3233 348 3286 mentum
366 3220 605 3283 catechumenis
621 3241 687 3281 non
705 3219 810 3299 detur,
827 3243 887 3284 nec
904 3223 1020 3306 eisqui
1036 3224 1055 3284 t
1076 3222 1242 3284 liminibus
1263 3225 1325 3284 Ec·

203 3307 318 3368 clesiae
333 3315 409 3366 suut
424 3302 559 3380 exclusi,
579 3323 686 3384 neque
699 3303 757 3382 eis,
774 3314 851 3368 unte¹
879 3305 1067 3368 canonicam
1093 3306 1328 3370 reconciliatio·

203 3410 290 3467 nem,
312 3389 367 3469 qui
384 3386 547 3467 publicam
569 3394 685 3467 gerunt
699 3386 942 3468 poeniteutiam,
959 3387 1016 3448 sed
1030 3397 1155 3448 tantum
1173 3388 1327 3449 benedic-

201 3481 272 3532 tum
288 3471 334 3531 sal
352 3468 683 3550 lSaeerdotibus'pro
711 3468 937 3530 communione
959 3469 1128 3530 tribuatur.
1188 3471 1231 3530 Et
1253 3469 1327 3550 quia

202 3553 288 3636 apud
305 3552 416 3614 fideles
431 3571 490 3634 per
509 3550 583 3611 illos
600 3541 667 3612 'dies
687 3559 883 3614 sacramenta
895 3572 959 3614 non
974 3560 1149 3630 mutantur,
1167 3573 1227 3614 acc
1243 3551 1326 3636 apud

203 3635 451 3698 catechumenos
473 3633 527 3694 vol
539 3633 669 3715 publice
688 3633 892 3715 poenitentes
916 3643 1044 3716 oportet
1070 3644 1206 3699 mutare.
1296 3689 1297 3694 ,

208 3741 250 3804 Ut
268 3745 302 3803 in
318 3738 448 3822 Synodo
464 3739 554 3822 prins
572 3738 732 3817 generales
749 3758 873 3812 censue,
892 3761 970 3822 quae
993 3738 1037 3800 ad
1058 3761 1200 3802 normam
1216 3740 1328 3801 Eccl-

195 3883 203 3888 ,,
263 3828 328 3886 siae
339 3818 697 3908 pertinent,flniantur,
719 3833 749 3880 et
764 3821 875 3903 postea
899 3822 1049 3905 speciales
1067 3824 1268 3888 ventilentur.

285 3925 463 3993 CCLXIV.
503 3925 632 3988 Placuit
650 3935 687 3987 ut
701 3927 850 4009 quotiens
871 3926 1049 3990 seeundum
1064 3936 1182 3990 statuta
1199 3930 1330 3989 Petrum

204 4014 342 4102 synodus
362 4018 551 4092 congregata
573 4008 685 4085 fuerit,
702 4009 813 4070 nullus
837 4009 1070 4092 Episcoporum
1086 4011 1140 4072 vel
1159 4011 1329 4094 Presbyte-

205 4119 311 4164 rcrum
323 4095 465 4176 aliquam
483 4087 572 4174 prius
589 4097 715 4152 eausam
737 4111 909 4173 suggerere
923 4091 1048 4172 audeat,
1065 4114 1161 4174 quum
1192 4114 1229 4154 ca
1248 4115 1328 4178 quae

206 4181 243 4241 ad
259 4175 517 4240 emendationem
533 4174 619 4235 vitae
635 4182 666 4234 et
686 4173 726 4234 ad
750 4173 968 4244 severitatem·
982 4177 1114 4260 regulae
1139 4176 1328 4260 animaeque

206 4260 344 4350 remedia
359 4256 535 4342 pertinent,
555 4255 744 4318 finiantun
778 4301 808 4329 u
1203 4257 1206 4268 '
1317 4281 1322 4296 ·
