2948 4990
537 320 653 379 arara
697 320 852 380 sexsus.
916 357 919 367 .
1207 306 1276 384 611

144 462 401 546 descriptionem
423 472 613 546 agnoscant,
636 461 698 525 nisi
725 461 766 524 ad
788 463 1051 526 constitutionem
1077 464 1201 528 viarum
1226 465 1279 528 vel

175 549 318 624 catium,
340 547 366 610 si
386 556 492 610 tamen
513 547 597 608 intra
622 547 733 608 cadem
760 545 830 606 loca
854 541 1029 608 habuerint
1052 548 1278 629 possessiones.

145 573 190 694 in
205 629 277 692 aliis
291 649 369 691 rere
387 629 535 690 omnibus
557 629 697 689 habeant
713 627 871 710 integram
887 630 1105 692 emunitatem.

479 736 529 796 Dc
550 735 708 796 Monacbo
729 722 955 800 vclMoneclra.

236 841 307 907 CX.
349 841 546 924 Quicunque
565 839 743 902 Monachus
760 839 813 902 vel
830 840 986 901 Monacha
1000 840 1033 902 in
1053 809 1282 910 monasterium

147 937 229 990 sunt
252 926 401 1008 ingressi,
424 924 506 986 nihil
529 924 678 986 derebus
694 922 759 986 suis
774 921 914 988 babeant
925 933 1114 1005 potestatem
1126 927 1282 1006 faciendi,

148 1008 297 1092 quamvis
318 1009 436 1070 liberos
463 1008 620 1079 babeant;
648 1006 705 1068 sed
728 1005 836 1066 omnia
863 1028 975 1067 eorum
1005 1008 1069 1068 sint
1095 1011 1284 1072 monasterii
1387 1027 1396 1048 ⁶

149 1115 235 1174 quae
265 1092 376 1152 eadem
398 1091 450 1152 die
473 1091 556 1152 iuste
580 1089 786 1174 possidebant
811 1090 941 1172 quando
963 1089 1097 1172 ingrcssi
1121 1101 1283 1157 suntme·

150 1175 339 1241 nestorium.
824 1205 826 1208 ·

151 1283 205 1342 De
230 1281 278 1339 his
301 1299 379 1360 quae
401 1278 420 1338 ir
441 1277 572 1356 singulis
594 1277 794 1361 Principibus
813 1276 965 1338 Ecclesiis
985 1291 1057 1338 sunt
1073 1300 1232 1358 concessu,
1253 1293 1285 1342 et

151 1384 233 1447 quae
255 1358 371 1440 singuli
383 1361 548 1422 Antistie'es
566 1360 825 1442 impetraverunt,
840 1358 928 1445 quod
942 1362 1140 1441 sacrilegium
1155 1365 1197 1424 sit
1209 1365 1285 1424 baec

151 1445 383 1527 auferentibus.
431 1443 475 1502 Et
500 1442 539 1502 de
572 1442 715 1512 Clericis,
741 1455 776 1502 ut
801 1464 864 1504 non
885 1455 1070 1504 accusentur
1089 1445 1136 1506 ud
1158 1445 1285 1508 Iudices

375 1525 545 1598 seculares,
563 1523 621 1585 scd
640 1523 685 1584 ud
706 1523 880 1609 Episcopos
900 1526 1059 1609 proprios,

242 1629 325 1692 CXI.
369 1632 592 1712 Quaecunque
624 1651 642 1690 a
674 1628 810 1712 singulis
830 1630 968 1724 Regibus
990 1628 1076 1691 circa
1100 1653 1287 1694 sacrosanc-

152 1727 204 1777 tas
220 1712 380 1774 Ecclesias
397 1722 474 1774 aunt
494 1713 677 1784 constituta;
699 1713 752 1774 vel
774 1712 894 1794 singuli
913 1713 1212 1794 quiqueAntistites
1227 1737 1287 1798 pro

156 1797 264 1862 causis
283 1795 508 1858 ecclesiasticis
522 1796 791 1877 impetraverunt,
817 1795 876 1855 sub
903 1816 1009 1878 poena
1033 1797 1196 1880 sacrilegii
1217 1797 1288 1880 iugi

154 1879 294 1944 solidata
310 1878 499 1940 aeternitate
522 1887 701 1943 serventur.
744 1877 864 1937 Clerici
880 1877 980 1938 etiam
998 1897 1065 1936 non
1089 1881 1287 1942 secularibus

155 1961 345 2038 lodicibus,
368 1960 424 2022 sed
444 1959 619 2043 episcopali
642 1957 825 2020 audientiae
852 1968 1070 2022 reserrentur.
1114 1965 1176 2025 Fas
1201 1963 1289 2025 enim

156 2066 225 2106 non
246 2053 295 2105 est
309 2052 345 2104 ut
358 2043 462 2104 divini
494 2043 638 2104 muueris
671 2039 811 2104 Ministri
843 2041 1071 2124 temporalium
1095 2055 1289 2130 potestatum

156 2128 339 2192 subdantur
351 2124 493 2191 arbitrio.
537 2125 672 2210 Capitol.
688 2125 752 2187 III.
770 2149 798 2184 u.
817 2124 889 2202 814.
905 2146 931 2186 c.
949 2126 978 2189 8.

479 2233 529 2294 De
544 2231 724 2316 privilegiis
745 2230 971 2292 Ecclesiarum.

243 2342 341 2403 CXII.
386 2342 429 2401 Ut
447 2339 618 2423 privilegia
632 2360 714 2421 quae
735 2339 892 2402 Ecclesiis
922 2348 954 2402 et
977 2340 1112 2402 Clericis
1136 2363 1153 2400 a
1176 2340 1289 2422 singu·

155 2427 200 2488 lis
218 2426 358 2508 Regibus
379 2424 436 2485 vel
449 2422 629 2505 Episcopis,
646 2423 846 2505 caeterisque
863 2423 1076 2500 Rectoribus,
1107 2433 1185 2484 sunt
1209 2444 1289 2482 con-

155 2531 268 2587 cessa,
289 2527 416 2590 semper
434 2515 585 2566 maneant
603 2502 800 2588 incorrupta.
852 2507 986 2589 Capitol.
1009 2511 1056 2568 II.
1078 2526 1106 2570 a.
1128 2506 1239 2583 814c.
1260 2526 1288 2587 7.

162 2637 206 2698 Ut
227 2659 264 2698 ca
284 2657 361 2721 quae
377 2633 423 2696 ad
443 2635 626 2714 religionem
617 2635 819 2776 §pertineam
841 2635 920 2696 locis
935 2636 1000 2695 suis
1014 2636 1080 2697 etb
1101 2656 1174 2697 suae
1199 2634 1290 2696 dioe-

487 2739 592 2779 ceseos
637 2715 758 2795 ynodis
787 2716 965 2778 audiuntur.

203 2800 207 2811 ι
243 2823 364 2889 CXIII.
418 2827 641 2905 Quaecunque
671 2833 745 2886 sunt
778 2824 818 2884 ad
853 2823 1023 2908 religionis
1052 2825 1290 2890 observantiam

157 2907 367 2995 pertinentia,
389 2908 467 2970 locis
486 2908 599 2969 suiset
616 2929 634 2966 a
651 2929 726 2968 auae
747 2907 929 2967 dioeceseos
953 2909 1091 2992 Synodis
1107 2911 1291 2976 audiantur.

174 3075 176 3079 ·
228 3039 269 3102 Ut
294 3040 464 3124 privilegiu
488 3037 704 3098 Ecclesiarum
728 3056 851 3122 semper
872 3052 1018 3100 maneant
1037 3041 1230 3126 incorrupta.

245 3145 365 3209 CXIV.
409 3147 631 3224 Quaecunque
650 3143 735 3203 circa
755 3154 970 3204 sacrosanctas
982 3146 1141 3210 Ecclesias
1161 3150 1290 3212 aPrin-

161 3231 288 3312 cipibus
310 3228 444 3290 diversis
464 3235 539 3288 sunt
568 3235 700 3302 statuta,
730 3245 861 3286 manere
886 3225 1040 3289 inviolata
1066 3233 1291 3317 praecipimus.

163 3313 299 3398 Capitul.
320 3310 384 3375 III.
406 3335 434 3371 a.
455 3311 526 3386 814.
547 3331 573 3375 c.
600 3329 644 3373 ra.

165 3418 262 3501 Quod
281 3417 477 3495 sacrilegium
495 3417 538 3474 sit
562 3415 721 3475 Ecclesiae
744 3411 869 3494 aliquid
888 3413 1032 3496 auferre,
1054 3431 1108 3477 crit
1131 3417 1292 3484 Sacerdo-

163 3504 246 3563 tibus
277 3501 325 3560 vel
348 3499 525 3570 Ministris,
556 3509 610 3556 aut
636 3497 709 3660 ipsp‘p
724 3509 831 3557 sancto
860 3499 957 3560 cultui
983 3499 1113 3583 locoque
1142 3503 1291 3564 iniuriam
1360 3577 1363 3583 Ι

652 3600 686 3636 ιη
703 3600 782 3644 erre.

247 3685 347 3750 CXV.
390 3686 423 3746 si
442 3684 516 3765 quis
531 3683 564 3742 in
582 3681 644 3742 hoc
664 3703 764 3764 genus
783 3684 941 3766 sacrilegii
961 3688 1164 3770 proruperit,
1195 3699 1233 3751 ut
1256 3691 1290 3750 in

163 3770 327 3834 Ecclesias
349 3789 525 3849 earumque
549 3787 601 3826 res
629 3767 781 3841 inruens,
809 3768 1034 3829 Sacerdotibus
1061 3781 1094 3830 et
1125 3772 1281 3835 Ministnis

165 3857 217 3916 vel
237 3855 308 3934 ipso
329 3851 432 3912 cultui
459 3851 616 3929 locoque,
648 3848 772 3927 aliquid
796 3849 885 3930 quod
909 3873 973 3910 non
1004 3861 1132 3934 oportet
1150 3854 1289 3916 iniuriae

159 3938 304 4008 inserat,
328 3933 432 3994 divini
446 3933 552 3993 cultus
567 3930 718 3990 iniuriam
732 3929 940 3992 inconvictos
957 3932 1024 3994 sive
1043 3936 1204 3996 coa-sessos
1219 3959 1291 3998 reos

164 4016 468 4100 capitaliseutentia
490 4013 617 4075 noverit
645 4013 885 4073 vindicandum.
932 4017 998 4076 Nec
1027 4027 1233 4098 exspectetur
1250 4029 1293 4082 ,ut

164 4103 344 4182 Episcopus
363 4097 501 4158 iniuriae
519 4096 665 4180 propriae
683 4095 842 4156 ultionem
868 4098 1032 4178 deposcat,
1062 4099 1116 4159 cui
1141 4102 1290 4163 sanctitas

159 4180 355 4262 ‹igrroscendi
374 4181 434 4240 soli
456 4180 589 4261 gloriam
613 4177 796 4258 dereliquit.
837 4179 949 4260 Sitque
966 4182 1089 4244 cunella
1107 4204 1171 4243 non
1186 4186 1293 4247 solum

160 4269 317 4344 liberum,
339 4264 396 4326 sed
415 4263 513 4341 ctiam,
528 4261 709 4338 laudabile,
733 4261 829 4321 factas
851 4271 974 4332 atroces
993 4265 1222 4328 Sacerdotibus
1237 4277 1294 4328 aut
