2910 4984
220 313 294 390 848
561 298 567 312 ’
615 333 922 394 caramerum

219 497 288 559 cap.
321 493 382 540 xxi.
411 471 452 534 de
476 471 660 534 eademire':
693 476 742 535 De
777 476 868 538 nonis
893 469 1019 558 quidem
1042 484 1074 534 et
1101 471 1231 534 decimis
1258 467 1344 534 unde

220 572 251 620 et
269 559 393 637 genitor
414 568 521 616 noster
542 569 573 616 et
590 577 647 617 nos
666 555 854 638 frequenter
877 570 907 618 et
924 559 958 617 in
979 554 1111 614 diversis
1134 555 1263 637 placitis
1283 555 1346 614 ad-

219 640 421 702 monitionem
438 635 595 715 fecimus,
631 651 661 698 et
676 660 735 722 per
759 640 953 724 Capitularia
977 650 1085 697 nostra
1108 637 1246 718 qualiter
1269 637 1345 698 hoec

220 717 684 797 observenturprdinaoimas,
707 724 844 782 volumus
869 734 959 802 atque
984 720 1122 779 iubemus
1145 731 1179 778 ut
1196 716 1236 776 de
1259 718 1345 779 omni

219 803 434 871 conlaborato,
458 800 545 859 etde
572 802 640 862 vino
661 816 691 862 et
702 803 816 882 soeno:
824 803 976 888 fideliter
995 813 1027 860 et
1050 800 1189 880 pleniter
1208 801 1247 862 ab
1274 821 1345 860 om-

219 887 311 947 nibus
329 905 412 943 nono
431 895 461 942 et
481 882 601 942 decima
622 887 833 966 persolvatur,
873 887 921 945 De
936 883 1103 944 nutrimine
1121 903 1192 942 vero
1204 903 1276 966 pro³
1287 881 1346 940 de-

220 970 313 1037 cimu,
340 967 420 1024 sicut
441 967 587 1023 ltoctenus
612 967 801 1027 consuetudo
815 967 897 1048 fuit,
921 967 959 1028 ab
986 965 1128 1026 omnibus
1149 965 1345 1025 observetur.

219 1049 258 1108 Si
277 1050 346 1128 queis
362 1060 462 1104 tnnsen
483 1049 712 1128 Episcoporum
728 1047 832 1129 suerit
851 1052 907 1132 qui
928 1061 1090 1128 argentum
1101 1067 1162 1128 pro
1183 1047 1241 1106 icoc
1260 1047 1345 1104 occi-

180 1155 182 1162 ·
217 1151 293 1215 pere
318 1130 401 1198 velit,
425 1131 458 1186 in
478 1147 533 1186 suo
557 1143 680 1188 nconeat
702 1144 875 1212 potestate,
899 1135 991 1190 iuncto
1013 1125 1101 1208 quod
1123 1129 1204 1187 ciet
1221 1127 1271 1185 illi
1291 1127 1347 1210 qui

219 1215 277 1272 icoc
302 1211 479 1295 persoluere
508 1208 611 1282 debet,
632 1215 821 1282 convenerit.
876 1211 1048 1295 Capitale.
1065 1211 1136 1291 829.
1156 1209 1217 1270 Tit.
1235 1217 1301 1268 1.‘c.
1316 1207 1345 1270 5.

219 1342 268 1402 De
285 1339 390 1422 coqui
409 1337 560 1398 decimam
577 1337 654 1399 dare
676 1341 851 1419 neglexerit
867 1341 1026 1402 Ecclesiae
1053 1339 1140 1399 cuius
1156 1358 1222 1398 esse
1239 1335 1344 1408 delet,

397 1435 401 1446 ’
422 1477 426 1484 ,
501 1423 651 1503 alterique
672 1422 830 1484 Ecclesiae
851 1445 919 1484 eam
936 1420 1070 1482 dederit.

301 1529 336 1593 C.
379 1525 574 1606 Quicunque
601 1527 755 1588 decimam
777 1527 929 1588 abstrahit
950 1527 988 1587 de
1013 1524 1160 1586 Ecclesia
1186 1524 1345 1605 adquam

219 1633 280 1698 per
300 1610 452 1671 iustitiam
477 1609 545 1668 dari
568 1609 679 1686 debet,
714 1620 746 1671 et
770 1633 839 1671 eam
856 1609 1106 1692 praesumptiose
1128 1607 1182 1668 vel
1211 1619 1345 1688 propter

219 1713 356 1756 munera
381 1699 434 1750 out
455 1691 638 1769 amicitiam,
662 1692 712 1751 rel
738 1693 831 1752 aliam
857 1690 1031 1773 quamlibet
1050 1689 1270 1765 occasionem,
1303 1690 1343 1751 ad

220 1777 351 1836 alteram
370 1773 550 1834 Ecclesiam
573 1773 715 1850 dederit,
748 1777 765 1835 at
792 1776 915 1836 Comite
933 1773 985 1834 vel
1003 1773 1020 1832 t
1038 1771 1136 1833 Misso
1156 1779 1265 1830 nostro
1283 1770 1345 1832 dis·

220 1857 442 1998 tringaturbucq
463 1855 605 1997 eiusssdem
628 1856 768 1919 decimae
791 1857 999 1942 quantitatem
1020 1873 1095 1915 eum
1113 1874 1171 1915 sua
1190 1852 1260 1936 lege
1274 1873 1345 1915 res·

219 1939 323 2000 tituat.
364 1940 496 2002 li.c.
539 1981 546 1997 .
605 1975 609 1979 -

514 2044 563 2104 De
589 2043 716 2105 decimis
741 2046 759 2105 ic
784 2047 902 2130 populo
928 2043 1052 2106 dandis.

229 2183 233 2202 -·
302 2149 353 2214 CI.
383 2150 443 2232 ¹De
456 2147 688 2229 Decimisquae
699 2152 837 2232 populus
848 2151 922 2212 dare
941 2173 1005 2212 non
1022 2151 1103 2227 vult,
1120 2149 1182 2210 nisi
1197 2149 1347 2231 quolibet

219 2233 315 2310 modo
336 2231 374 2292 ab
400 2251 438 2293 eo
458 2231 678 2304 redimantur,
709 2233 746 2292 ab
770 2233 937 2317 Episcopis
965 2233 1204 2316 prohibendum
1224 2241 1272 2292 est
1303 2255 1345 2294 ne

220 2318 283 2376 fiat.
326 2316 368 2375 Et
390 2312 416 2374 si
440 2313 511 2394 quis
532 2323 731 2396 contemptor
755 2315 906 2376 inventus
930 2317 1040 2391 fuerit,
1063 2324 1099 2374 ut
1125 2336 1186 2374 nec
1209 2314 1348 2395 Episco-

218 2421 297 2483 pum
321 2418 381 2456 nec
404 2395 561 2456 Comitem
584 2396 695 2456 audire
723 2398 821 2474 velit,
848 2399 873 2458 si
900 2409 1008 2459 noster
1031 2398 1127 2457 homo
1151 2395 1275 2473 fuerit,
1306 2396 1347 2457 ad

218 2479 429 2564 praesentiam
460 2488 598 2538 nostram
629 2478 740 2546 venire
769 2480 996 2560 compellatum
1027 2480 1146 2540 caeteri
1171 2499 1250 2538 vero
1283 2479 1348 2539 dis·

217 2563 403 2643 tringautnr
423 2570 459 2619 ut
487 2560 581 2619 inviti
601 2561 765 2622 Ecclesiae
788 2564 958 2624 restituant
982 2563 1040 2644 qui
1063 2560 1244 2623 voluntarie
1270 2561 1346 2621 dare

219 2645 458 2726 neglexerunt*
484 2641 568 2707 loia.
588 2664 616 2706 c.
638 2665 668 2725 7.
897 2653 901 2658 '

260 2751 310 2810 De
330 2750 378 2808 iris
393 2749 449 2830 qui
466 2746 624 2808 Ecclesiae
642 2761 817 2808 restaurare
840 2749 1002 2829 neglegunt
1026 2747 1066 2808 ele
1085 2748 1178 2812 rebus
1197 2769 1307 2808 earum

537 2851 614 2914 quos
640 2832 673 2890 in
694 2831 877 2912 beneficium
899 2833 1021 2896 liabent.
1303 2835 1309 2844 '

302 2936 370 2997 ClI.
411 2934 607 3016 Quicunque
632 2934 670 2995 de
694 2933 788 2996 rebus
813 2935 1031 2997 Ecclesiarum
1057 2957 1136 3018 quas
1164 2934 1197 2994 in
1219 2935 1345 2996 benefi-

218 3019 305 3083 cium
327 3018 457 3093 liabent,
477 3016 721 3078 restaurationes
752 3039 862 3077 eorum
878 3019 984 3078 lacere
1005 3017 1230 3100 neglexerint,
1254 3018 1345 3078 iuxta

219 3101 435 3184 capitularem
459 3098 668 3173 anteriorem,
691 3098 724 3158 in
744 3100 863 3180 quode
888 3101 1038 3182 operibus
1063 3099 1214 3160 nononis
1240 3110 1273 3161 et
1289 3099 1344 3160 de-

219 3183 309 3244 cimis
331 3183 539 3254 constitutum
559 3189 616 3258 est,
637 3181 683 3241 sic
704 3182 744 3242 da
770 3182 839 3242 illis
854 3182 1076 3264 adimpleatur,
1109 3182 1220 3258 idest,
1244 3182 1278 3240 in
1299 3182 1343 3240 li·

218 3267 279 3327 bro
305 3275 429 3346 quarto,
446 3262 588 3345 capitulo
609 3285 751 3324 xxxvnn.
792 3266 841 3324 De
862 3285 957 3345 opere
980 3285 1110 3347 narisque
1132 3276 1162 3325 et
1182 3277 1339 3324 restaura·

221 3351 304 3410 tione
329 3347 540 3408 Ecclesiurum
567 3345 796 3406 consideratum
817 3359 863 3406 est
885 3359 918 3406 ut
944 3346 984 3407 de
1002 3345 1151 3426 frugibus
1181 3359 1283 3405 terroe
1310 3356 1342 3403 et

220 3429 402 3492 animalium
427 3427 594 3486 nutrimine
622 3449 683 3486 una
712 3449 781 3488 cum
809 3428 880 3487 aliis
908 3430 1001 3489 rebus
1032 3429 1175 3502 omnibus
1202 3426 1342 3512 pleniter

216 3510 459 3597 persolvantur,
491 3522 524 3568 ut
538 3507 605 3591 fiat
629 3509 796 3569 secundum
813 3523 1014 3593 praeceptum
1030 3510 1242 3588 evangelicum
1252 3552 1265 3580 ,
1286 3509 1342 3568 uhi

220 3594 286 3653 ait:
317 3591 464 3650 Decimae
491 3591 634 3650 omnium
660 3591 701 3650 do
728 3613 809 3672 quae
838 3593 995 3672 possideo.
1043 3592 1086 3651 Et
1109 3592 1241 3672 reliqua.
1290 3591 1339 3648 De

219 3685 311 3757 opere
325 3694 395 3732 vero
411 3675 459 3731 uel
466 3671 909 3733 restaurotioneEcclesiorum
920 3673 1025 3734 Comes
1036 3672 1259 3756 et‘Episcopus,
1276 3673 1339 3730 sive

219 3758 323 3817 Albas
339 3777 401 3813 uno
426 3777 494 3814 eum
516 3757 615 3815 Misso
636 3767 756 3825 nostro,
779 3775 868 3836 quem
883 3757 946 3838 ipsi
961 3757 1021 3817 sibi
1035 3755 1079 3814 atl
1096 3758 1154 3814 ltoc
1175 3755 1337 3832 elegerint,

220 3835 500 3899 considerationem
522 3839 648 3916 jociont
681 3849 714 3896 ut
745 3838 953 3920 unusquisque
983 3859 1089 3898 eorum
1117 3850 1235 3897 tantum
1263 3834 1339 3893 inde

219 3921 353 4002 accipiat
376 3919 419 3978 ad
445 3918 637 4003 operandum
650 3963 661 3990 ,
697 3933 843 3998 quantum
864 3921 930 4002 ipse
950 3920 988 3980 de
1015 3921 1106 3998 rebus
1126 3917 1339 3978 Ecclesiarurn

220 4005 332 4064 lrabere
357 4004 560 4080 cognoscitur.
602 4001 755 4060 Similiter
775 4014 805 4060 et
832 4000 926 4060 Vassi
946 4004 1046 4064 nostri
1070 4015 1122 4060 aut
1148 4003 1180 4058 in
1203 4015 1341 4058 contutu-

220 4107 258 4144 ne
280 4096 399 4152 tontum
418 4085 522 4166 operis
546 4085 716 4163 accipiunt,
746 4095 897 4164 qrcantum
916 4081 1019 4144 rerum
1042 4083 1257 4144 Ecclesiurum
1278 4081 1338 4140 ha-

128 4162 130 4168 ’
221 4168 304 4236 bant,
337 4166 392 4224 vel
421 4167 628 4244 statusquisque
660 4187 720 4247 per
746 4187 777 4223 se
807 4167 899 4224 iuxta
922 4168 1125 4246 quantitatem
1152 4184 1243 4244 quom
1267 4162 1336 4245 ipse

220 4260 310 4306 tenet.
351 4247 415 4307 Aut
434 4250 462 4308 si
483 4250 633 4308 intereos
659 4248 839 4346 conocngit
865 4262 898 4308 nt
911 4269 972 4330 pro
995 4269 1087 4332 opere
1102 4243 1255 4328 faciendo
1281 4265 1337 4303 ar·
