2926 4984
664 290 952 348 cnriruraruun
1039 263 1045 274 ’

203 432 313 495 visum
334 424 426 489 nobis
448 424 512 486 fuit
533 425 619 488 utin
640 429 785 512 utrisque
804 433 948 512 partibus
959 455 1021 514 pax
1040 439 1071 492 et
1082 435 1257 497 concordia
1275 459 1341 500 ser-

204 524 311 590 vetur,
333 522 452 572 etcum
471 510 603 570 caritate
622 522 653 572 et
669 513 793 574 ratione
816 515 912 575 utiles
931 524 962 575 et
980 514 1089 576 idonei
1106 517 1277 598 eligantur.
1298 523 1341 582 Et

204 597 232 660 si
246 597 347 658 laicus
366 593 522 653 idoneum
544 592 720 676 utilemque
744 596 900 657 clericum
920 596 1095 674 obtulerit,
1122 601 1211 660 nulla
1231 603 1340 684 quali-

203 681 260 741 bet
277 676 443 741 occasione
459 675 496 734 ab
512 676 670 759 Episcopo
685 677 753 738 sine
774 688 861 738 certa
879 680 1004 740 ratione
1024 680 1211 762 repellatur.
1254 685 1296 744 Et
1313 684 1340 746 si

203 761 389 825 reiciendus
416 767 472 836 est,
495 768 626 840 propter
650 760 836 820 scandalum
859 762 1029 823 vitandum
1047 761 1191 825 evidenti
1212 767 1339 828 ratione

204 846 438 908 manifestetur.
481 840 587 923 Supra
603 841 673 902 Lib.
685 845 713 904 Ι.
734 864 760 908 c.
783 845 834 921 84.
1289 847 1291 856 ’

192 955 256 1016 (De
269 948 438 1014 Monacliia
456 960 487 1006 et
507 948 719 1025 Presbyteris,
727 951 811 1089 dsive
832 949 962 1012 clericis
977 953 1033 1033 qui
1046 953 1166 1037 passim
1183 951 1339 1036 palatium

706 1055 725 1090 a
750 1044 832 1091 eunt.

286 1135 503 1202 CCCXXXI.
544 1135 672 1198 Placuit
694 1146 728 1196 ut
751 1137 903 1198 Monachi
927 1145 958 1199 et
980 1139 1183 1224 Preshyteri,
1208 1161 1338 1202 necnon

207 1221 342 1300 Clerici,
370 1221 438 1302 qui,
459 1220 634 1304 postposita
655 1220 811 1281 canonica
827 1221 1028 1298 anctoritate,
1049 1224 1164 1304 passim
1182 1222 1339 1305 palatium

202 1309 334 1383 adeunt,
357 1313 389 1366 et
410 1303 527 1364 nostris
551 1303 647 1364 sacris
671 1301 801 1363 auribus
826 1303 1128 1387 importunissimam
1158 1306 1338 1366 molestiam

202 1390 361 1463 inferunt,
384 1397 421 1446 ut
448 1408 511 1447 non
536 1385 598 1448 boc
621 1387 726 1445 facere
749 1397 969 1469 praesumant3
999 1390 1152 1468 quoniam
1168 1389 1202 1448 in
1221 1388 1337 1449 buius-

202 1471 331 1540 cemodi
354 1472 439 1529 facto
457 1478 490 1529 et
510 1469 603 1550 vigor
621 1467 854 1530 ecclesiasticus
871 1471 1099 1548 contemnitur,
1112 1480 1143 1532 et
1155 1470 1273 1553 religio
1292 1494 1338 1533 sa·

205 1552 380 1617 cerdotalis
398 1561 430 1612 et
444 1551 599 1634 professio
616 1551 789 1611 monastica
810 1552 909 1614 vilior
927 1552 1076 1619 efficitur.

271 1657 313 1722 Ut
338 1661 467 1719 notarit
490 1659 651 1737 sanguinis
682 1657 931 1718 Christianorum
955 1661 1123 1719 temeraria
1145 1659 1275 1742 effusio.

286 1765 508 1828 cccxxxll.
551 1765 709 1826 Volumus
728 1775 823 1847 atquc
837 1767 1051 1849 praecipimus
1071 1776 1177 1827 nostra
1198 1766 1336 1827 anctori-

201 1859 266 1913 tate
288 1848 473 1908 adnuntiari
496 1847 658 1920 omnibns‚
686 1848 782 1908 immo
800 1851 866 1910 etia
893 1850 1119 1909 Sacerdotibus
1142 1849 1335 1931 praedicari,

202 1956 244 1994 ne
269 1941 334 1992 tam
367 1930 535 1990 temeraria
565 1929 822 1991 Christianorum
844 1931 1011 2012 sanguinis
1034 1932 1146 1992 ell'nsio
1173 1932 1206 1989 in
1233 1953 1335 2012 regno

202 2024 312 2078 nostro
338 2012 409 2072 lieri
428 2012 567 2089 sinatur,
590 2033 716 2092 semper
734 2013 817 2074 illud
839 2014 1050 2075 adtendentes
1070 2013 1157 2096 quod
1175 2013 1334 2074 Dominus

200 2106 275 2183 post
299 2095 460 2156 diluvium
483 2095 565 2154 dixit
586 2094 706 2154 famulo
731 2117 789 2155 suo
809 2097 893 2157 Noe:
929 2098 978 2155 De
998 2119 1091 2156 manu
1113 2097 1268 2167 bominis,
1294 2095 1333 2154 de

201 2203 296 2242 manu
316 2179 377 2238 viri
395 2191 425 2237 et
433 2176 552 2257 fratris
573 2178 639 2235 eius
661 2181 819 2258 requiram
833 2181 969 2237 animam
986 2181 1061 2242 eius.
1086 2179 1269 2260 Quicunque
1282 2177 1333 2257 ef-

193 2263 325 2346 fuderit
345 2262 512 2319 humanum
528 2257 722 2337 sanguinem,
731 2259 890 2338 fraudetur
908 2263 1032 2339 sanguis
1047 2261 1142 2319 illins.
1183 2258 1237 2317 Ad
1256 2261 1333 2318 rina·

200 2345 304 2424 ginone
323 2345 436 2426 quiippe
454 2339 634 2422 Deisaetus
657 2354 702 2399 est
716 2343 819 2400 laonio.
862 2343 904 2401 Et
922 2342 953 2400 in
972 2344 1060 2422 lege:
1097 2342 1159 2422 Qui
1181 2341 1335 2400 occiderit

201 2428 378 2501 lrorninem,
402 2436 501 2484 morte
525 2425 686 2483 moriatur.
730 2423 772 2482 Et
790 2423 975 2504 Apostolus:
999 2425 1080 2484 Nam
1096 2425 1256 2505 principes
1270 2443 1334 2481 non

201 2523 275 2570 sunt
292 2509 401 2570 timori
416 2506 491 2568 boni
502 2506 618 2585 operis,
636 2505 695 2562 scd
707 2505 790 2568 azali.
836 2505 892 2565 Vis
905 2520 1007 2566 autem
1020 2527 1083 2566 nou
1101 2506 1209 2563 timere
1225 2517 1334 2587 potes-

202 2591 322 2654 tatem?
364 2591 485 2648 Bonum
502 2587 575 2668 sac,
598 2598 628 2644 et
644 2587 770 2647 babebis
793 2587 919 2646 lotidem
936 2611 978 2648 cx
995 2589 1069 2656 illa;
1091 2588 1153 2644 Dei
1170 2589 1253 2645 enim
1273 2587 1334 2644 mi-

201 2676 302 2736 nister
317 2685 363 2732 est
383 2673 442 2731 tibi
466 2671 605 2730 inbono.
651 2669 689 2728 Si
708 2682 811 2728 autem
830 2669 1040 2750 malefecerit,
1065 2671 1157 2738 time;
1177 2689 1239 2727 non
1253 2668 1335 2726 enim

201 2759 270 2818 sine
292 2777 386 2815 causa
406 2753 550 2832 gladium
567 2765 684 2836 portat.
725 2752 789 2809 Dei
808 2754 890 2810 enim
909 2755 1053 2811 minister
1073 2763 1140 2826 est,
1163 2749 1281 2810 vindex
1300 2751 1335 2806 in

201 2841 284 2900 iram
303 2839 333 2898 ci
351 2838 406 2920 qui
424 2836 540 2894 naulum
560 2839 633 2915 agit.
676 2837 724 2894 De
745 2833 803 2894 illo
824 2834 911 2892 enim
926 2833 1107 2915 specialiter
1125 2831 1240 2891 'divina
1262 2852 1336 2890 anc-

202 2921 313 2982 toritas
330 2919 424 2980 dicit:
450 2917 600 2978 Gladium
620 2919 683 2978 Dei
699 2928 806 2994 portat
821 2916 865 2974 ad
881 2916 1056 2976 uindictam
1076 2915 1243 2984 malorum,
1267 2934 1332 2972 non

203 3005 243 3065 de
263 3003 411 3085 quolibet
435 3000 509 3065 alio.
550 3001 578 3060 Ε
601 3010 713 3061 contra
736 3019 814 3058 vcro
838 2998 995 3058 nescimus
1024 3019 1087 3078 qua
1114 2995 1269 3075 pernoxia
1289 2997 1335 3052 in-

202 3088 356 3146 ventione
380 3084 397 3144 t
415 3081 585 3144 nonnullis
609 3091 795 3163 usurpatum
812 3089 868 3156 est,
892 3089 927 3139 ut
949 3079 982 3138 bi
1002 3080 1059 3161 qui
1080 3077 1171 3136 nullo
1186 3077 1335 3137 ministe-

202 3169 251 3230 rio
274 3167 405 3250 publico
425 3165 617 3242 fulciuntur,
638 3173 769 3246 propter
779 3183 834 3220 sua
848 3162 920 3222 odia
934 3172 965 3220 et
979 3160 1203 3222 diversissimas
1220 3160 1319 3218 volun

202 3261 281 3314 tates
303 3250 453 3332 pessimas
474 3247 652 3307 indebitum
670 3246 728 3306 sibi
747 3254 902 3325 usurpent
916 3244 946 3302 in
964 3243 1164 3304 vindicandis
1177 3239 1332 3324 proximis

208 3343 243 3392 et
262 3355 294 3390 in
312 3330 543 3390 interficiendis
568 3329 756 3389 hominibus
781 3326 940 3387 vindictae
951 3324 1168 3391 ministerium
1193 3333 1225 3383 et
1243 3321 1337 3403 quod·

202 3416 272 3488 Rex
290 3413 401 3474 saltem
421 3412 453 3471 in
479 3433 544 3472 uno
570 3432 721 3472 exercere
743 3408 896 3470 debuerat
915 3417 1048 3492 propter
1073 3419 1231 3466 terrorem
1248 3405 1334 3462 rnul-

203 3509 330 3571 tornm‚
361 3495 422 3576 ipsi
450 3493 660 3574 impudenter
691 3493 724 3550 in
752 3491 861 3550 multis
884 3501 1068 3573 perpetrare
1095 3510 1158 3548 non
1184 3493 1335 3546 metuunt

202 3589 336 3664 propter
360 3578 479 3648 odium,
502 3570 535 3635 ct
555 3585 670 3656 putant
690 3575 750 3634 sibi
775 3575 874 3634 licere
897 3574 936 3632 ob
956 3571 1195 3632 inimicitiarum
1211 3569 1334 3632 vindic·

203 3672 262 3739 tas,
285 3660 372 3743 quod
395 3661 512 3720 nolunt
530 3660 641 3718 utRex
658 3658 756 3716 faciat
774 3666 907 3738 propter
929 3655 991 3716 Dei
1006 3654 1190 3716 vindictam.

285 3793 334 3850 De
355 3789 526 3851 Abbatibus
547 3786 712 3848 Canonicis
734 3799 763 3847 ct
779 3787 984 3866 regularibus,
998 3784 1054 3845 vel
1064 3783 1249 3850 Abbatissis,

288 3895 539 3960 CCCXXXlll.
581 3892 757 3955 Abbatibus
769 3892 932 3954 canonicis
947 3901 977 3952 ct
989 3890 1202 3973 regularibus,
1222 3897 1253 3948 et
1269 3887 1336 3947 Ab·

204 3980 328 4044 batissis
345 4001 426 4059 quae
450 3976 754 4040 sanctimonialibus
773 3997 919 4058 praeesse
938 3975 1110 4048 videntur,
1142 3972 1207 4031 sive
1233 3969 1335 4028 Laicis

205 4065 261 4147 qui
284 4061 473 4122 monasteria
490 4062 628 4136 habent,
651 4060 784 4119 omnino
805 4057 1018 4139 praecipimus
1038 4066 1073 4116 ut
1090 4055 1129 4114 dc
1148 4052 1223 4134 ipsis
1246 4073 1335 4131 mag-

207 4169 280 4206 nam
301 4165 409 4204 curam
430 4141 578 4218 babeant,
601 4151 633 4201 et
654 4142 786 4202 cacteris
805 4143 926 4201 bonum
946 4139 1129 4219 exemplum
1146 4135 1333 4218 praebeant,

207 4239 240 4290 et
254 4227 416 4311 religiose,
438 4225 520 4287 sicut
537 4225 641 4304 decet,
664 4233 907 4302 conversentur,
930 4231 961 4284 ct
975 4221 1062 4305 quod
1080 4216 1334 4298 uniuscuiusque
