2910 4984
234 279 306 353 852
682 285 966 346 cnrrruusuiuu
995 250 998 261 '

235 439 285 500 De
301 431 463 499 cuiuslibet
477 433 610 516 propriu
622 450 726 494 uxore
748 427 891 502 dimissa,
919 427 973 488 vel
992 432 1059 491 sine
1074 433 1169 514 'culpa
1183 427 1359 514 interjectu

315 538 463 602 cxvlll.
504 538 701 618 Quicunque
722 534 851 618 propria
873 547 975 598 uxore
1004 537 1177 614 derelicta,
1207 536 1261 600 rel
1290 537 1358 598 sine

234 619 329 707 culpa
342 621 522 696 interfecta,
539 619 632 678 aliam
653 619 791 694 duxerit,
813 618 907 678 armis
928 618 1090 700 depositis,
1112 620 1274 703 publicam
1290 627 1359 700 agat

232 702 473 794 poenitentiam.
514 701 555 761 Et
576 701 602 760 si
624 710 794 764 contumax
813 700 923 770 luerit,
946 702 1237 784 comprehendatur
1258 701 1277 760 d
1296 703 1357 762 Co·-

234 791 332 864 mite‚
365 794 396 846 et
413 785 498 846 ferro
515 783 694 859 uinciatur,·
719 782 803 842 etin
825 781 1001 843 custodiam
1026 784 1169 846 mittatur
1189 786 1294 846 donec
1320 782 1358 842 nd

235 880 374 934 nostram
403 867 548 928 notitiam
573 865 759 926 deducatur.
799 863 882 927 [uid.
905 868 974 927 cb.

357 1000 405 1061 De
426 1020 461 1059 eo
482 997 605 1080 quires
629 994 747 1054 alienas
760 993 888 1056 cuilibet
911 997 1032 1056 homini
1048 996 1236 1064 vendiderit.

316 1106 429 1170 cxlx.
471 1102 667 1181 Quicunque
689 1120 740 1160 res
764 1099 885 1160 alienas
905 1101 1040 1162 cuilibet
1064 1103 1187 1162 homini
1207 1104 1358 1166 uendide·

234 1193 288 1271 rit,
311 1189 434 1271 etipse
459 1186 555 1245 bomo
584 1182 709 1242 easdem
729 1203 780 1242 res
805 1183 901 1242 alicui
928 1184 1019 1244 alteri
1048 1186 1175 1246 dederit
1195 1187 1261 1247 sive
1284 1207 1358 1247 vens

235 1273 371 1348 diderit,
402 1279 434 1330 et
462 1270 528 1348 ipse
554 1265 611 1347 qui
636 1273 713 1323 tunc
743 1264 868 1324 easdem
891 1288 941 1326 res
969 1277 1161 1346 comparatas
1187 1268 1284 1333 hahet
1302 1290 1357 1351 per

233 1357 354 1419 malum
378 1351 545 1434 ingenium
565 1347 695 1429 proprio
725 1346 791 1404 filio
811 1357 865 1405 aut
886 1350 979 1408 alteri
1004 1349 1138 1409 cuilibet
1159 1350 1298 1412 necdum
1315 1351 1359 1412 le⁴

234 1441 360 1524 gitimos
383 1456 482 1494 anrros
509 1430 639 1490 habenti
657 1429 794 1488 iustitiae
814 1431 975 1492 tollendae
994 1454 1087 1492 causa
1106 1433 1288 1510 tradiderit,
1300 1453 1358 1495 vo.

234 1525 341 1584 lunius
363 1528 457 1600 atque
482 1513 615 1574 tirmiter
633 1511 845 1592 praecipimus
866 1523 901 1572 ut
923 1513 949 1573 si
969 1524 1059 1596 pater
1079 1513 1223 1576 eiusdem
1247 1536 1359 1597 parvu-

233 1606 257 1666 li
279 1595 413 1676 riuerit,
447 1599 513 1679 ipse
536 1595 634 1654 intret
657 1594 689 1651 in
711 1615 837 1653 cainsam
857 1595 1014 1657 rationem
1034 1596 1193 1658 reddendi
1215 1585 1358 1678 pro'fllio

233 1709 303 1750 suo.
347 1681 380 1744 Si
403 1691 509 1740 autem
533 1687 623 1759 pater
647 1687 790 1736 mortuns
813 1686 876 1754 est,
904 1687 981 1739 tunc
1002 1679 1165 1760 legitimus
1193 1679 1262 1740 eins
1282 1697 1358 1762 pro·-

256 1768 393 1850 inquus,
422 1764 478 1844 qni
502 1763 583 1822 iuste
619 1769 651 1818 ct
677 1768 764 1818 tutor
785 1769 839 1818 aiut
860 1761 1011 1821 defensor
1031 1781 1098 1822 esse
1120 1761 1270 1838 videtur,
1300 1779 1357 1843 pro

232 1871 301 1932 ipso
324 1847 480 1908 rationem
501 1843 635 1904 reddere
658 1842 877 1922 compellatur.
927 1843 1082 1903 Similiter
1103 1843 1142 1904 de
1165 1843 1236 1904 aliis
1258 1841 1358 1902 omni-

232 1933 293 1993 bus
317 1928 446 1990 iustitiis
467 1927 506 1987 ad
531 1947 604 1985 eum
626 1923 878 2006 pertinentibus;
908 1935 1041 2007 excepta
1062 1947 1118 1985 sua
1135 1924 1278 2006 legitima
1299 1923 1357 1982 he»

232 2013 379 2086 ruditate,
395 2031 483 2105 'quae
505 2007 534 2067 ei
557 2028 617 2088 per
642 2005 876 2067 successionem
903 2017 1073 2085 pareutum
1097 2028 1229 2086 suorum
1250 2004 1358 2088 legiti-

232 2117 283 2157 me
311 2113 439 2156 evenire
472 2089 592 2153 debuit.
634 2089 730 2164 Quod
753 2088 779 2148 si
808 2088 880 2168 quis
908 2090 990 2149 hanc
1016 2099 1155 2150 nostram
1181 2088 1357 2148 iussionem
1440 2141 1441 2156 ,

233 2173 461 2258 contempserit
480 2173 531 2233 vel
554 2171 744 2252 neglexerit,
766 2170 849 2232 sicut
869 2171 908 2231 de
923 2171 1055 2232 caeteris
1073 2169 1356 2252 contemptoribus,

233 2263 278 2322 ita
297 2259 336 2319 de
365 2277 402 2318 eo
428 2265 547 2338 agatur.
589 2255 619 2314 Is
642 2274 720 2312 vcro
749 2253 805 2332 qui
832 2253 956 2313 easdem
981 2276 1033 2314 res
1058 2253 1178 2336 primus
1203 2251 1358 2315 invaserit

232 2353 266 2406 et
288 2341 405 2401 iniuste
426 2336 581 2412 vendidit,
604 2354 728 2394 necnon
753 2345 784 2394 et
805 2345 979 2415 eruptores,
1002 2345 1135 2417 excepta
1156 2334 1224 2394 sola
1244 2353 1357 2417 perso-

232 2447 274 2487 ne
298 2420 436 2506 parvuli,
459 2419 520 2480 hoc
543 2418 630 2498 quod
650 2417 873 2477 fraudulenter
893 2418 1099 2494 admiserunt,
1121 2418 1205 2477 intra
1225 2416 1360 2500 patriam

231 2505 401 2570 emendare
426 2510 588 2583 cogantur,
650 2501 691 2560 Et
703 2509 821 2580 postea,
843 2499 926 2560 sicut
947 2509 1182 2583 contemptores
1203 2497 1358 2560 iussionis

233 2597 376 2661 nostrae,
414 2584 473 2646 sub
494 2581 733 2644 fideiussoribus
762 2581 803 2641 ud
836 2592 975 2642 nostram
1001 2582 1215 2666 praesentium
1246 2581 1359 2645 venire
1439 2623 1440 2640 i

231 2667 477 2754 compellantur.
520 2663 603 2730 Ilici.
624 2685 650 2730 c.
671 2667 702 2742 4.

274 2801 366 2862 Anno
381 2794 524 2878 feliciter
545 2817 586 2856 ιι.
607 2794 695 2872 regni
716 2792 843 2852 Domini
861 2796 963 2854 nostri
983 2787 1115 2868 Karoli,
1137 2787 1360 2875 gloriosissimi

315 2884 428 2962 Regis,
459 2880 492 2936 in
520 2897 622 2935 mense
652 2873 793 2946 Illartio,
816 2878 951 2957 qreaeliter
980 2881 1174 2956 congregatis
1204 2879 1238 2936 in
1266 2896 1358 2936 unum

315 2960 463 3041 synodali
484 2958 623 3042 Concilio
647 2955 825 3039 Ept'scopis,
848 2957 1029 3033 Attentos,
1051 2961 1192 3043 uirisque
1213 2958 1357 3017 inlustri-

314 3048 391 3117 bus,
421 3064 482 3102 unu
504 3061 573 3100 cum
595 3038 778 3110 Comitibns,
802 3041 970 3100 secundum
991 3043 1052 3101 Dei
1076 3042 1278 3112 voluntatem,
1298 3053 1358 3123 pru

312 3128 417 3192 causis
439 3122 623 3208 opportunis
649 3134 813 3181 censentur
830 3124 950 3182 utiliter
971 3143 1037 3183 esse
1058 3121 1195 3184 decreta.

630 3251 679 3311 De
705 3249 968 3333 Metropolitanis.

312 3365 410 3431 cxx,
453 3362 505 3424 De
519 3354 783 3437 Metropolitanis,
806 3363 841 3412 ut
861 3355 1011 3437 Episcopi
1028 3357 1220 3440 suffraganei
1243 3357 1290 3420 eis
1310 3358 1360 3419 ad-

230 3455 351 3514 iutores
372 3451 447 3526 sint,
470 3451 504 3504 et
533 3457 673 3519 eaquae
697 3457 770 3516 erga
795 3434 1008 3498 ministerium
1033 3441 1164 3499 illorum
1189 3442 1361 3502 emendas-

231 3537 271 3598 da
293 3536 503 3616 cognoscunt,
524 3520 642 3584 libenti
659 3519 764 3580 auimo
786 3519 959 3582 emendent
981 3531 1076 3606 atquc
1100 3523 1274 3606 corrigant.
1306 3524 1361 3582 cs·

229 3620 369 3703 pirula.
392 3636 461 3698 779.
485 3630 513 3670 c·
541 3627 566 3668 ¹·
1111 3659 1115 3666 .
1155 3695 1159 3707 ι

576 3711 625 3774 De
640 3710 806 3795 Episcopis
818 3710 1015 3784 ordinandis.
1052 3791 1054 3796 Ι

312 3827 424 3890 cxxi.
468 3826 516 3885 De
537 3817 713 3904 Episcopus.
756 3817 819 3878 Ubi
850 3817 882 3876 in
905 3839 1054 3900 praesens
1086 3817 1240 3902 Episcopi
1271 3817 1361 3880 ordi-⁸

229 3911 297 3974 nati
319 3931 385 3972 nou
407 3916 494 3984 sunt,
515 3904 583 3967 siue
606 3900 754 3962 tarditate
777 3898 976 3962 ordinentur.
1016 3901 1101 3966 Ilrid.
1123 3924 1149 3963 c.
1166 3921 1194 3960 2.

459 4037 507 4098 De
527 4029 724 4094 monasteriis
743 4029 799 4090 sub
817 4031 924 4109 regula
944 4032 1129 4093 constitutis.

311 4145 439 4212 CXIIII.
481 4145 524 4202 Ilt
544 4135 739 4200 Mouastcria
762 4156 844 4215 quae
869 4135 928 4195 sub
950 4139 1063 4218 regula
1082 4140 1216 4215 sueriut,
1239 4135 1365 4202 subre·
1436 4205 1437 4210 ἵ

229 4235 306 4316 gula
327 4231 445 4293 elvaut.
467 4221 622 4287 Similiter
642 4228 673 4279 et
689 4217 881 4278 monasteria
902 4220 1085 4300 puellarum
1106 4222 1364 4284 ordinemsanc-
