<?xml version="1.0" encoding="UTF-8"?>
<!DOCTYPE html PUBLIC "-//W3C//DTD XHTML 1.0 Transitional//EN"
    "http://www.w3.org/TR/xhtml1/DTD/xhtml1-transitional.dtd">
<html xmlns="http://www.w3.org/1999/xhtml" xml:lang="en" lang="en">
 <head>
  <title>
</title>
<meta http-equiv="Content-Type" content="text/html;charset=utf-8" />
  <meta name='ocr-system' content='tesseract 3.04.00' />
  <meta name='ocr-capabilities' content='ocr_page ocr_carea ocr_par ocr_line ocrx_word'/>
</head>
<body>
  <div class='ocr_page' id='page_1' title='image "./corpusiurisgerm04visigoog_0319.png"; bbox 0 0 2926 4986; ppageno 0'>
   <div class='ocr_carea' id='block_1_1' title="bbox 209 317 924 400">
    <p class='ocr_par' dir='ltr' id='par_1_1' title="bbox 209 317 924 400">
     <span class='ocr_line' id='line_1_1' title="bbox 209 317 924 400; baseline -0.001 -2"><span class='ocrx_word' id='word_1_1' title='bbox 209 317 285 398; x_wconf 80' lang='lat'><strong>718</strong></span> <span class='ocrx_word' id='word_1_2' title='bbox 600 339 889 400; x_wconf 77' lang='lat' dir='ltr'><strong>cnrttutntutttt</strong></span> <span class='ocrx_word' id='word_1_3' title='bbox 919 325 924 376; x_wconf 74' lang='grc' dir='ltr'>ἑ</span> 
     </span>
    </p>
   </div>
   <div class='ocr_carea' id='block_1_2' title="bbox 206 435 1400 648">
    <p class='ocr_par' dir='ltr' id='par_1_2' title="bbox 206 435 1400 648">
     <span class='ocr_line' id='line_1_2' title="bbox 206 435 1400 580; baseline -0.002 -36"><span class='ocrx_word' id='word_1_4' title='bbox 206 479 258 544; x_wconf 85' lang='lat' dir='ltr'><strong>Dc</strong></span> <span class='ocrx_word' id='word_1_5' title='bbox 281 479 329 544; x_wconf 80' lang='lat' dir='ltr'><strong>tis</strong></span> <span class='ocrx_word' id='word_1_6' title='bbox 351 475 407 560; x_wconf 84' lang='lat' dir='ltr'><strong>qui</strong></span> <span class='ocrx_word' id='word_1_7' title='bbox 424 474 566 562; x_wconf 80' lang='lat' dir='ltr'><strong>uirgines</strong></span> <span class='ocrx_word' id='word_1_8' title='bbox 596 479 780 575; x_wconf 80' lang='lat' dir='ltr'><strong>opprimunt</strong></span> <span class='ocrx_word' id='word_1_9' title='bbox 808 479 1027 580; x_wconf 36' lang='lat' dir='ltr'><strong>autorapiunt.</strong></span> <span class='ocrx_word' id='word_1_10' title='bbox 1067 470 1111 544; x_wconf 69' lang='lat' dir='ltr'><strong>Et</strong></span> <span class='ocrx_word' id='word_1_11' title='bbox 1143 435 1342 542; x_wconf 72' lang='lat' dir='ltr'><strong>diodorum</strong></span> <span class='ocrx_word' id='word_1_12' title='bbox 1380 457 1400 506; x_wconf 65' lang='lat'><em>“</em></span> 
     </span>
     <span class='ocr_line' id='line_1_3' title="bbox 648 573 905 648; baseline 0.016 -28"><span class='ocrx_word' id='word_1_13' title='bbox 648 581 773 648; x_wconf 80' lang='lat' dir='ltr'><strong>sponsis</strong></span> <span class='ocrx_word' id='word_1_14' title='bbox 794 573 905 648; x_wconf 79' lang='lat' dir='ltr'><strong>raptis.</strong></span> 
     </span>
    </p>
   </div>
   <div class='ocr_carea' id='block_1_3' title="bbox 187 652 1427 2398">
    <p class='ocr_par' dir='ltr' id='par_1_3' title="bbox 187 652 1427 2398">
     <span class='ocr_line' id='line_1_4' title="bbox 291 652 1343 750; baseline -0.004 -20"><span class='ocrx_word' id='word_1_15' title='bbox 291 652 497 730; x_wconf 76' lang='lat' dir='ltr'><strong>ctxxxnt.</strong></span> <span class='ocrx_word' id='word_1_16' title='bbox 539 665 700 726; x_wconf 86' lang='lat' dir='ltr'><strong>Statutum&#39;</strong></span> <span class='ocrx_word' id='word_1_17' title='bbox 714 675 762 728; x_wconf 89' lang='lat' dir='ltr'><strong>est</strong></span> <span class='ocrx_word' id='word_1_18' title='bbox 785 688 827 729; x_wconf 90' lang='lat' dir='ltr'><strong>ne</strong></span> <span class='ocrx_word' id='word_1_19' title='bbox 846 666 1011 750; x_wconf 74' lang='lat' dir='ltr'><strong>oppressio</strong></span> <span class='ocrx_word' id='word_1_20' title='bbox 1031 665 1082 730; x_wconf 74' lang='lat' dir='ltr'><strong>vir</strong></span> <span class='ocrx_word' id='word_1_21' title='bbox 1104 663 1194 728; x_wconf 88' lang='lat' dir='ltr'><strong>inum</strong></span> <span class='ocrx_word' id='word_1_22' title='bbox 1217 675 1273 728; x_wconf 85' lang='lat' dir='ltr'><strong>ant</strong></span> <span class='ocrx_word' id='word_1_23' title='bbox 1291 667 1343 726; x_wconf 84' lang='lat' dir='ltr'><strong>ri-</strong></span> 
     </span>
     <span class='ocr_line' id='line_1_5' title="bbox 205 688 1344 833; baseline -0.001 -21"><span class='ocrx_word' id='word_1_24' title='bbox 205 752 355 827; x_wconf 83' lang='lat' dir='ltr'><strong>duaram,</strong></span> <span class='ocrx_word' id='word_1_25' title='bbox 370 747 422 810; x_wconf 84' lang='lat' dir='ltr'><strong>vel</strong></span> <span class='ocrx_word' id='word_1_26' title='bbox 438 757 547 829; x_wconf 88' lang='lat' dir='ltr'><strong>raptus</strong></span> <span class='ocrx_word' id='word_1_27' title='bbox 563 747 602 808; x_wconf 87' lang='lat' dir='ltr'><strong>ab</strong></span> <span class='ocrx_word' id='word_1_28' title='bbox 626 748 703 810; x_wconf 88' lang='lat' dir='ltr'><strong>ullis</strong></span> <span class='ocrx_word' id='word_1_29' title='bbox 731 745 916 812; x_wconf 86' lang='lat' dir='ltr'><strong>hominihus</strong></span> <span class='ocrx_word' id='word_1_30' title='bbox 939 751 978 813; x_wconf 86' lang='lat' dir='ltr'><strong>dc</strong></span> <span class='ocrx_word' id='word_1_31' title='bbox 1005 688 1125 833; x_wconf 83' lang='lat' dir='ltr'><strong>pneliis</strong></span> <span class='ocrx_word' id='word_1_32' title='bbox 1152 758 1207 811; x_wconf 89' lang='lat' dir='ltr'><strong>aut</strong></span> <span class='ocrx_word' id='word_1_33' title='bbox 1236 748 1344 812; x_wconf 76' lang='lat' dir='ltr'><strong>viduis</strong></span> 
     </span>
     <span class='ocr_line' id='line_1_6' title="bbox 206 830 1344 915; baseline -0.001 -20"><span class='ocrx_word' id='word_1_34' title='bbox 206 835 271 896; x_wconf 87' lang='lat' dir='ltr'><strong>fiat.</strong></span> <span class='ocrx_word' id='word_1_35' title='bbox 313 831 540 915; x_wconf 78' lang='lat' dir='ltr'><strong>scriptumest</strong></span> <span class='ocrx_word' id='word_1_36' title='bbox 557 830 743 912; x_wconf 78' lang='lat' dir='ltr'><strong>namqne&#39;in</strong></span> <span class='ocrx_word' id='word_1_37' title='bbox 760 833 1004 911; x_wconf 88' lang='lat' dir='ltr'><strong>Canonibus,in</strong></span> <span class='ocrx_word' id='word_1_38' title='bbox 1023 833 1173 894; x_wconf 84' lang='lat' dir='ltr'>Concilio</span> <span class='ocrx_word' id='word_1_39' title='bbox 1202 831 1344 894; x_wconf 86' lang='lat' dir='ltr'><strong>Chalce-</strong></span> 
     </span>
     <span class='ocr_line' id='line_1_7' title="bbox 205 913 1345 1000; baseline -0.004 -20"><span class='ocrx_word' id='word_1_40' title='bbox 205 915 362 980; x_wconf 75' lang='lat' dir='ltr'><strong>dunensi:</strong></span> <span class='ocrx_word' id='word_1_41' title='bbox 396 913 462 976; x_wconf 80' lang='lat' dir='ltr'><strong>Eos</strong></span> <span class='ocrx_word' id='word_1_42' title='bbox 501 914 557 998; x_wconf 83' lang='lat' dir='ltr'><strong>qui</strong></span> <span class='ocrx_word' id='word_1_43' title='bbox 582 916 710 1000; x_wconf 83' lang='lat' dir='ltr'><strong>rapiunt</strong></span> <span class='ocrx_word' id='word_1_44' title='bbox 736 915 859 998; x_wconf 85' lang='lat' dir='ltr'><strong>puellas</strong></span> <span class='ocrx_word' id='word_1_45' title='bbox 888 917 943 978; x_wconf 84' lang='lat' dir='ltr'><strong>sub</strong></span> <span class='ocrx_word' id='word_1_46' title='bbox 971 917 1096 976; x_wconf 75' lang='lat' dir='ltr'><strong>nuntiae</strong></span> <span class='ocrx_word' id='word_1_47' title='bbox 1126 915 1222 980; x_wconf 86' lang='lat' dir='ltr'><strong>simul</strong></span> <span class='ocrx_word' id='word_1_48' title='bbox 1249 917 1345 980; x_wconf 77' lang='lat' dir='ltr'><strong>lutt-</strong></span> 
     </span>
     <span class='ocr_line' id='line_1_8' title="bbox 205 995 1345 1079; baseline -0.001 -17"><span class='ocrx_word' id='word_1_49' title='bbox 205 998 310 1071; x_wconf 84' lang='lat' dir='ltr'><strong>tanili,</strong></span> <span class='ocrx_word' id='word_1_50' title='bbox 342 1009 546 1079; x_wconf 79' lang='lat' dir='ltr'><strong>cooperantes</strong></span> <span class='ocrx_word' id='word_1_51' title='bbox 574 1007 605 1056; x_wconf 86' lang='lat' dir='ltr'><strong>et</strong></span> <span class='ocrx_word' id='word_1_52' title='bbox 638 998 837 1058; x_wconf 74' lang='lat' dir='ltr'><em>conhibentes</em></span> <span class='ocrx_word' id='word_1_53' title='bbox 865 1020 901 1060; x_wconf 91' lang='lat' dir='ltr'><strong>ro</strong></span> <span class='ocrx_word' id='word_1_54' title='bbox 924 999 1044 1060; x_wconf 83' lang='lat' dir='ltr'><strong>toribus</strong></span> <span class='ocrx_word' id='word_1_55' title='bbox 1072 995 1210 1060; x_wconf 80' lang='lat' dir='ltr'><strong>decrevit</strong></span> <span class='ocrx_word' id='word_1_56' title='bbox 1233 1011 1345 1060; x_wconf 84' lang='lat' dir='ltr'><strong>sancta</strong></span> 
     </span>
     <span class='ocr_line' id='line_1_9' title="bbox 203 1020 1343 1164; baseline -0.002 -22"><span class='ocrx_word' id='word_1_57' title='bbox 203 1079 367 1160; x_wconf 74' lang='lat' dir='ltr'><strong>synodus,</strong></span> <span class='ocrx_word' id='word_1_58' title='bbox 389 1078 419 1138; x_wconf 90' lang='lat' dir='ltr'><strong>si</strong></span> <span class='ocrx_word' id='word_1_59' title='bbox 437 1077 564 1160; x_wconf 84' lang='lat' dir='ltr'><strong>quidem</strong></span> <span class='ocrx_word' id='word_1_60' title='bbox 580 1077 694 1140; x_wconf 82' lang='lat' dir='ltr'><em>Clerici</em></span> <span class='ocrx_word' id='word_1_61' title='bbox 713 1092 797 1152; x_wconf 85' lang='lat' dir='ltr'><strong>suat,</strong></span> <span class='ocrx_word' id='word_1_62' title='bbox 816 1020 965 1143; x_wconf 72' lang='lat' dir='ltr'><strong>desidias</strong></span> <span class='ocrx_word' id='word_1_63' title='bbox 981 1075 1118 1162; x_wconf 74' lang='lat' dir='ltr'><strong>sigrada</strong></span> <span class='ocrx_word' id='word_1_64' title='bbox 1139 1077 1298 1164; x_wconf 61' lang='lat' dir='ltr'><strong>propria·¹</strong></span> <span class='ocrx_word' id='word_1_65' title='bbox 1311 1081 1343 1140; x_wconf 86' lang='lat' dir='ltr'><strong>si</strong></span> 
     </span>
     <span class='ocr_line' id='line_1_10' title="bbox 203 1159 1341 1256; baseline -0.005 -28"><span class='ocrx_word' id='word_1_66' title='bbox 203 1185 282 1228; x_wconf 85' lang='lat' dir='ltr'><strong>vero</strong></span> <span class='ocrx_word' id='word_1_67' title='bbox 299 1162 403 1236; x_wconf 83' lang='lat' dir='ltr'><strong>Laici,</strong></span> <span class='ocrx_word' id='word_1_68' title='bbox 419 1161 729 1222; x_wconf 73' lang='lat' dir='ltr'><strong><em>anathematizentur.</em></strong></span> <span class='ocrx_word' id='word_1_69' title='bbox 771 1159 901 1242; x_wconf 88' lang='lat' dir='ltr'><strong>Quibus</strong></span> <span class='ocrx_word' id='word_1_70' title='bbox 918 1161 1023 1224; x_wconf 81' lang='lat' dir='ltr'><strong>verbis</strong></span> <span class='ocrx_word' id='word_1_71' title='bbox 1039 1170 1147 1256; x_wconf 87' lang='lat' dir='ltr'><strong>aperte</strong></span> <span class='ocrx_word' id='word_1_72' title='bbox 1169 1160 1264 1222; x_wconf 89' lang='lat' dir='ltr'><strong>datur</strong></span> <span class='ocrx_word' id='word_1_73' title='bbox 1287 1161 1341 1222; x_wconf 88' lang='lat' dir='ltr'><strong>in-</strong></span> 
     </span>
     <span class='ocr_line' id='line_1_11' title="bbox 203 1241 1341 1328; baseline -0.004 -20"><span class='ocrx_word' id='word_1_74' title='bbox 203 1245 316 1328; x_wconf 83' lang='lat' dir='ltr'><strong>tellegi</strong></span> <span class='ocrx_word' id='word_1_75' title='bbox 338 1242 478 1327; x_wconf 77' lang='lat' dir='ltr'><strong>qualiter</strong></span> <span class='ocrx_word' id='word_1_76' title='bbox 497 1241 594 1304; x_wconf 87' lang='lat' dir='ltr'><strong>bnius</strong></span> <span class='ocrx_word' id='word_1_77' title='bbox 626 1241 702 1304; x_wconf 87' lang='lat' dir='ltr'><strong>mali</strong></span> <span class='ocrx_word' id='word_1_78' title='bbox 725 1255 872 1308; x_wconf 85' lang='lat' dir='ltr'><strong>suctores</strong></span> <span class='ocrx_word' id='word_1_79' title='bbox 902 1243 1077 1306; x_wconf 76' lang='lat' dir='ltr'><strong>damnanda</strong></span> <span class='ocrx_word' id='word_1_80' title='bbox 1104 1243 1180 1321; x_wconf 86' lang='lat' dir='ltr'><strong>sint,</strong></span> <span class='ocrx_word' id='word_1_81' title='bbox 1207 1241 1341 1326; x_wconf 87' lang='lat' dir='ltr'><strong>quando</strong></span> 
     </span>
     <span class='ocr_line' id='line_1_12' title="bbox 203 1322 1341 1425; baseline -0.004 -35"><span class='ocrx_word' id='word_1_82' title='bbox 203 1328 377 1425; x_wconf 78' lang='lat' dir='ltr'><strong>participes</strong></span> <span class='ocrx_word' id='word_1_83' title='bbox 395 1335 427 1388; x_wconf 89' lang='lat' dir='ltr'><strong>et</strong></span> <span class='ocrx_word' id='word_1_84' title='bbox 442 1322 654 1388; x_wconf 81' lang='lat' dir='ltr'><strong>conhibentes</strong></span> <span class='ocrx_word' id='word_1_85' title='bbox 668 1335 759 1387; x_wconf 88' lang='lat' dir='ltr'><strong>tanto</strong></span> <span class='ocrx_word' id='word_1_86' title='bbox 779 1325 978 1390; x_wconf 87' lang='lat' dir='ltr'><strong>anathemate</strong></span> <span class='ocrx_word' id='word_1_87' title='bbox 998 1325 1173 1403; x_wconf 84' lang='lat' dir='ltr'><strong>feriuntur,</strong></span> <span class='ocrx_word' id='word_1_88' title='bbox 1194 1334 1228 1388; x_wconf 89' lang='lat' dir='ltr'><strong>et</strong></span> <span class='ocrx_word' id='word_1_89' title='bbox 1249 1325 1341 1413; x_wconf 85' lang='lat' dir='ltr'><strong>quod</strong></span> 
     </span>
     <span class='ocr_line' id='line_1_13' title="bbox 204 1403 1342 1494; baseline -0.004 -22"><span class='ocrx_word' id='word_1_90' title='bbox 204 1421 295 1474; x_wconf 79' lang='lat' dir='ltr'><strong>auxta</strong></span> <span class='ocrx_word' id='word_1_91' title='bbox 310 1409 499 1471; x_wconf 86' lang='lat' dir='ltr'><strong>canonicam</strong></span> <span class='ocrx_word' id='word_1_92' title='bbox 520 1407 742 1470; x_wconf 85' lang='lat' dir='ltr'><strong>auctoritatem</strong></span> <span class='ocrx_word' id='word_1_93' title='bbox 757 1409 797 1472; x_wconf 90' lang='lat' dir='ltr'><strong>ad</strong></span> <span class='ocrx_word' id='word_1_94' title='bbox 814 1409 964 1494; x_wconf 76' lang='lat' dir='ltr'><strong>coniugia</strong></span> <span class='ocrx_word' id='word_1_95' title='bbox 980 1403 1122 1492; x_wconf 81' lang='lat' dir='ltr'><strong>legitima</strong></span> <span class='ocrx_word' id='word_1_96' title='bbox 1144 1417 1250 1492; x_wconf 83' lang='lat' dir='ltr'><strong>raptas</strong></span> <span class='ocrx_word' id='word_1_97' title='bbox 1278 1405 1342 1469; x_wconf 88' lang='lat' dir='ltr'><strong>sihi</strong></span> 
     </span>
     <span class='ocr_line' id='line_1_14' title="bbox 187 1489 1340 1586; baseline -0.003 -30"><span class='ocrx_word' id='word_1_98' title='bbox 187 1491 461 1576; x_wconf 80' lang='lat' dir='ltr'><strong>¹iurerindicure</strong></span> <span class='ocrx_word' id='word_1_99' title='bbox 492 1490 680 1553; x_wconf 87' lang='lat' dir='ltr'><strong>nullatenus</strong></span> <span class='ocrx_word' id='word_1_100' title='bbox 705 1501 850 1576; x_wconf 84' lang='lat' dir='ltr'><strong>possunt.</strong></span> <span class='ocrx_word' id='word_1_101' title='bbox 903 1494 952 1554; x_wconf 85' lang='lat' dir='ltr'><strong>De</strong></span> <span class='ocrx_word' id='word_1_102' title='bbox 983 1489 1180 1582; x_wconf 86' lang='lat' dir='ltr'><strong>desponsatis</strong></span> <span class='ocrx_word' id='word_1_103' title='bbox 1206 1511 1340 1586; x_wconf 75' lang='lat' dir='ltr'><strong>quoqne</strong></span> 
     </span>
     <span class='ocr_line' id='line_1_15' title="bbox 203 1571 1341 1660; baseline -0.004 -24"><span class='ocrx_word' id='word_1_104' title='bbox 203 1575 337 1660; x_wconf 85' lang='lat' dir='ltr'><strong>puellis,</strong></span> <span class='ocrx_word' id='word_1_105' title='bbox 358 1584 388 1636; x_wconf 89' lang='lat' dir='ltr'><strong>et</strong></span> <span class='ocrx_word' id='word_1_106' title='bbox 404 1581 513 1656; x_wconf 87' lang='lat' dir='ltr'><strong>postea</strong></span> <span class='ocrx_word' id='word_1_107' title='bbox 536 1573 574 1634; x_wconf 82' lang='lat' dir='ltr'><strong>ab</strong></span> <span class='ocrx_word' id='word_1_108' title='bbox 595 1573 666 1636; x_wconf 88' lang='lat' dir='ltr'><strong>aliis</strong></span> <span class='ocrx_word' id='word_1_109' title='bbox 683 1573 792 1658; x_wconf 86' lang='lat' dir='ltr'><strong>raptis,</strong></span> <span class='ocrx_word' id='word_1_110' title='bbox 812 1574 845 1634; x_wconf 88' lang='lat' dir='ltr'><strong>in</strong></span> <span class='ocrx_word' id='word_1_111' title='bbox 863 1571 1048 1636; x_wconf 77' lang='lat' dir='ltr'><strong>Curionibus</strong></span> <span class='ocrx_word' id='word_1_112' title='bbox 1063 1575 1227 1656; x_wconf 77' lang='lat' dir='ltr'><strong>Aneyram</strong></span> <span class='ocrx_word' id='word_1_113' title='bbox 1250 1575 1341 1633; x_wconf 88' lang='lat' dir='ltr'><strong>Con·-</strong></span> 
     </span>
     <span class='ocr_line' id='line_1_16' title="bbox 204 1651 1343 1742; baseline -0.005 -22"><span class='ocrx_word' id='word_1_114' title='bbox 204 1657 275 1722; x_wconf 88' lang='lat' dir='ltr'><strong>citii</strong></span> <span class='ocrx_word' id='word_1_115' title='bbox 299 1656 419 1738; x_wconf 78' lang='lat' dir='ltr'><strong>legitur</strong></span> <span class='ocrx_word' id='word_1_116' title='bbox 439 1651 508 1716; x_wconf 77' lang='lat' dir='ltr'><strong>itas¹</strong></span> <span class='ocrx_word' id='word_1_117' title='bbox 522 1653 737 1740; x_wconf 85' lang='lat' dir='ltr'><strong>Desponsatas</strong></span> <span class='ocrx_word' id='word_1_118' title='bbox 754 1655 891 1742; x_wconf 86' lang='lat' dir='ltr'><strong>puellos,</strong></span> <span class='ocrx_word' id='word_1_119' title='bbox 910 1667 940 1719; x_wconf 80' lang='lat' dir='ltr'><strong>et</strong></span> <span class='ocrx_word' id='word_1_120' title='bbox 962 1668 1073 1738; x_wconf 86' lang='lat' dir='ltr'><strong>postea</strong></span> <span class='ocrx_word' id='word_1_121' title='bbox 1098 1657 1137 1723; x_wconf 74' lang='lat' dir='ltr'><strong>at</strong></span> <span class='ocrx_word' id='word_1_122' title='bbox 1160 1656 1232 1714; x_wconf 82' lang='lat' dir='ltr'><strong>aliis</strong></span> <span class='ocrx_word' id='word_1_123' title='bbox 1260 1675 1343 1738; x_wconf 81' lang='lat' dir='ltr'><strong>rap·-</strong></span> 
     </span>
     <span class='ocr_line' id='line_1_17' title="bbox 204 1733 1341 1824; baseline -0.007 -22"><span class='ocrx_word' id='word_1_124' title='bbox 204 1753 267 1812; x_wconf 81' lang='lat' dir='ltr'><strong>ras,</strong></span> <span class='ocrx_word' id='word_1_125' title='bbox 283 1739 406 1821; x_wconf 80' lang='lat' dir='ltr'><strong>placuit</strong></span> <span class='ocrx_word' id='word_1_126' title='bbox 424 1739 495 1798; x_wconf 82' lang='lat' dir='ltr'><strong>erui</strong></span> <span class='ocrx_word' id='word_1_127' title='bbox 507 1751 539 1799; x_wconf 89' lang='lat' dir='ltr'><strong>et</strong></span> <span class='ocrx_word' id='word_1_128' title='bbox 553 1740 599 1800; x_wconf 85' lang='lat' dir='ltr'><strong>cis</strong></span> <span class='ocrx_word' id='word_1_129' title='bbox 616 1737 712 1802; x_wconf 85' lang='lat' dir='ltr'><strong>reddi</strong></span> <span class='ocrx_word' id='word_1_130' title='bbox 725 1741 835 1824; x_wconf 78' lang='lat' dir='ltr'><strong>quibus</strong></span> <span class='ocrx_word' id='word_1_131' title='bbox 856 1752 947 1799; x_wconf 86' lang='lat' dir='ltr'><strong>anteo</strong></span> <span class='ocrx_word' id='word_1_132' title='bbox 962 1734 1097 1818; x_wconf 84' lang='lat' dir='ltr'><strong>fuerant</strong></span> <span class='ocrx_word' id='word_1_133' title='bbox 1117 1733 1341 1821; x_wconf 81' lang='lat' dir='ltr'><strong>desponsatae,</strong></span> 
     </span>
     <span class='ocr_line' id='line_1_18' title="bbox 204 1817 1427 1903; baseline -0.004 -19"><span class='ocrx_word' id='word_1_134' title='bbox 204 1822 388 1884; x_wconf 83' lang='lat' dir='ltr'><strong>etiamsieis</strong></span> <span class='ocrx_word' id='word_1_135' title='bbox 406 1821 621 1903; x_wconf 64' lang='lat' dir='ltr'><strong>&amp;raptoribus</strong></span> <span class='ocrx_word' id='word_1_136' title='bbox 637 1821 687 1882; x_wconf 84' lang='lat' dir='ltr'><strong>cis</strong></span> <span class='ocrx_word' id='word_1_137' title='bbox 711 1821 811 1881; x_wconf 86' lang='lat' dir='ltr'><strong>inlata</strong></span> <span class='ocrx_word' id='word_1_138' title='bbox 834 1820 1019 1887; x_wconf 82' lang='lat' dir='ltr'><strong>constiterit.</strong></span> <span class='ocrx_word' id='word_1_139' title='bbox 1067 1817 1210 1884; x_wconf 87' lang='lat' dir='ltr'><strong>Proinde</strong></span> <span class='ocrx_word' id='word_1_140' title='bbox 1237 1826 1342 1880; x_wconf 88' lang='lat' dir='ltr'><strong>statu-</strong></span> <span class='ocrx_word' id='word_1_141' title='bbox 1423 1819 1427 1826; x_wconf 87' lang='grc'><strong>’</strong></span> 
     </span>
     <span class='ocr_line' id='line_1_19' title="bbox 204 1899 1342 1987; baseline -0.005 -21"><span class='ocrx_word' id='word_1_142' title='bbox 204 1913 274 1966; x_wconf 82' lang='lat' dir='ltr'><strong>tam</strong></span> <span class='ocrx_word' id='word_1_143' title='bbox 295 1903 377 1964; x_wconf 76' lang='lat' dir='ltr'><strong>esti</strong></span> <span class='ocrx_word' id='word_1_144' title='bbox 397 1924 487 1964; x_wconf 87' lang='lat' dir='ltr'><strong>sacro</strong></span> <span class='ocrx_word' id='word_1_145' title='bbox 502 1903 675 1964; x_wconf 81' lang='lat' dir='ltr'><strong>Conventa</strong></span> <span class='ocrx_word' id='word_1_146' title='bbox 701 1913 739 1966; x_wconf 88' lang='lat' dir='ltr'><strong>ut</strong></span> <span class='ocrx_word' id='word_1_147' title='bbox 750 1912 859 1986; x_wconf 86' lang='lat' dir='ltr'><strong>raptor</strong></span> <span class='ocrx_word' id='word_1_148' title='bbox 872 1899 1003 1987; x_wconf 83' lang='lat' dir='ltr'><strong>publiea</strong></span> <span class='ocrx_word' id='word_1_149' title='bbox 1029 1900 1233 1986; x_wconf 87' lang='lat' dir='ltr'><strong>poenitentia</strong></span> <span class='ocrx_word' id='word_1_150' title='bbox 1257 1901 1342 1960; x_wconf 90' lang='lat' dir='ltr'><strong>mul·</strong></span> 
     </span>
     <span class='ocr_line' id='line_1_20' title="bbox 203 1981 1342 2080; baseline -0.006 -31"><span class='ocrx_word' id='word_1_151' title='bbox 203 1995 302 2049; x_wconf 89' lang='lat' dir='ltr'><strong>tetur.</strong></span> <span class='ocrx_word' id='word_1_152' title='bbox 343 1985 447 2066; x_wconf 83' lang='lat' dir='ltr'><strong>Rapta</strong></span> <span class='ocrx_word' id='word_1_153' title='bbox 465 1986 596 2060; x_wconf 85' lang='lat' dir='ltr'><strong>rer0,si</strong></span> <span class='ocrx_word' id='word_1_154' title='bbox 627 2009 697 2048; x_wconf 86' lang='lat' dir='ltr'><strong>eam</strong></span> <span class='ocrx_word' id='word_1_155' title='bbox 711 2007 844 2080; x_wconf 86' lang='lat' dir='ltr'><strong>sponsus</strong></span> <span class='ocrx_word' id='word_1_156' title='bbox 866 1985 1011 2068; x_wconf 89' lang='lat' dir='ltr'><strong>recipere</strong></span> <span class='ocrx_word' id='word_1_157' title='bbox 1037 1983 1191 2060; x_wconf 86' lang='lat' dir='ltr'><strong>noluerit,</strong></span> <span class='ocrx_word' id='word_1_158' title='bbox 1215 1992 1247 2043; x_wconf 91' lang='lat' dir='ltr'><strong>ct</strong></span> <span class='ocrx_word' id='word_1_159' title='bbox 1269 1981 1342 2068; x_wconf 76' lang='lat' dir='ltr'><strong>ipsa</strong></span> 
     </span>
     <span class='ocr_line' id='line_1_21' title="bbox 204 2063 1343 2144; baseline -0.004 -14"><span class='ocrx_word' id='word_1_160' title='bbox 204 2067 312 2130; x_wconf 87' lang='lat' dir='ltr'><strong>eidem</strong></span> <span class='ocrx_word' id='word_1_161' title='bbox 330 2065 459 2128; x_wconf 83' lang='lat' dir='ltr'><strong>crimini</strong></span> <span class='ocrx_word' id='word_1_162' title='bbox 476 2066 682 2130; x_wconf 88' lang='lat' dir='ltr'><strong>consentiens</strong></span> <span class='ocrx_word' id='word_1_163' title='bbox 698 2067 830 2132; x_wconf 78' lang='lat' dir='ltr'><strong>minime</strong></span> <span class='ocrx_word' id='word_1_164' title='bbox 847 2067 920 2144; x_wconf 85' lang='lat' dir='ltr'><strong>tuit,</strong></span> <span class='ocrx_word' id='word_1_165' title='bbox 947 2066 1079 2128; x_wconf 87' lang='lat' dir='ltr'><strong>licentia</strong></span> <span class='ocrx_word' id='word_1_166' title='bbox 1108 2063 1253 2127; x_wconf 85' lang='lat' dir='ltr'><strong>nubendi</strong></span> <span class='ocrx_word' id='word_1_167' title='bbox 1284 2065 1343 2128; x_wconf 87' lang='lat' dir='ltr'><strong>alii</strong></span> 
     </span>
     <span class='ocr_line' id='line_1_22' title="bbox 205 2143 1344 2230; baseline -0.007 -16"><span class='ocrx_word' id='word_1_168' title='bbox 205 2159 440 2230; x_wconf 72' lang='lat' dir='ltr'><strong>nounegetur.</strong></span> <span class='ocrx_word' id='word_1_169' title='bbox 482 2149 579 2228; x_wconf 86' lang='lat' dir='ltr'><strong>Quod</strong></span> <span class='ocrx_word' id='word_1_170' title='bbox 592 2149 617 2212; x_wconf 88' lang='lat' dir='ltr'><strong>si</strong></span> <span class='ocrx_word' id='word_1_171' title='bbox 633 2149 690 2212; x_wconf 89' lang='lat' dir='ltr'><strong>illa</strong></span> <span class='ocrx_word' id='word_1_172' title='bbox 711 2151 885 2230; x_wconf 84' lang='lat' dir='ltr'><strong>consensit,</strong></span> <span class='ocrx_word' id='word_1_173' title='bbox 911 2149 1009 2211; x_wconf 86' lang='lat' dir='ltr'><strong>simili</strong></span> <span class='ocrx_word' id='word_1_174' title='bbox 1034 2147 1213 2212; x_wconf 83' lang='lat' dir='ltr'><strong>sententiae</strong></span> <span class='ocrx_word' id='word_1_175' title='bbox 1236 2143 1344 2210; x_wconf 84' lang='lat' dir='ltr'><strong>subia-</strong></span> 
     </span>
     <span class='ocr_line' id='line_1_23' title="bbox 204 2229 1340 2322; baseline -0.001 -27"><span class='ocrx_word' id='word_1_176' title='bbox 204 2241 284 2296; x_wconf 90' lang='lat' dir='ltr'><strong>ceat.</strong></span> <span class='ocrx_word' id='word_1_177' title='bbox 327 2231 424 2310; x_wconf 87' lang='lat' dir='ltr'><strong>Quod</strong></span> <span class='ocrx_word' id='word_1_178' title='bbox 445 2229 472 2292; x_wconf 90' lang='lat' dir='ltr'><strong>si</strong></span> <span class='ocrx_word' id='word_1_179' title='bbox 492 2231 657 2312; x_wconf 87' lang='lat' dir='ltr'><strong>posthaec</strong></span> <span class='ocrx_word' id='word_1_180' title='bbox 675 2254 708 2294; x_wconf 89' lang='lat' dir='ltr'><strong>se</strong></span> <span class='ocrx_word' id='word_1_181' title='bbox 729 2231 864 2318; x_wconf 80' lang='lat' dir='ltr'><strong>iungere</strong></span> <span class='ocrx_word' id='word_1_182' title='bbox 891 2233 1177 2322; x_wconf 82' lang='lat' dir='ltr'><strong>praesumpserint,</strong></span> <span class='ocrx_word' id='word_1_183' title='bbox 1204 2231 1340 2318; x_wconf 75' lang='lat' dir='ltr'><strong>utrique</strong></span> 
     </span>
     <span class='ocr_line' id='line_1_24' title="bbox 206 2313 742 2398; baseline 0.004 -22"><span class='ocrx_word' id='word_1_184' title='bbox 206 2313 532 2380; x_wconf 83' lang='lat' dir='ltr'><strong>anathematizentur.</strong></span> <span class='ocrx_word' id='word_1_185' title='bbox 573 2317 601 2377; x_wconf 90' lang='grc' dir='ltr'><strong>Ι.</strong></span> <span class='ocrx_word' id='word_1_186' title='bbox 624 2315 674 2397; x_wconf 84' lang='grc'><strong>98.</strong></span> <span class='ocrx_word' id='word_1_187' title='bbox 691 2335 742 2398; x_wconf 84' lang='grc'><strong>99.</strong></span> 
     </span>
    </p>
   </div>
   <div class='ocr_carea' id='block_1_4' title="bbox 203 2439 1340 2611">
    <p class='ocr_par' dir='ltr' id='par_1_4' title="bbox 203 2439 1340 2611">
     <span class='ocr_line' id='line_1_25' title="bbox 203 2439 1340 2526; baseline -0.001 -19"><span class='ocrx_word' id='word_1_188' title='bbox 203 2443 255 2508; x_wconf 86' lang='lat' dir='ltr'><strong>De</strong></span> <span class='ocrx_word' id='word_1_189' title='bbox 280 2441 516 2507; x_wconf 83' lang='lat' dir='ltr'><strong>accusatoribus</strong></span> <span class='ocrx_word' id='word_1_190' title='bbox 532 2442 567 2504; x_wconf 89' lang='lat' dir='ltr'><strong>in</strong></span> <span class='ocrx_word' id='word_1_191' title='bbox 588 2439 742 2504; x_wconf 84' lang='lat' dir='ltr'><strong>iudicium</strong></span> <span class='ocrx_word' id='word_1_192' title='bbox 759 2443 1021 2526; x_wconf 80' lang='lat' dir='ltr'><strong>praesentandis,</strong></span> <span class='ocrx_word' id='word_1_193' title='bbox 1050 2455 1081 2506; x_wconf 90' lang='lat' dir='ltr'><strong>et</strong></span> <span class='ocrx_word' id='word_1_194' title='bbox 1100 2445 1254 2508; x_wconf 86' lang='lat' dir='ltr'><strong>accusatis</strong></span> <span class='ocrx_word' id='word_1_195' title='bbox 1273 2465 1340 2510; x_wconf 81' lang='lat' dir='ltr'><strong>non</strong></span> 
     </span>
     <span class='ocr_line' id='line_1_26' title="bbox 299 2525 1332 2611; baseline -0.002 -23"><span class='ocrx_word' id='word_1_196' title='bbox 299 2526 459 2588; x_wconf 88' lang='lat' dir='ltr'><strong>modicum</strong></span> <span class='ocrx_word' id='word_1_197' title='bbox 479 2525 616 2611; x_wconf 87' lang='lat' dir='ltr'><strong>spatium</strong></span> <span class='ocrx_word' id='word_1_198' title='bbox 636 2525 830 2606; x_wconf 81' lang='lat' dir='ltr'><strong>accipiendis</strong></span> <span class='ocrx_word' id='word_1_199' title='bbox 851 2525 895 2590; x_wconf 87' lang='lat' dir='ltr'><strong>ad</strong></span> <span class='ocrx_word' id='word_1_200' title='bbox 914 2527 1072 2592; x_wconf 81' lang='lat' dir='ltr'><strong>abluenda</strong></span> <span class='ocrx_word' id='word_1_201' title='bbox 1093 2528 1237 2593; x_wconf 84' lang='lat' dir='ltr'><strong>crimina.</strong></span> <span class='ocrx_word' id='word_1_202' title='bbox 1329 2567 1332 2572; x_wconf 93' lang='lat'>-</span> 
     </span>
    </p>
   </div>
   <div class='ocr_carea' id='block_1_5' title="bbox 202 2628 1339 2879">
    <p class='ocr_par' dir='ltr' id='par_1_5' title="bbox 202 2628 1339 2879">
     <span class='ocr_line' id='line_1_27' title="bbox 285 2628 1339 2718; baseline 0.002 -24"><span class='ocrx_word' id='word_1_203' title='bbox 285 2631 491 2698; x_wconf 85' lang='lat' dir='ltr'><strong>chxxtv.</strong></span> <span class='ocrx_word' id='word_1_204' title='bbox 531 2629 632 2691; x_wconf 85' lang='lat' dir='ltr'><strong>Nemo</strong></span> <span class='ocrx_word' id='word_1_205' title='bbox 646 2629 741 2690; x_wconf 85' lang='lat' dir='ltr'><strong>dehet</strong></span> <span class='ocrx_word' id='word_1_206' title='bbox 754 2628 889 2691; x_wconf 88' lang='lat' dir='ltr'><strong>iudicari</strong></span> <span class='ocrx_word' id='word_1_207' title='bbox 908 2639 963 2690; x_wconf 87' lang='lat' dir='ltr'><strong>aut</strong></span> <span class='ocrx_word' id='word_1_208' title='bbox 985 2629 1129 2693; x_wconf 85' lang='lat' dir='ltr'><strong>damnari</strong></span> <span class='ocrx_word' id='word_1_209' title='bbox 1148 2631 1339 2718; x_wconf 82' lang='lat' dir='ltr'><strong>priusquam</strong></span> 
     </span>
     <span class='ocr_line' id='line_1_28' title="bbox 202 2711 1337 2798; baseline 0.002 -22"><span class='ocrx_word' id='word_1_210' title='bbox 202 2723 368 2777; x_wconf 86' lang='lat' dir='ltr'><strong>accusator</strong></span> <span class='ocrx_word' id='word_1_211' title='bbox 387 2733 538 2795; x_wconf 85' lang='lat' dir='ltr'><strong>praesens</strong></span> <span class='ocrx_word' id='word_1_212' title='bbox 558 2711 727 2789; x_wconf 81' lang='lat' dir='ltr'><strong>habeatnr,</strong></span> <span class='ocrx_word' id='word_1_213' title='bbox 745 2722 779 2772; x_wconf 90' lang='lat' dir='ltr'><strong>et</strong></span> <span class='ocrx_word' id='word_1_214' title='bbox 794 2713 932 2798; x_wconf 85' lang='lat' dir='ltr'><strong>spatium</strong></span> <span class='ocrx_word' id='word_1_215' title='bbox 953 2735 1018 2776; x_wconf 90' lang='lat' dir='ltr'><strong>non</strong></span> <span class='ocrx_word' id='word_1_216' title='bbox 1037 2715 1200 2787; x_wconf 80' lang='lat' dir='ltr'><strong>modicum</strong></span> <span class='ocrx_word' id='word_1_217' title='bbox 1218 2717 1337 2780; x_wconf 83' lang='lat' dir='ltr'><strong>defen·</strong></span> 
     </span>
     <span class='ocr_line' id='line_1_29' title="bbox 202 2795 1039 2879; baseline -0.001 -18"><span class='ocrx_word' id='word_1_218' title='bbox 202 2797 304 2861; x_wconf 88' lang='lat' dir='ltr'><strong>dendi</strong></span> <span class='ocrx_word' id='word_1_219' title='bbox 318 2795 455 2879; x_wconf 88' lang='lat' dir='ltr'><strong>accipiat</strong></span> <span class='ocrx_word' id='word_1_220' title='bbox 469 2804 636 2856; x_wconf 86' lang='lat' dir='ltr'><strong>accusatas</strong></span> <span class='ocrx_word' id='word_1_221' title='bbox 650 2795 691 2855; x_wconf 87' lang='lat' dir='ltr'><strong>ad</strong></span> <span class='ocrx_word' id='word_1_222' title='bbox 710 2795 871 2857; x_wconf 84' lang='lat' dir='ltr'><strong>abluenda</strong></span> <span class='ocrx_word' id='word_1_223' title='bbox 892 2795 1039 2860; x_wconf 80' lang='lat' dir='ltr'><strong>crimina.</strong></span> 
     </span>
    </p>
   </div>
   <div class='ocr_carea' id='block_1_6' title="bbox 272 2899 1250 2985">
    <p class='ocr_par' dir='ltr' id='par_1_6' title="bbox 272 2899 1250 2985">
     <span class='ocr_line' id='line_1_30' title="bbox 272 2899 1250 2985; baseline 0.004 -23"><span class='ocrx_word' id='word_1_224' title='bbox 272 2903 338 2977; x_wconf 33' lang='lat' dir='ltr'><strong>,De</strong></span> <span class='ocrx_word' id='word_1_225' title='bbox 361 2901 494 2962; x_wconf 89' lang='lat' dir='ltr'><strong>Clericis</strong></span> <span class='ocrx_word' id='word_1_226' title='bbox 508 2899 595 2962; x_wconf 86' lang='lat' dir='ltr'><strong>nullo</strong></span> <span class='ocrx_word' id='word_1_227' title='bbox 607 2899 723 2984; x_wconf 79' lang='lat' dir='ltr'><strong>fiscali</strong></span> <span class='ocrx_word' id='word_1_228' title='bbox 735 2913 789 2962; x_wconf 87' lang='lat' dir='ltr'><strong>out</strong></span> <span class='ocrx_word' id='word_1_229' title='bbox 802 2901 929 2985; x_wconf 84' lang='lat' dir='ltr'><strong>publico</strong></span> <span class='ocrx_word' id='word_1_230' title='bbox 949 2901 1121 2964; x_wconf 85' lang='lat' dir='ltr'><strong>subdendis</strong></span> <span class='ocrx_word' id='word_1_231' title='bbox 1131 2901 1250 2983; x_wconf 70' lang='lat' dir='ltr'><strong>(officio.</strong></span> 
     </span>
    </p>
   </div>
   <div class='ocr_carea' id='block_1_7' title="bbox 129 3004 1337 3240">
    <p class='ocr_par' dir='ltr' id='par_1_7' title="bbox 129 3004 1337 3240">
     <span class='ocr_line' id='line_1_31' title="bbox 283 3004 1337 3092; baseline 0.005 -23"><span class='ocrx_word' id='word_1_232' title='bbox 283 3007 471 3074; x_wconf 85' lang='lat' dir='ltr'>CLXXXV.</span> <span class='ocrx_word' id='word_1_233' title='bbox 511 3009 555 3072; x_wconf 88' lang='lat' dir='ltr'><strong>Ut</strong></span> <span class='ocrx_word' id='word_1_234' title='bbox 570 3004 690 3066; x_wconf 87' lang='lat' dir='ltr'><strong>Clerici</strong></span> <span class='ocrx_word' id='word_1_235' title='bbox 713 3005 806 3068; x_wconf 90' lang='lat' dir='ltr'><strong>nullo</strong></span> <span class='ocrx_word' id='word_1_236' title='bbox 826 3007 925 3070; x_wconf 85' lang='lat' dir='ltr'><strong>fiscali</strong></span> <span class='ocrx_word' id='word_1_237' title='bbox 944 3007 1142 3092; x_wconf 90' lang='lat' dir='ltr'><strong>eutpublico</strong></span> <span class='ocrx_word' id='word_1_238' title='bbox 1155 3009 1337 3074; x_wconf 81' lang='lat' dir='ltr'><strong>subdantur</strong></span> 
     </span>
     <span class='ocr_line' id='line_1_32' title="bbox 129 3087 1336 3240; baseline 0.004 -89"><span class='ocrx_word' id='word_1_239' title='bbox 129 3208 132 3215; x_wconf 28' lang='grc' dir='ltr'>Ι</span> <span class='ocrx_word' id='word_1_240' title='bbox 201 3089 323 3240; x_wconf 50' lang='lat' dir='ltr'><strong>effipitm</strong></span> <span class='ocrx_word' id='word_1_241' title='bbox 346 3090 404 3154; x_wconf 90' lang='lat' dir='ltr'><strong>sed</strong></span> <span class='ocrx_word' id='word_1_242' title='bbox 421 3089 518 3152; x_wconf 87' lang='lat' dir='ltr'><strong>liberi</strong></span> <span class='ocrx_word' id='word_1_243' title='bbox 535 3089 574 3150; x_wconf 85' lang='lat' dir='ltr'><strong>ab</strong></span> <span class='ocrx_word' id='word_1_244' title='bbox 589 3087 677 3150; x_wconf 88' lang='lat' dir='ltr'><strong>omni</strong></span> <span class='ocrx_word' id='word_1_245' title='bbox 692 3087 837 3152; x_wconf 89' lang='lat' dir='ltr'><strong>hnmano</strong></span> <span class='ocrx_word' id='word_1_246' title='bbox 851 3089 995 3171; x_wconf 80' lang='lat' dir='ltr'><strong>servitio,</strong></span> <span class='ocrx_word' id='word_1_247' title='bbox 1022 3093 1189 3186; x_wconf 75' lang='lat' dir='ltr'><strong>Ecclesiae</strong></span> <span class='ocrx_word' id='word_1_248' title='bbox 1221 3093 1336 3158; x_wconf 82' lang='lat' dir='ltr'><strong>desor-</strong></span> 
     </span>
    </p>
   </div>
   <div class='ocr_carea' id='block_1_8' title="bbox 204 3253 1336 3446">
    <p class='ocr_par' dir='ltr' id='par_1_8' title="bbox 204 3253 1336 3446">
     <span class='ocr_line' id='line_1_33' title="bbox 204 3253 1336 3364; baseline 0.004 -22"><span class='ocrx_word' id='word_1_249' title='bbox 204 3277 249 3342; x_wconf 84' lang='lat' dir='ltr'><strong>Ut</strong></span> <span class='ocrx_word' id='word_1_250' title='bbox 267 3277 373 3341; x_wconf 86' lang='lat' dir='ltr'><strong>nullus</strong></span> <span class='ocrx_word' id='word_1_251' title='bbox 391 3273 551 3339; x_wconf 84' lang='lat' dir='ltr'><strong>Sacerdos</strong></span> <span class='ocrx_word' id='word_1_252' title='bbox 558 3275 700 3358; x_wconf 85' lang='lat' dir='ltr'><strong>seminas</strong></span> <span class='ocrx_word' id='word_1_253' title='bbox 717 3297 821 3338; x_wconf 88' lang='lat' dir='ltr'><strong>secum</strong></span> <span class='ocrx_word' id='word_1_254' title='bbox 834 3253 978 3340; x_wconf 75' lang='lat' dir='ltr'><strong>labitore</strong></span> <span class='ocrx_word' id='word_1_255' title='bbox 992 3285 1167 3364; x_wconf 81' lang='lat' dir='ltr'><strong>permittat,</strong></span> <span class='ocrx_word' id='word_1_256' title='bbox 1191 3293 1245 3346; x_wconf 84' lang='lat' dir='ltr'><strong>aut</strong></span> <span class='ocrx_word' id='word_1_257' title='bbox 1263 3304 1336 3348; x_wconf 86' lang='lat' dir='ltr'><strong>cum</strong></span> 
     </span>
     <span class='ocr_line' id='line_1_34' title="bbox 246 3359 1070 3446; baseline 0.007 -27"><span class='ocrx_word' id='word_1_258' title='bbox 246 3377 249 3382; x_wconf 89' lang='lat'>·</span> <span class='ocrx_word' id='word_1_259' title='bbox 522 3361 568 3422; x_wconf 87' lang='lat' dir='ltr'><strong>eis</strong></span> <span class='ocrx_word' id='word_1_260' title='bbox 581 3359 789 3444; x_wconf 78' lang='lat' dir='ltr'><strong>frequentare</strong></span> <span class='ocrx_word' id='word_1_261' title='bbox 807 3376 1000 3446; x_wconf 85' lang='lat' dir='ltr'><strong>praesumot.</strong></span> <span class='ocrx_word' id='word_1_262' title='bbox 1068 3395 1070 3404; x_wconf 41' lang='grc' dir='ltr'>ν</span> 
     </span>
    </p>
   </div>
   <div class='ocr_carea' id='block_1_9' title="bbox 198 3464 1336 3880">
    <p class='ocr_par' dir='ltr' id='par_1_9' title="bbox 198 3464 1336 3880">
     <span class='ocr_line' id='line_1_35' title="bbox 245 3464 1336 3554; baseline 0.002 -23"><span class='ocrx_word' id='word_1_263' title='bbox 245 3501 247 3506; x_wconf 87' lang='grc'><em>·</em></span> <span class='ocrx_word' id='word_1_264' title='bbox 281 3464 489 3534; x_wconf 83' lang='lat' dir='ltr'><strong>CLXXXVI.</strong></span> <span class='ocrx_word' id='word_1_265' title='bbox 529 3465 697 3529; x_wconf 88' lang='lat' dir='ltr'><strong>Sancitum</strong></span> <span class='ocrx_word' id='word_1_266' title='bbox 725 3476 774 3527; x_wconf 88' lang='lat' dir='ltr'><strong>est</strong></span> <span class='ocrx_word' id='word_1_267' title='bbox 800 3466 840 3528; x_wconf 86' lang='lat' dir='ltr'><strong>de</strong></span> <span class='ocrx_word' id='word_1_268' title='bbox 871 3466 1071 3553; x_wconf 87' lang='lat' dir='ltr'><strong>Presbyteris</strong></span> <span class='ocrx_word' id='word_1_269' title='bbox 1108 3470 1165 3554; x_wconf 89' lang='lat' dir='ltr'><strong>qui</strong></span> <span class='ocrx_word' id='word_1_270' title='bbox 1197 3472 1336 3548; x_wconf 81' lang='lat' dir='ltr'><strong>feminas</strong></span> 
     </span>
     <span class='ocr_line' id='line_1_36' title="bbox 200 3546 1335 3636; baseline 0.007 -22"><span class='ocrx_word' id='word_1_271' title='bbox 200 3571 312 3614; x_wconf 87' lang='lat' dir='ltr'><strong>secum</strong></span> <span class='ocrx_word' id='word_1_272' title='bbox 333 3549 508 3612; x_wconf 90' lang='lat' dir='ltr'><strong>indiscrete</strong></span> <span class='ocrx_word' id='word_1_273' title='bbox 532 3546 678 3610; x_wconf 85' lang='lat' dir='ltr'><strong>habitare</strong></span> <span class='ocrx_word' id='word_1_274' title='bbox 699 3548 901 3632; x_wconf 86' lang='lat' dir='ltr'><strong>permittunt,</strong></span> <span class='ocrx_word' id='word_1_275' title='bbox 928 3561 961 3613; x_wconf 90' lang='lat' dir='ltr'><strong>et</strong></span> <span class='ocrx_word' id='word_1_276' title='bbox 988 3563 1120 3636; x_wconf 88' lang='lat' dir='ltr'><strong>propter</strong></span> <span class='ocrx_word' id='word_1_277' title='bbox 1146 3553 1209 3618; x_wconf 91' lang='lat' dir='ltr'><strong>hoc</strong></span> <span class='ocrx_word' id='word_1_278' title='bbox 1230 3559 1335 3622; x_wconf 84' lang='lat' dir='ltr'><strong>malae</strong></span> 
     </span>
     <span class='ocr_line' id='line_1_37' title="bbox 199 3631 1334 3718; baseline 0.006 -23"><span class='ocrx_word' id='word_1_279' title='bbox 199 3633 364 3718; x_wconf 87' lang='lat' dir='ltr'><strong>opinionis</strong></span> <span class='ocrx_word' id='word_1_280' title='bbox 383 3631 566 3715; x_wconf 86' lang='lat' dir='ltr'><strong>suspicione</strong></span> <span class='ocrx_word' id='word_1_281' title='bbox 582 3631 790 3710; x_wconf 88' lang='lat' dir='ltr'><strong>denotantur,</strong></span> <span class='ocrx_word' id='word_1_282' title='bbox 808 3633 844 3693; x_wconf 89' lang='lat' dir='ltr'><strong>ut</strong></span> <span class='ocrx_word' id='word_1_283' title='bbox 863 3632 891 3694; x_wconf 93' lang='lat' dir='ltr'><strong>si</strong></span> <span class='ocrx_word' id='word_1_284' title='bbox 917 3633 1069 3717; x_wconf 84' lang='lat' dir='ltr'><strong>deinceps</strong></span> <span class='ocrx_word' id='word_1_285' title='bbox 1090 3637 1247 3700; x_wconf 88' lang='lat' dir='ltr'><strong>admoniti</strong></span> <span class='ocrx_word' id='word_1_286' title='bbox 1267 3661 1334 3702; x_wconf 91' lang='lat' dir='ltr'><strong>non</strong></span> 
     </span>
     <span class='ocr_line' id='line_1_38' title="bbox 198 3714 1335 3798; baseline 0.004 -19"><span class='ocrx_word' id='word_1_287' title='bbox 198 3738 233 3780; x_wconf 89' lang='lat' dir='ltr'><strong>se</strong></span> <span class='ocrx_word' id='word_1_288' title='bbox 251 3715 463 3794; x_wconf 79' lang='lat' dir='ltr'><strong>correxerint,</strong></span> <span class='ocrx_word' id='word_1_289' title='bbox 478 3714 571 3778; x_wconf 84' lang='lat' dir='ltr'><strong>velut</strong></span> <span class='ocrx_word' id='word_1_290' title='bbox 585 3723 821 3798; x_wconf 85' lang='lat' dir='ltr'><strong>contemptores</strong></span> <span class='ocrx_word' id='word_1_291' title='bbox 834 3736 1000 3782; x_wconf 85' lang='lat' dir='ltr'><strong>sacrorum</strong></span> <span class='ocrx_word' id='word_1_292' title='bbox 1018 3719 1189 3784; x_wconf 86' lang='lat' dir='ltr'><strong>Canonum</strong></span> <span class='ocrx_word' id='word_1_293' title='bbox 1202 3724 1335 3786; x_wconf 86' lang='lat' dir='ltr'><strong>canoni·</strong></span> 
     </span>
     <span class='ocr_line' id='line_1_39' title="bbox 198 3797 778 3880; baseline -0.012 -16"><span class='ocrx_word' id='word_1_294' title='bbox 198 3821 237 3864; x_wconf 85' lang='lat' dir='ltr'><strong>ca</strong></span> <span class='ocrx_word' id='word_1_295' title='bbox 257 3799 441 3866; x_wconf 80' lang='lat' dir='ltr'><strong>invectione</strong></span> <span class='ocrx_word' id='word_1_296' title='bbox 456 3797 624 3863; x_wconf 80' lang='lat' dir='ltr'><strong>feriantur.</strong></span> <span class='ocrx_word' id='word_1_297' title='bbox 668 3797 707 3860; x_wconf 88' lang='lat' dir='ltr'><strong>V.</strong></span> <span class='ocrx_word' id='word_1_298' title='bbox 726 3818 778 3880; x_wconf 81' lang='lat'><strong>92·</strong></span> 
     </span>
    </p>
   </div>
   <div class='ocr_carea' id='block_1_10' title="bbox 199 3926 1335 4106">
    <p class='ocr_par' dir='ltr' id='par_1_10' title="bbox 199 3926 1335 4106">
     <span class='ocr_line' id='line_1_40' title="bbox 199 3926 1335 4016; baseline 0.002 -20"><span class='ocrx_word' id='word_1_299' title='bbox 199 3934 250 3996; x_wconf 84' lang='lat' dir='ltr'><strong>Dc</strong></span> <span class='ocrx_word' id='word_1_300' title='bbox 274 3932 405 3996; x_wconf 85' lang='lat' dir='ltr'><strong>testibus</strong></span> <span class='ocrx_word' id='word_1_301' title='bbox 425 3926 481 3989; x_wconf 84' lang='lat' dir='ltr'><strong>oei</strong></span> <span class='ocrx_word' id='word_1_302' title='bbox 498 3927 732 3990; x_wconf 81' lang='lat' dir='ltr'><strong>accusatoribus</strong></span> <span class='ocrx_word' id='word_1_303' title='bbox 752 3927 809 4012; x_wconf 82' lang='lat' dir='ltr'><strong>qui</strong></span> <span class='ocrx_word' id='word_1_304' title='bbox 827 3947 898 3992; x_wconf 87' lang='lat' dir='ltr'><strong>cum</strong></span> <span class='ocrx_word' id='word_1_305' title='bbox 918 3930 1055 3992; x_wconf 84' lang='lat' dir='ltr'><strong>inimicis</strong></span> <span class='ocrx_word' id='word_1_306' title='bbox 1084 3945 1271 4016; x_wconf 56' lang='lat' dir='ltr'><strong>&#39;inornatum</strong></span> <span class='ocrx_word' id='word_1_307' title='bbox 1298 3938 1335 4000; x_wconf 86' lang='lat' dir='ltr'><strong>in</strong></span> 
     </span>
     <span class='ocr_line' id='line_1_41' title="bbox 395 4011 1161 4106; baseline -0.003 -34"><span class='ocrx_word' id='word_1_308' title='bbox 395 4011 602 4072; x_wconf 84' lang='lat' dir='ltr'><strong>Sacerdotum</strong></span> <span class='ocrx_word' id='word_1_309' title='bbox 622 4011 820 4072; x_wconf 86' lang='lat' dir='ltr'><strong>accusatione</strong></span> <span class='ocrx_word' id='word_1_310' title='bbox 842 4033 907 4074; x_wconf 88' lang='lat' dir='ltr'><strong>non</strong></span> <span class='ocrx_word' id='word_1_311' title='bbox 926 4014 1126 4106; x_wconf 78' lang='lat' dir='ltr'><strong>recipiendis.</strong></span> <span class='ocrx_word' id='word_1_312' title='bbox 1160 4021 1161 4024; x_wconf 76' lang='grc'>’</span> 
     </span>
    </p>
   </div>
   <div class='ocr_carea' id='block_1_11' title="bbox 194 4107 1335 4376">
    <p class='ocr_par' dir='ltr' id='par_1_11' title="bbox 194 4107 1335 4376">
     <span class='ocr_line' id='line_1_42' title="bbox 279 4107 1335 4208; baseline 0.007 -27"><span class='ocrx_word' id='word_1_313' title='bbox 279 4117 498 4198; x_wconf 78' lang='lat' dir='ltr'>CLXXXVII.</span> <span class='ocrx_word' id='word_1_314' title='bbox 538 4117 611 4180; x_wconf 88' lang='lat' dir='ltr'><strong>Non</strong></span> <span class='ocrx_word' id='word_1_315' title='bbox 627 4124 704 4178; x_wconf 87' lang='lat' dir='ltr'><strong>sunt</strong></span> <span class='ocrx_word' id='word_1_316' title='bbox 720 4107 771 4176; x_wconf 90' lang='lat' dir='ltr'><strong>illi</strong></span> <span class='ocrx_word' id='word_1_317' title='bbox 791 4126 888 4180; x_wconf 87' lang='lat' dir='ltr'><strong>testes</strong></span> <span class='ocrx_word' id='word_1_318' title='bbox 910 4109 1123 4203; x_wconf 88' lang='lat' dir='ltr'><strong>suscipiendi,</strong></span> <span class='ocrx_word' id='word_1_319' title='bbox 1147 4144 1254 4208; x_wconf 82' lang='lat' dir='ltr'><strong>neque</strong></span> <span class='ocrx_word' id='word_1_320' title='bbox 1279 4147 1335 4188; x_wconf 85' lang='lat' dir='ltr'><strong>ac-</strong></span> 
     </span>
     <span class='ocr_line' id='line_1_43' title="bbox 195 4199 1331 4288; baseline 0.005 -22"><span class='ocrx_word' id='word_1_321' title='bbox 195 4212 370 4278; x_wconf 87' lang='lat' dir='ltr'><strong>cusatores,</strong></span> <span class='ocrx_word' id='word_1_322' title='bbox 384 4200 445 4283; x_wconf 76' lang='lat' dir='ltr'><strong>&#39;qni</strong></span> <span class='ocrx_word' id='word_1_323' title='bbox 460 4212 535 4261; x_wconf 86' lang='lat' dir='ltr'><strong>cnm</strong></span> <span class='ocrx_word' id='word_1_324' title='bbox 556 4199 697 4260; x_wconf 87' lang='lat' dir='ltr'><strong>inimicis</strong></span> <span class='ocrx_word' id='word_1_325' title='bbox 710 4211 886 4281; x_wconf 86' lang='lat' dir='ltr'><strong>morantur,</strong></span> <span class='ocrx_word' id='word_1_326' title='bbox 903 4201 957 4266; x_wconf 82' lang='lat' dir='ltr'><strong>vel</strong></span> <span class='ocrx_word' id='word_1_327' title='bbox 970 4225 1050 4288; x_wconf 88' lang='lat' dir='ltr'><strong>quos</strong></span> <span class='ocrx_word' id='word_1_328' title='bbox 1073 4205 1134 4288; x_wconf 90' lang='lat' dir='ltr'><strong>ipsi</strong></span> <span class='ocrx_word' id='word_1_329' title='bbox 1165 4207 1206 4270; x_wconf 92' lang='lat' dir='ltr'><strong>de</strong></span> <span class='ocrx_word' id='word_1_330' title='bbox 1230 4209 1331 4272; x_wconf 87' lang='lat' dir='ltr'><strong>domo</strong></span> 
     </span>
     <span class='ocr_line' id='line_1_44' title="bbox 194 4283 1325 4376; baseline 0.004 -26"><span class='ocrx_word' id='word_1_331' title='bbox 194 4284 427 4374; x_wconf 79' lang='lat' dir='ltr'><strong>produxerint,</strong></span> <span class='ocrx_word' id='word_1_332' title='bbox 442 4283 521 4369; x_wconf 85' lang='lat' dir='ltr'><strong>qnia</strong></span> <span class='ocrx_word' id='word_1_333' title='bbox 539 4289 752 4370; x_wconf 77' lang='lat' dir='ltr'><strong>cdrrumpant</strong></span> <span class='ocrx_word' id='word_1_334' title='bbox 768 4293 872 4350; x_wconf 86' lang='lat' dir='ltr'><strong>mores</strong></span> <span class='ocrx_word' id='word_1_335' title='bbox 889 4284 991 4352; x_wconf 88' lang='lat' dir='ltr'><strong>bonos</strong></span> <span class='ocrx_word' id='word_1_336' title='bbox 1005 4288 1181 4376; x_wconf 49' lang='lat' dir='ltr'><strong>*conloquia</strong></span> <span class='ocrx_word' id='word_1_337' title='bbox 1195 4293 1301 4360; x_wconf 81' lang='lat' dir='ltr'><strong>mala.</strong></span> <span class='ocrx_word' id='word_1_338' title='bbox 1318 4315 1325 4326; x_wconf 91' lang='lat'><em>·</em></span> 
     </span>
    </p>
   </div>
   <div class='ocr_carea' id='block_1_12' title="bbox 0 0 1468 4982">
    <p class='ocr_par' dir='ltr' id='par_1_12' title="bbox 0 0 1468 4982">
     <span class='ocr_line' id='line_1_45' title="bbox 0 0 1468 4982; baseline 0 0"><span class='ocrx_word' id='word_1_339' title='bbox 0 0 1468 4982; x_wconf 95' lang='lat' dir='ltr'><strong> </strong></span> 
     </span>
    </p>
   </div>
  </div>
 </body>
</html>
