2948 4990
189 287 263 366 590
607 308 898 372 centimanum

184 455 255 531 242,
284 451 404 592 {lenia
416 449 551 516 iuranda
563 455 725 541 pervitam
774 453 844 522 258.
878 455 1142 601 ἴιεενίὂαείαῐεο
1154 483 1218 528 nan
1232 469 1317 531 scri-

314 551 329 594 e
354 556 391 597 ts.
899 555 962 602 ant.

103 645 105 652 ·
184 618 254 695 242.
288 555 445 678 Uthissi
466 641 528 681 non
557 620 658 680 solum
685 616 724 678 de
774 625 844 703 259.
879 623 923 683 Ut
942 640 1117 708 compotum
1145 628 1296 694 discatur.

288 699 536 779 adnuntiatione,
558 702 726 762 sedetiam
775 709 843 770 260.
872 706 921 764 De
949 707 1235 792 derelinquentibus
1265 709 1315 774 sess

288 782 327 841 de
346 805 449 866 opere,
466 784 726 866 brevesafferant.
875 789 977 848 culam
997 807 1131 876 propter
1156 797 1318 856 servitium

185 865 256 943 245.
289 863 328 925 Ut
347 867 450 927 nullus
472 880 653 950 praesumat
680 879 726 925 te·
879 871 948 930 Dei.

288 949 432 1021 laneum,
462 949 663 1019 rodaticum,
697 957 728 1005 el
776 956 845 1018 26¹·
878 951 920 1013 Ut
937 956 1019 1013 servi
1033 959 1161 1040 proprii
1172 971 1317 1018 nanton-

284 1031 510 1112 pulveraticum
537 1029 703 1114 recipere.¹
878 1035 1010 1116 dantur,
1030 1040 1084 1099 vel
1102 1041 1235 1100 ancillae
1252 1061 1317 1099 non

186 1115 257 1192 244.
292 1113 332 1173 Ut
354 1113 479 1177 Fideles
505 1117 587 1174 iusta
610 1111 729 1172 iudicia
876 1118 1030 1192 velentur,
1054 1123 1117 1180 nisi
1132 1122 1176 1182 ad
1191 1143 1320 1181 mensu-

290 1194 440 1260 iudicent.
878 1221 955 1260 ram.

188 1278 259 1356 245.
292 1278 335 1339 Ut
352 1281 513 1342 Ecclesiae
540 1289 645 1340 'earum
662 1276 729 1334 ius·
778 1284 847 1346 262.
880 1281 921 1342 Ut
940 1282 1116 1365 supessuae
1139 1285 1319 1363 Congrega-

291 1363 392 1424 titiam
417 1363 584 1425 obtineant.
879 1366 977 1423 tiones
998 1367 1173 1427 nullatenus
1192 1367 1283 1442 fiant.

189 1442 258 1521 246.
292 1443 333 1505 Ut
358 1457 543 1530 potestatem
579 1441 731 1526 Episcopi
779 1447 848 1509 263.
877 1447 925 1504 De
944 1447 991 1505 his
1010 1451 1065 1529 qcti
1083 1434 1251 1508 secundum
1272 1469 1322 1509 re·

293 1547 399 1590 omnes
417 1528 604 1608 intelligant,
628 1537 657 1584 ct
679 1525 730 1581 in·
808 1599 810 1608 7
876 1527 980 1604 gulam
1001 1551 1063 1588 non
1082 1532 1255 1612 pulsantur.

290 1609 675 1692 struanturqaalitersive
686 1625 733 1662 se·
780 1611 849 1685 264.
867 1607 1321 1690 Utinfantulaenonvelentur.

292 1693 429 1755 cundum
447 1697 646 1761 canonicam,
667 1689 730 1746 sive
780 1695 849 1756 265.
879 1692 927 1750 De
947 1691 1074 1764 Laicis,
1111 1706 1145 1753 ut
1171 1717 1234 1754 non
1257 1696 1323 1753 sint

291 1774 731 1836 secundummonasticamre·
881 1774 1059 1856 Praepositi
1081 1777 1322 1840 Monachorum.

290 1859 412 1936 gulam,
436 1858 480 1916 eis
497 1852 663 1917 vivendum
683 1853 732 1916 til.
782 1857 850 1920 266.
886 1851 926 1914 Ut
962 1859 1130 1918 incestuosi
1173 1859 1322 1918 canonice

170 1965 171 1968 ¹
192 1939 268 2018 247.
293 1941 340 1998 De
355 1938 462 1998 viduis
477 1953 506 1998 et
524 1936 688 2022 orphanis,
702 1945 733 1993 et
886 1941 1115 2001 examinentur.

297 2022 398 2080 minas
413 2013 601 2102 potentibus.
783 2023 851 2104 267.
880 2020 928 2078 De
952 2022 1000 2079 his
1024 2025 1079 2102 qui
1101 2043 1161 2106 per
1190 2019 1326 2102 aliquod

192 2101 263 2178 248.
295 2104 344 2163 De
378 2125 440 2162 non
470 2095 734 2184 parvipendenda
883 2104 982 2162 scelus
1003 2103 1239 2186 rebellesflunt.

295 2186 615 2244 excommunicatione
626 2182 735 2241 Sacer·
784 2187 852 2249 268.
885 2184 929 2244 De
951 2187 1078 2246 iustitiis
1109 2187 1324 2256 Ecclesiamm

297 2265 416 2326 datam.
889 2270 963 2340 Dei,
981 2273 1203 2352 orphanorum,
1218 2268 1324 2351 pupil-

112 2397 114 2402 .
193 2349 263 2432 249,
291 2349 340 2408 De
361 2348 527 2432 Episcopis
552 2360 583 2406 et
603 2346 734 2406 Comiti-
883 2351 997 2422 lorum,
1021 2373 1055 2410 ac
1074 2350 1252 2413 viduarum.

297 2432 373 2502 bus,
402 2445 436 2491 ut
464 2432 525 2491 sibi
552 2449 733 2490 consensum
783 2433 853 2514 269.
884 2433 931 2491 De
952 2434 1081 2492 iustitiis
1097 2433 1262 2508 regalibus.

296 2517 432 2575 invicem
444 2515 623 2596 praebeant.
785 2539 854 2599 270.
879 2512 1023 2590 Desame
1038 2516 1092 2574 vel
1110 2516 1240 2575 caeteris
1264 2514 1326 2572 tri-

195 2597 266 2662 250.
301 2596 341 2657 Ut
368 2599 505 2656 latrones
532 2593 579 2652 vel
602 2593 735 2653 homici·
888 2597 1107 2658 halationibus.

299 2679 379 2750 dae,
405 2679 471 2738 sive
501 2676 657 2752 adulteri,
680 2677 734 2735 sub
787 2702 856 2762 27¹·
890 2678 932 2739 Ut
962 2701 1050 2738 arma
1079 2679 1166 2758 infra
1190 2678 1330 2761 patriam

298 2784 409 2840 magna
438 2761 630 2820 correctione
661 2779 736 2819 con·
888 2781 951 2819 non
965 2775 1141 2843 portentur.

300 2848 503 2922 stringantur.
788 2867 856 2927 272.
884 2841 925 2902 Ut
949 2846 1048 2902 om'ais
1071 2847 1162 2903 homo
1186 2843 1224 2901 de
1243 2841 1328 2901 dao-

197 2929 268 2991 251.
299 2925 595 2989 Derebusinvasis.
888 2924 988 2983 decim
1028 2928 1143 2985 mansis
1183 2925 1330 2985 bruniam

198 3010 269 3073 252.
300 3011 347 3067 De
387 3009 562 3088 snperbia,
607 3018 739 3089 propter
892 3009 1012 3066 habeat.

300 3112 391 3170 qrtam
418 3088 570 3152 Diabolus
589 3090 718 3148 corruit.
788 3090 858 3172 273.
887 3088 1330 3169 Denegotiatoribusquipar·

198 3173 269 3235 253.
298 3173 346 3230 De
372 3193 407 3230 eo
430 3173 481 3230 cui
499 3193 561 3229 non
587 3183 669 3230 recte
689 3172 739 3230 iu·
891 3167 1328 3231 tcsSclauorumvelaliarum

278 3277 284 3290 ¹
302 3253 436 3316 dicatur.
887 3254 1024 3332 gentium
1038 3254 1197 3336 petierint.

199 3336 271 3412 254.
298 3337 347 3394 De
380 3333 523 3405 invidia,
562 3356 622 3417 per
647 3354 741 3417 qtaam
791 3337 859 3417 274.
892 3331 932 3394 Ut
951 3334 1110 3395 causedici
1121 3335 1175 3416 qui
1187 3330 1335 3414 adquies-

303 3417 456 3478 Diabolus
475 3419 629 3476 bominem
651 3418 742 3476 eiecit
892 3438 960 3477 cere
974 3418 1144 3488 noluerint,
1162 3411 1333 3475 recludan-

304 3498 344 3558 de
365 3496 525 3580 paradiso.
897 3513 957 3559 tur.

205 3581 275 3644 255.
304 3584 353 3641 De
371 3580 489 3640 odioet
509 3578 680 3639 discordia.
793 3583 861 3664 275.
892 3582 940 3640 De
964 3583 1163 3649 iuramento,
1190 3588 1223 3636 ut
1252 3575 1335 3634 nulli

204 3663 272 3729 256.
304 3663 530 3746 Capitularium
551 3661 743 3721 dominicum
896 3664 988 3723 alteri
1005 3663 1065 3719 uisi
1078 3663 1209 3742 proprio
1226 3657 1338 3716 Senio-

305 3747 412 3806 datum
436 3765 518 3803 anno
548 3747 743 3804 lncarnatio·
896 3746 926 3806 ri
934 3745 1099 3804 iuramenti
1102 3741 1252 3825 fidelitas
1261 3759 1337 3823 pro·

243 3866 245 3872 ν
304 3832 353 3889 nis
382 3827 509 3886 Domini
544 3827 645 3886 nostri
676 3833 744 3885 lesu
896 3829 1046 3887 mittatur.

307 3910 427 3972 Christi
442 3930 564 3968 ncccvs.
582 3906 627 3966 ad
641 3907 671 3965 T
669 3911 738 3968 heo·
796 3911 865 3991 276.
893 3911 942 3969 De
951 3911 999 3967 his
1007 3909 1062 3989 qui
1074 3903 1341 3984 conspirationem

304 3993 397 4054 donis
418 3990 535 4060 villam,
551 4003 580 4049 et
598 4012 679 4050 anno
691 3993 748 4050 im·
891 3991 1044 4075 fecerint,
1060 4000 1093 4047 ut
1111 3983 1283 4068 tripliciter
1295 3984 1343 4041 iu·

303 4076 388 4159 perii
408 4073 538 4134 Domini
551 4072 665 4133 Karoli
682 4095 726 4137 v1.
902 4074 1054 4133 dicentur.

204 4161 273 4244 257.
303 4155 747 4238 DeLaieisqainouitersunt
799 4178 867 4242 277·
898 4158 946 4215 De
962 4153 1124 4239 periuriis,
1148 4161 1181 4210 ut
1205 4167 1345 4210 cavean·

307 4256 465 4304 conversa
902 4251 962 4299 tar.
