2926 4986
212 313 285 388 7th
611 331 917 390 :caerrunsatun

210 467 416 556 apostolicam
432 479 529 552 atque
547 473 735 554 synodalem
757 471 1032 554 prohibitionem,
1053 473 1119 531 uon
1141 481 1342 530 exnumero

204 546 447 639 ‘apostolorum
469 553 526 616 sed
539 575 580 615 ex
599 555 799 638 septuaginta
813 553 1076 636 Discipulornm,
1096 559 1135 610 ut
1147 550 1228 609 sacri
1240 550 1344 609 Cano·

209 657 268 706 nes
285 644 458 712 testantur,
481 635 595 698 ordine
610 647 719 716 erant,
741 637 822 720 quos
845 657 1011 718 nunquam
1030 633 1187 718 Spiritum
1207 628 1344 713 paracli-

208 725 278 780 tum
307 716 476 778 tradidisse
505 719 661 786 novimus.
705 721 770 782 Sed
792 719 868 802 qnia
890 719 986 794 olim,
1008 716 1260 790 utdictumest‚
1279 712 1344 772 iam

209 799 288 862 dicti
310 799 541 883 chorepiscopi
554 801 709 884 prohibiti
731 797 922 878 sunt,'ideo
938 800 1032 862 modo
1054 797 1138 858 nihil
1156 805 1248 874 sunt,
1282 815 1344 854 nec

208 879 356 944 sanctum
376 883 574 943 Pareelitum
591 885 660 946 ullo
677 906 830 968 umquam
845 893 987 966 tempore
1007 881 1133 942 tradere
1152 884 1344 962 potuerunt,

208 961 389 1048 nee'modo
415 974 559 1046 possunt.
600 969 806 1050 Quapropter
837 988 902 1027 non
929 973 1061 1048 apparet
1083 957 1346 1041 iteratumquod

210 1047 290 1108 olim
309 1047 465 1108 canonice
489 1069 555 1108 non
576 1050 762 1132 agnoscitur
777 1058 947 1132 pacatum.

216 1173 260 1236 Ut
279 1176 335 1256 qraa'
355 1173 394 1236 ab
416 1171 581 1237 haereticis
604 1176 778 1261 baptizatus
791 1174 899 1256 suerit
920 1175 953 1234 in
974 1175 1099 1235 nomine
1121 1173 1256 1232 Sanctae
1274 1169 1347 1229 Tri·

211 1259 333 1329 nitatis,
344 1277 407 1317 non
422 1258 646 1342 rebaptizetur,
661 1259 720 1319 sed
729 1261 798 1321 sola
810 1259 1009 1340 impositione
1023 1276 1132 1316 manus
1142 1250 1345 1339 perficiatur.

219 1373 223 1379 '
295 1360 475 1424 ccccm.
517 1363 714 1448 Quicunque
737 1357 1088 1448 baptizatussu'eritab
1109 1356 1280 1420 haereticis
1311 1356 1345 1415 in

210 1443 344 1505 nornine
369 1445 474 1506 Patris
491 1455 523 1506 et
540 1446 694 1524 Filii,'et
713 1447 852 1528 Spiritus
874 1443 988 1522 saneti,
1012 1443 1105 1504 nullo
1125 1441 1220 1502 modo
1234 1438 1349 1520 rebap-

200 1525 488 1674 ·ii,²,2·r,i„i⁰bet⁰r'
516 1527 573 1592 sed
593 1550 652 1613 per
680 1550 792 1590 manus
809 1528 909 1590 solam
931 1525 1169 1610 impositionem
1201 1543 1348 1606 purgan-

430 1711 471 1780 Ut
492 1711 676 1799 baptizandi
696 1713 880 1796 Symbolum
901 1715 1026 1775 discant
1036 1711 1137 1797 fidei.
1196 1745 1219 1782 ο.

293 1815 469 1884 cccclv.
510 1821 721 1904 Baptizandos
740 1830 867 1904 oportet
887 1819 962 1882 fidei
985 1817 1173 1902 Symbolum
1198 1810 1345 1891 discere,

214 1900 376 1980 etquinta
394 1901 476 1964 feria
501 1903 633 1965 ultimae
654 1906 848 1986 septimanae
877 1903 1038 1986 Episcopo
1063 1899 1117 1960 vel
1141 1896 1351 1978 Presbyteris·

213 1983 363 2045 reddere.
413 1984 454 2044 Et
472 1986 528 2066 qni
549 1987 583 2052 in
611 1988 813 2068 aegritudine
848 1985 1012 2047 constituti
1047 1980 1239 2064 baptismum
1268 1999 1345 2060 per-

213 2065 380 2144 ceperint,
407 2067 477 2125 euni
500 2069 578 2128 faeti
611 2069 687 2129 fidei
715 2069 867 2142 Symbolo
894 2067 1095 2129 doceantur.
1118 2073 1155 2124 ut
1191 2061 1347 2120 noverint

213 2155 334 2227 quanta
350 2147 481 2210 natione
498 2149 589 2231 digni
610 2160 684 2211 sunt
711 2139 823 2217 habiti.
873 2151 1010 2232 Oportet
1044 2148 1141 2208 etiam
1167 2144 1346 2225 baptizatos
1445 2207 1446 2212 χ

213 2237 287 2312 post
303 2228 496 2310 baptismum
516 2233 653 2293 chrisma
677 2232 817 2295 coeleste
843 2233 1028 2316 percipere,
1051 2237 1085 2290 et
1105 2227 1201 2309 regni
1223 2226 1345 2287 Christi
1445 2223 1446 2268 Τ

214 2311 388 2393 participes
408 2312 488 2374 fieri.
528 2313 634 2398 Supra
651 2337 677 2380 c.
699 2315 768 2375 262.

220 2416 262 2476 Ut
283 2419 317 2476 ta·
338 2416 377 2478 de
399 2421 511 2501 quibus
531 2421 694 2482 dubitatur
714 2435 819 2480 utrum
839 2419 990 2504 baptizati
1012 2419 1100 2488 sint,
1131 2437 1171 2476 an
1192 2435 1275 2485 non,
1300 2415 1350 2473 vel
1444 2395 1446 2462 s

216 2497 526 2578 &PresbyteroDiis
547 2504 722 2563 immolanti
743 2503 789 2561 vel
810 2503 1018 2561 immolatitiis
1039 2500 1186 2560 carnibus
1206 2499 1350 2558 uescenti

477 2597 550 2648 runt
570 2586 732 2666 baptizati,
755 2597 787 2643 nt
810 2571 1051 2668 rebaptizentur.

298 2683 456 2749 CCCCV.
499 2690 595 2766 Quod
614 2690 647 2749 hi
664 2690 720 2771 qui
742 2691 888 2766 dubitant
914 2699 1023 2748 utrum
1042 2687 1106 2748 siut
1120 2684 1284 2767 baptizati,
1306 2707 1347 2743 an

216 2787 303 2845 non,
325 2771 379 2830 vcl
399 2771 622 2856 hPrcsbytero
636 2775 705 2833 Diis
727 2772 877 2834 mactanti
898 2773 950 2832 vel
973 2769 1182 2830 immolatitiis
1196 2768 1350 2828 carnibus

217 2853 378 2932 vescenti,
401 2854 525 2916 luerint
545 2855 698 2936 baptizati
722 2865 758 2914 ut
778 2855 982 2936 baptizentur
1002 2861 1209 2934 praeceptum
1228 2859 1284 2911 est.

295 2997 303 3010 ·
401 2960 449 3020 Ne
468 2961 573 3020 nullus
588 2962 755 3044 plusquam
770 2959 849 3019 ditas
869 2979 987 3019 urerer
1010 2959 1157 3041 accipiat.

222 3057 226 3062 ¹
300 3061 477 3128 CCCCVJ.
530 3067 577 3130 Ne
615 3067 784 3148 quisquam
820 3065 956 3147 amplius
984 3085 1080 3148 qnam
1102 3062 1180 3124 duas
1212 3060 1348 3144 accipiat
1446 3119 1447 3126 ,

217 3163 355 3225 uxores,
378 3149 455 3230 qnia
474 3149 537 3208 iam
554 3151 649 3212 tertia
666 3147 828 3232 superflua
844 3158 900 3213 est.
1108 3178 1112 3182 ·

216 3275 266 3334 De
295 3275 489 3339 orationibus
519 3291 551 3339 et
582 3278 788 3354 eleemosynis
817 3297 853 3336 ac
885 3275 1057 3336 Missarum
1086 3273 1348 3336 celebrationibus

214 3378 276 3440 pro
287 3359 447 3438 fidelibus
469 3359 627 3438 defunctis
640 3360 792 3441 fideliter
814 3357 966 3438 agendiss
995 3358 1106 3436 artibus
1127 3359 1219 3438 impii
1239 3377 1349 3417 carcre

218 3439 354 3519 debent,
375 3445 522 3523 quoniam
541 3463 596 3502 nec
614 3464 720 3502 eorum
735 3442 932 3516 eleemosyna
951 3439 970 3497 a
986 3439 1211 3500 Sacerdotibus
1232 3440 1281 3498 vel
1304 3461 1351 3498 re·

506 3523 602 3607 liquis
616 3524 775 3607 fidelibus
797 3521 981 3604 accipienda
1002 3535 1059 3587 est.
1081 3523 1088 3544 ‘

302 3626 497 3696 CCCCVlI.
539 3631 637 3706 Quod
663 3649 721 3709 pro
752 3626 920 3688 catholicis
953 3624 1115 3688 defunctis
1141 3626 1206 3688 sint
1227 3648 1352 3689 memo·

216 3711 283 3771 riae
301 3713 487 3789 faciendae,
512 3722 544 3772 et
565 3712 743 3772 oblationes
759 3720 792 3770 et
815 3711 1053 3770 orationesDeo
1068 3709 1264 3772 offerendae.
1277 3713 1350 3770 Non

216 3801 322 3854 tamen
350 3817 409 3875 pro
433 3794 558 3878 impiis,
579 3794 723 3877 quamvis
747 3793 812 3855 sint
841 3791 1033 3869 Christiani,
1072 3813 1112 3852 ex
1142 3792 1192 3852 his
1223 3793 1350 3874 aliquid

216 3897 310 3957 agere
330 3876 451 3938 licebit.

220 3983 262 4045 Ut
279 3986 383 4044 nullas
404 3984 600 4068 Episcopus,
622 3987 689 4045 sive
709 3984 900 4062 Presbyter,
924 3982 1020 4042 aliam
1040 4001 1165 4064 causam
1185 3982 1218 4040 in
1240 3981 1349 4059 Syno-

217 4065 261 4129 rlo
279 4071 370 4154 prius
391 4081 545 4150 suggerat,
561 4089 653 4152 qnam
676 4087 811 4150 eaquae
833 4065 878 4126 ad
898 4063 1145 4126 emendationem
1165 4065 1252 4124 vitae
1272 4086 1353 4149 per·

643 4149 925 4232 tinentfiniantur,

300 4251 512 4322 ccccvul.
554 4257 669 4319 Nullus
684 4256 916 4343 Episcoporum
933 4256 991 4324 rel·
1004 4242 1273 4340 Presbyteroruni
1295 4253 1356 4316 ali·
