2926 4984
497 341 612 403 amaa
638 340 814 406 omarus.
1143 325 1218 404 oto

115 486 311 568 tiensmnque
333 482 484 566 cuiquam
496 479 660 543 Sacerdoti
674 481 794 545 crimen
816 480 1009 566 imponitur,
1030 482 1056 547 si
1076 482 1143 566 ipse
1162 505 1217 546 ac-

117 578 225 632 cusator
238 568 307 628 talis
324 568 424 628 fuerit
437 574 473 625 ut
491 563 592 645 recipi
606 563 737 634 debeat3
759 567 836 646 qnia
857 567 968 647 quales
981 566 1020 627 ad
1040 566 1217 628 accusatio-

115 674 178 713 nem
194 650 395 710 Sacerdotum
410 647 532 708 admitti
546 645 700 724 debcant,
723 646 756 706 in
782 647 966 709 Canonibus
991 648 1133 729 pleniter
1158 671 1217 710 ex·

111 754 239 817 pressum
258 742 324 792 est:
353 731 378 792 si
393 740 499 789 autem
509 774 518 806 ,
541 738 577 788 ut
594 729 793 804 dictumest,
817 730 872 789 ille
890 738 1074 808 accusator,
1095 731 1151 812 qui
1168 753 1218 791 ca·

111 815 214 876 nonice
235 822 283 874 est
301 813 523 893 recipiendus,
547 831 619 870 eum
644 831 717 869 cum
744 810 885 892 legitimo
911 833 1044 872 numero
1066 833 1218 874 verorum

110 906 137 957 et
153 897 305 956 bonorum
317 889 447 956 testium
463 893 636 976 adprobare
658 891 690 951 in
711 903 883 974 conspectu
903 895 1136 989 Episcoporum
1157 916 1218 975 po·

108 979 190 1054 terit,
211 989 288 1039 tune
302 977 456 1038 canonice
483 974 653 1039 iudicetur.
693 975 736 1034 Et
749 975 774 1034 si
790 975 959 1057 culpabilis
980 976 1131 1037 inventus
1148 979 1218 1037 sue·

108 1061 161 1134 rit,
181 1060 333 1120 canonice
353 1059 529 1121 damnetur.
571 1057 605 1116 Si
622 1076 698 1117 vero
715 1077 788 1115 eum
810 1058 1022 1140 suprascripto
1048 1067 1218 1139 praetextu

109 1141 271 1222 adprobare
291 1142 356 1222 ipse
374 1137 679 1201 accusatorminime
693 1137 832 1220 poterit,
856 1149 887 1199 et
910 1139 972 1200 hoc
993 1141 1146 1202 canonice
1164 1140 1217 1200 de·

108 1224 235 1283 finiatur.
279 1220 349 1303 Ipse
373 1243 448 1304 ergo
474 1222 647 1297 Sacerdos,
669 1221 695 1282 si
720 1221 911 1302 suspiciosus
940 1230 994 1280 aut
1018 1221 1217 1286 incredibilis

107 1327 159 1366 suo
174 1304 332 1386 Episcopo
362 1313 417 1364 aut
437 1303 572 1383 reliquis
593 1303 657 1363 suis
678 1303 957 1364 consacerdotibus
978 1302 1044 1364 sive
1067 1303 1160 1363 bonis
1185 1312 1218 1363 et

107 1386 188 1447 iustis
203 1387 242 1446 de
260 1408 319 1448 suo
335 1385 456 1467 populo
480 1385 532 1445 rel
550 1385 589 1446 de
612 1407 667 1444 sna
684 1383 777 1465 plebe
793 1384 977 1446 hominibus
998 1385 1106 1458 suerit,
1123 1405 1164 1444 ne
1181 1385 1217 1444 in

106 1467 229 1530 crimine
246 1477 304 1528 aut
323 1469 356 1527 in
372 1465 533 1548 praedicta
549 1466 731 1548 suspicione
745 1476 926 1542 remaneat,
949 1489 1021 1527 cnm
1045 1462 1147 1526 tribus
1163 1474 1219 1525 aut

106 1549 241 1632 quinque
266 1550 320 1611 vel
340 1559 460 1631 septem
477 1548 569 1608 bonis
589 1570 623 1609 ac
653 1546 769 1608 ricinis
795 1549 1040 1625 Sacerdotibus,
1070 1548 1218 1630 exemplo

105 1633 212 1692 Leonis
228 1632 356 1713 Papae,
379 1631 435 1713 qui
460 1629 631 1690 duodecim
658 1629 864 1711 Presbyteros
890 1630 922 1688 in
947 1653 1003 1692 sua
1029 1629 1217 1712 purgatione

105 1712 228 1790 babuit,
250 1714 305 1776 vel
328 1734 365 1774 eo
381 1712 582 1794 amplius„si
596 1729 654 1772 suo
665 1711 823 1793 Episcopo
840 1713 943 1773 visum
957 1712 1075 1790 fuerit,
1098 1722 1153 1771 aut
1164 1733 1206 1772 ne

107 1816 183 1857 cesse
207 1805 338 1878 propter
368 1795 541 1854 tumultum
568 1793 681 1877 populi
717 1793 819 1854 inesse
846 1794 1061 1877 perspexerit,
1093 1803 1125 1854 et
1144 1815 1218 1854 cun·
1250 1851 1253 1856 .

107 1876 171 1937 aliis
180 1875 272 1938 bonis
284 1887 317 1937 et
327 1875 417 1938 iustis
426 1875 608 1939 hominibus
621 1897 653 1938 se
668 1886 977 1939 sacramentocoram
988 1875 1108 1958 populo
1122 1893 1220 1958 super

106 1969 233 2040 quatuor
253 1959 422 2040 evangelia
442 1958 515 2020 dato
538 1967 707 2042 purgatum
728 1958 896 2020 Ecclesiae
914 1958 1035 2019 reddat.
1078 1957 1110 2018 Si
1146 1957 1218 2037 quis

106 2049 201 2100 autem
215 2041 299 2102 scire
314 2039 472 2101 desiderat
488 2041 598 2121 quales
618 2050 713 2100 testes
739 2040 778 2099 ad
802 2040 1034 2101 accusationem
1061 2039 1218 2100 Sacerdo-

106 2131 166 2180 tnm
183 2121 285 2203 recipi
303 2122 454 2198 debcant,
477 2132 509 2182 et
525 2121 658 2203 quidde
677 2130 857 2183 accusatore
884 2121 1066 2183 laciendum
1085 2121 1134 2198 sit,
1146 2123 1218 2204 ple-

106 2204 183 2264 niter
198 2204 230 2264 in
255 2204 443 2264 Canonibus
465 2203 754 2287 reperire‘poterit.
799 2205 968 2288 Capitale.
978 2205 1047 2268 803.
1057 2224 1081 2267 c.
1095 2225 1123 2284 7.

366 2312 420 2371 De
433 2330 468 2370 eo
492 2311 547 2392 qui
567 2307 734 2394 confitetur
754 2308 793 2369 de
814 2311 952 2376 crimine.

109 2450 111 2454 .
178 2414 357 2477 XXXVII.
385 2414 606 2476 -Manisestum
624 2426 671 2476 est
686 2413 833 2475 confiteri
849 2437 921 2476 eum
948 2413 987 2476 de
1007 2413 1140 2476 crimine
1159 2417 1217 2496 qui

104 2496 221 2558 indulto
242 2507 276 2558 et
304 2497 448 2579 delegato
476 2496 597 2558 indicio
625 2497 783 2578 purgandi
810 2519 842 2558 se
869 2498 1033 2559 occasione
1063 2518 1126 2556 non
1151 2499 1218 2558 uti-

102 2588 162 2638 tur:
183 2580 265 2639 nibil
285 2579 371 2639 enim
391 2580 526 2640 interest
555 2590 662 2640 utrum
686 2579 720 2638 in
748 2580 907 2661 praesenti
935 2579 1092 2640 examine'
1111 2581 1218 2639 omnia

103 2682 176 2740 quae
198 2663 282 2724 dicta
296 2662 423 2722 suntde
441 2681 478 2721 eo
497 2660 771 2744 comprobentur,
794 2682 868 2722 cum
894 2660 960 2745 ipsa
984 2661 1127 2722 absentia
1156 2681 1216 2745 pro

103 2744 297 2805 confessione
313 2751 443 2804 constat.
523 2749 528 2764 ¹

569 2849 623 2910 De
649 2848 760 2914 usuris.

176 2948 370 3018 XXXVIII.
392 2955 527 3014 Usuram
541 2973 606 3013 non
618 2953 723 3016 solum
737 2949 930 3031 clerici,s'ed
941 2972 1001 3014 nec
1017 2951 1092 3018 laici
1105 2953 1217 3018 Chris-

103 3033 175 3095 tiani
192 3037 322 3118 exigere
341 3035 469 3100 debent.

105 3141 148 3200 De
160 3142 341 3214 Comitibus,
362 3154 397 3202 ut
416 3143 574 3202 Ministrt's
587 3141 747 3203 Ecclesiae
761 3140 795 3200 in
810 3142 875 3200 suis
891 3141 1075 3204 mutatoriis
1088 3143 1218 3204 adiuto-

581 3244 631 3284 res
653 3224 724 3288 sint.

178 3327 338 3408 XXXIX.
382 3327 521 3390 Comites
541 3327 696 3388 Ministris
720 3325 882 3390 Ecclesiae
904 3345 1078 3411 eorumque
1110 3331 1219 3393 minis·

106 3407 241 3488 teriis,nt
254 3410 318 3471 hoc
330 3412 458 3492 plenius
473 3421 507 3470 et
521 3411 559 3470 de
578 3409 693 3470 nostris
714 3410 800 3470 etde
816 3431 848 3472 se
869 3419 902 3471 et
923 3411 962 3472 de
988 3413 1053 3473 suis
1076 3411 1219 3474 homini·

105 3489 157 3550 hus
184 3492 328 3554 obtinere
343 3494 485 3574 possint,
508 3492 667 3552 adiutores
686 3492 719 3569 in
736 3491 882 3555 omnibus
898 3492 984 3552 fiant.
1025 3495 1067 3555 Et
1083 3496 1219 3576 quicun-

106 3592 162 3651 que
184 3575 287 3656 prima
301 3585 334 3636 et
348 3575 488 3635 secunda
501 3574 569 3642 ¹vice
588 3575 626 3633 de
652 3572 701 3634 his
714 3574 739 3640 ,ia
756 3575 878 3634 Comite
898 3575 1079 3640 admonitus
1101 3600 1165 3638 non
1184 3598 1218 3638 se

107 3658 293 3733 correxerit,
319 3657 465 3717 volumus
492 3665 527 3714 ut
551 3677 609 3737 per
629 3656 765 3716 eundem
778 3657 933 3718 Comitem
954 3657 1021 3718 eius
1043 3659 1220 3739 neglegen-

106 3734 145 3793 tia
159 3739 197 3798 ad
216 3750 354 3800 nostram
374 3738 523 3798 notitiam·
533 3740 721 3820 perferatur,
744 3747 779 3796 ut
803 3750 909 3800 nostra
927 3739 1114 3800 auctoritate
1130 3736 1219 3822 quod

106 3813 136 3875 in
155 3831 261 3882 nostro
282 3821 459 3904 Capitulari
477 3821 679 3896 continetur,
700 3820 807 3881 subire
828 3831 968 3904 cogatur.

377 3929 430 3986 De
449 3926 647 3991 ordinatione
668 3925 937 4001 Presbyterorum.

181 4030 252 4096 XL.
292 4035 336 4092 Ut
353 4031 534 4112 Presbyteri
556 4051 620 4090 non
637 4029 829 4108 ordinentur
843 4031 1027 4112 priusquam
1041 4028 1224 4092 examinen-

108 4121 166 4172 tur.
204 4115 246 4173 Et
265 4123 301 4174 ut
321 4123 393 4173 ante
410 4113 644 4174 ordinationem
657 4111 797 4192 pleniter
813 4121 844 4172 et
859 4113 1087 4173 studiosissime
1106 4113 1223 4184 instra·

110 4201 198 4253 antur
216 4197 354 4276 qualiter
376 4217 408 4255 se
423 4196 440 4254 la
458 4194 545 4268 vitiis
564 4215 677 4254 carcre
692 4193 851 4269 debeant,
874 4203 905 4253 et
924 4195 1064 4276 qualiter
1080 4195 1224 4256 subdilos

112 4274 261 4350 doceant;¹
278 4299 318 4339 ne
333 4286 497 4362 ¹torpentes
510 4277 561 4338 vel
581 4275 711 4338 hebetes
733 4275 765 4334 in
785 4275 931 4338 doctrina
950 4286 1057 4338 sancta
1078 4277 1128 4340 vel
1145 4273 1225 4338 vitio
