2948 4990
208 279 282 353 62¹0
665 292 952 352 castruiaaruu

208 449 408 582 v⁶².fi¹'⁰pm
424 457 481 496 me.
522 434 564 494 Et
593 437 719 498 'caetera
749 433 895 520 exempla
925 453 1008 514 quae
1035 429 1161 514 prolixa
1185 425 1345 491 suntibic

210 544 272 584 scri
298 541 361 585 ere.
899 541 905 561 ·

388 626 430 687 Ut
443 623 631 686 Sacerdotes
645 626 735 704 signa
752 637 879 702 tangant
892 623 978 682 boris
997 619 1167 680 canonicis.

291 706 433 770 CLXXI.
475 709 517 768 Ut
535 707 722 768 Sacerdotes
743 709 832 787 signa
849 713 984 786 tangant
997 701 1085 762 horis
1106 697 1289 774 canonicis,
1313 706 1347 758 et

209 791 340 851 illorum
366 789 504 849 officium
526 799 640 871 agant,
663 789 730 850 sive
758 789 926 863 diurnale,
948 786 1015 846 sive
1036 782 1243 851 nocturnale3
1267 779 1349 861 quia

209 874 365 954 scriptum
385 883 445 933 est:
468 873 543 932 Sine
564 874 794 932 intermissione
813 882 913 931 orate.
954 869 996 928 Et
1014 866 1136 928 idcirco
1153 885 1219 926 non
1238 861 1349 924 dimit·

208 966 278 1016 tant
293 956 386 1016 horas
411 954 592 1016 canonicas.

607 1062 657 1121 De
677 1061 766 1121 stolis
781 1059 951 1138 gestandis.

292 1140 460 1204 CLXXII.
502 1145 544 1202 Ut
560 1144 747 1204 Sacerdotes
778 1142 873 1203 stolas
901 1149 1031 1224 portent
1053 1145 1186 1222 propter
1213 1135 1346 1217 signum

209 1225 378 1303 castitatis,
402 1225 486 1286 sicut
502 1225 667 1286 decretum
682 1235 738 1286 est.

313 1331 354 1392 Ut
370 1332 578 1392 Secreta‘non
591 1333 761 1416 incipiatur
775 1333 837 1390 nisi
852 1343 925 1414 post
944 1331 1090 1406 hymnum
1097 1325 1242 1409 finitum.

293 1437 469 1499 CLXXIII.
514 1438 557 1496 Te
579 1439 676 1515 igitur
688 1458 753 1496 uon
770 1436 925 1498 inchoent
942 1434 1152 1509 Sacerdotes,
1175 1429 1238 1490 nisi
1272 1437 1346 1511 post

212 1521 394 1601 angelicum
411 1521 568 1602 hymnum
582 1520 718 1584 linitum.

308 1626 350 1686 Ut
379 1625 582 1685 adnuntietur
613 1625 793 1702 Symbolum
799 1622 958 1706 fidelibus
975 1622 994 1680 ὶι
1011 1618 1245 1682 Sacerdotibus,

293 1731 464 1791 CLXXIV.
506 1733 548 1789 Ut
566 1729 757 1790 adnuntient
779 1727 962 1812 Presbyteri
973 1725 1120 1787 omnibus
1136 1725 1286 1786 fidelibus
1300 1722 1347 1784 si-

210 1815 243 1873 bi
260 1813 411 1887 subiectis
441 1813 628 1893 Symbolum
654 1822 686 1873 et
708 1811 897 1873 Orationem
923 1809 1145 1886 Dominicam,
1167 1817 1204 1872 ut
1232 1815 1347 1868 sancto

213 1895 336 1975 Spiritu
351 1895 541 1954 inlustrante
563 1896 738 1960 salventur.

217 2001 258 2060 Ut
273 2000 455 2074 Presbyteri
470 2000 655 2058 adnuntient
667 2001 747 2058 viris
764 2011 794 2058 et
805 1997 952 2080 feminis,
970 2000 1032 2058 nisi
1052 1996 1233 2057 memoriter
1248 1995 1344 2072 Sym-

214 2083 318 2142 bolum
336 2093 365 2139 ct
382 2079 565 2139 Orationem
589 2083 787 2140 Dominicam
811 2083 984 2158 tenuerint,
1011 2081 1051 2140 dc
1078 2099 1167 2139 sacro
1188 2076 1285 2158 sonte
1297 2075 1346 2160 fi-

492 2163 584 2221 liolos
598 2163 648 2226 ,vel
657 2159 785 2244 filiolas
801 2185 863 2223 non
884 2164 1064 2247 suscipiant.

297 2243 454 2305 CLXXV.
497 2243 700 2304 adnuntient
716 2245 899 2327 Presbyteri
919 2255 954 2305 ut
974 2266 1079 2326 neque
1094 2242 1155 2304 viri
1172 2263 1279 2325 neque
1299 2241 1348 2300 fe·

212 2327 318 2387 minae
336 2327 374 2386 dc
393 2326 586 2386 sacrofonte
606 2325 722 2385 filiolos
737 2327 932 2408 suscipiant,
955 2327 1016 2388 nisi
1047 2325 1233 2387 memoriter
1256 2325 1347 2404 Sym·

212 2412 324 2471 bolum
342 2418 374 2468 et
394 2409 582 2468 Orationem
597 2407 798 2469 Dominicam
815 2408 990 2471 tenuerint.

258 2517 298 2578 Ut
319 2515 477 2574 silentium
499 2516 532 2572 in
549 2511 691 2575 Ecclesia
712 2525 871 2586 teneatur,
900 2527 929 2574 et
961 2514 1074 2576 denote
1101 2513 1225 2574 verbum
1241 2511 1306 2570 Dei

705 2596 862 2658 audiatur.

295 2677 474 2744 CLXXVI.
514 2675 642 2737 Placuit
666 2686 701 2735 ut
718 2677 829 2740 fideles
843 2680 1009 2742 silentiam
1030 2680 1064 2738 in
1084 2678 1228 2740 Ecclesia
1249 2686 1344 2736 tene-

214 2775 289 2840 ant,
313 2773 344 2821 et
366 2762 480 2821 devote
496 2759 628 2818 verbum
650 2759 713 2818 Dei
734 2761 881 2840 audiant,
905 2775 936 2822 ct
952 2762 1090 2823 confessi
1116 2762 1274 2822 veraciter
1304 2757 1343 2815 de

215 2845 363 2908 omnibus
382 2842 555 2904 sceleribus
569 2842 633 2902 suis
651 2842 875 2906 Sacerdotibus
901 2846 1011 2914 biaut„
1030 2853 1062 2906 et
1085 2843 1243 2904 mundent
1270 2859 1344 2898 cor-

213 2939 336 3012 poraet
356 2927 452 2986 corda
471 2947 597 2999 eorum,
624 2924 657 2980 in
681 2924 799 3003 quibus
818 2931 906 2989 Deus
923 2927 1082 3008 condigne
1113 2926 1255 2986 habitare
1278 2921 1345 3000 ‹lig-

216 3023 332 3084 nctur,
356 3007 524 3089 qimmodo‘
542 3008 607 3066 illis
622 3005 743 3065 dictum
759 3018 824 3068 est:
851 3012 1010 3094 Templum
1032 3011 1095 3068 Dei
1109 3011 1205 3078 estis,
1229 3009 1262 3064 in
1277 3004 1344 3084 qui·

215 3093 270 3153 bus
288 3093 429 3150 babitare
449 3089 608 3153 desidero,
629 3089 673 3147 Et
689 3099 723 3148 ut
739 3111 850 3150 eorum
868 3091 1032 3152 Sacerdoti
1052 3092 1083 3149 in
1101 3091 1249 3151 omnibus
1272 3083 1345 3144 obe·

216 3175 324 3248 diant,
348 3182 379 3231 et
398 3173 599 3231 instruantur
612 3191 670 3251 pro
688 3171 767 3252 quid
783 3175 878 3234 Missa
894 3175 946 3236 vel
964 3174 1151 3250 Sacerdotes
1177 3162 1346 3232 constituti

216 3257 294 3324 sint;
319 3265 351 3314 et
366 3255 558 3334 intellegant
573 3253 637 3312 vim
654 3262 685 3312 et
702 3257 887 3336 mysterium
900 3256 1052 3317 dominici
1068 3255 1209 3336 corporis
1228 3262 1261 3312 et
1276 3269 1345 3310 san·

217 3335 342 3419 guinis,
366 3347 397 3396 et
415 3337 549 3410 Missae,
573 3336 641 3395 sive
660 3356 791 3414 precum
810 3361 892 3417 quac
917 3340 949 3397 in
974 3341 1039 3398 ead
1060 3339 1231 3397 Sacerdote
1251 3332 1342 3393 siunt·

215 3419 342 3480 Dicitur
361 3417 490 3478 enimin
515 3419 581 3499 ipsa
593 3419 755 3479 oratione:
777 3421 954 3491 illenzento,
976 3423 1131 3490 Domine,
1146 3417 1343 3498 farinularum

207 3502 464 3585 famularumque
483 3513 630 3570 tuarmu,
659 3513 689 3557 et
710 3503 846 3560 omnium
864 3505 1128 3562 circumstantium
1143 3521 1276 3584 quorum
1289 3492 1344 3554 titi

44 3641 189 3667 χ
192 3585 299 3671 fides
321 3585 443 3661 cognita
458 3595 504 3639 est
519 3594 547 3640 et
565 3595 639 3639 nota
659 3580 806 3654 deuotio,
837 3586 892 3665 qui
910 3586 967 3644 tibi
990 3583 1216 3664 osl'cruntlaoc
1244 3578 1344 3640 sacri-

207 3667 325 3753 ficium
346 3663 449 3722 Ianalis
464 3684 524 3748 pro
544 3684 575 3720 se
593 3664 715 3743 suisque
731 3667 890 3742 omnibus,
916 3688 976 3749 pro
991 3665 1202 3747 redemptione
1223 3664 1344 3740 anima-

218 3771 285 3810 rum
306 3768 450 3822 suarum,
471 3767 531 3829 pro
553 3765 605 3825 spe
626 3745 736 3804 salutis
752 3761 781 3805 et
794 3749 1017 3807 incolumitatis
1032 3769 1117 3816 sitae,
1142 3749 1258 3827 tibique
1277 3737 1345 3802 red·

218 3833 296 3890 dunt
313 3843 388 3889 uota
412 3849 469 3890 sua
488 3840 613 3887 aeterno
637 3828 704 3885 Deo
720 3831 796 3888 niun
812 3843 841 3888 et
862 3852 944 3891 vero.
963 3832 1005 3890 Et
1024 3829 1159 3909 reliqua.
1185 3829 1346 3886 Instruen-

217 3925 271 3974 tur
291 3913 387 3972 etiam
409 3921 444 3970 ut
467 3919 660 3991 cognoscant
677 3919 866 3990 potestatem
893 3911 1089 3972 Pontificum
1108 3911 1141 3970 in
1167 3909 1298 3990 ligando
1316 3912 1347 3966 et

219 3995 391 4070 solvenda,
416 4002 447 4051 et
465 4003 587 4053 caetera
610 4013 690 4071 quac
709 3993 748 4052 ad
772 3993 844 4054 illos
870 3995 1051 4077 pertinent,
1075 4003 1171 4075 atquc
1199 3990 1346 4072 reliquo-

218 4101 290 4138 rum
320 4075 538 4136 Sacerdotum.
581 4074 621 4132 Et
643 4082 679 4131 ut
710 4074 843 4135 timeant
870 4085 902 4135 et
923 4085 1139 4153 venerentur,
1169 4073 1347 4136 secundum

69 4185 74 4192 ·
154 4237 156 4240 Ι
219 4160 349 4222 Domini
365 4167 596 4239 pracceptum,
619 4177 731 4215 coriam
745 4158 951 4236 Sacerdotes,
968 4167 999 4220 ct
1017 4158 1157 4242 qualiter
1172 4157 1204 4217 in
1225 4153 1275 4214 his
1298 4157 1346 4215 of-

217 4243 352 4303 fendere
369 4241 474 4301 solent
494 4241 539 4300 eis
562 4238 780 4304 adnuntIetur.
828 4283 840 4291 -.
1125 4249 1126 4252 ’
