2926 4986
555 341 671 397 unrn
709 339 911 396 SEPTIMUS.
1193 325 1267 400 m

139 485 279 549 wadum
300 483 414 561 legem
435 493 465 540 ct
487 480 694 561 Evangelium
715 480 851 562 publicis
876 479 995 561 nuptiis
1020 480 1204 558 lionestata,
1241 491 1278 548 in

140 568 287 647 coniugio
301 566 386 624 licite
407 563 575 633 sumenda;
597 577 626 623 et
647 565 788 623 omnibus
806 563 916 623 diebus
935 561 1016 620 vitae
1035 584 1108 636 suae
1118 609 1129 635 ,
1153 571 1216 626 nisi
1233 591 1278 630 ex

137 660 448 720 consensuleteausa
463 647 602 706 vacandi
630 647 751 716 Deum,
780 665 937 724 nunquam
963 657 1097 726 propter
1118 649 1276 712 leominent

140 731 330 815 separanda.
372 728 415 788 Et
436 729 465 784 si
479 727 645 808 fornicata
660 727 783 808 suerit,
818 740 848 786 et
871 726 925 784 nir
953 728 1018 784 eius
1043 729 1193 802 voluerit,
1227 733 1279 792 di·

137 811 315 881 mittenda;
337 810 405 885 sed,
427 809 484 868 illa
506 811 634 881 vi'vente,
656 811 758 870 altera
778 831 840 868 non
857 805 1014 879 ducenda,
1037 811 1111 889 qiiia
1137 814 1278 874 adulteri

139 917 269 974 regnum
297 895 361 954 Dei
390 913 453 951 non
476 893 684 976 possidebunt
691 917 703 960 ;
733 905 764 950 et
784 892 979 974 poenitentia
1006 892 1057 948 illi
1081 897 1277 977 accipienda.

137 979 245 1040 Nolite
259 999 325 1047 vos,
344 975 415 1046 viri,
436 974 549 1034 liuttere
570 995 687 1035 tenores
702 995 833 1055 auarum
856 974 982 1056 priores
1009 977 1118 1034 mariti
1144 979 1278 1038 uz‘oant:

137 1059 320 1122 adulterina
345 1059 427 1116 enim
444 1069 516 1115 sunt
532 1059 592 1116 ista
610 1059 763 1135 coniugia.
807 1057 850 1115 Et
865 1054 927 1113 hoc
943 1063 977 1112 ut
997 1055 1147 1137 diximus,
1171 1062 1280 1120 omnim

137 1165 182 1204 no
194 1139 435 1225 providendum
455 1147 561 1199 estne
581 1139 650 1200 eius
663 1138 705 1199 sit
720 1138 919 1220 propinqum
943 1137 1019 1217 quia
1043 1134 1198 1222 scriptum
1218 1153 1275 1204 est:

140 1225 251 1284 Omnis
269 1225 361 1285 ltomo
383 1221 428 1280 ad
439 1223 622 1305 proscimam
640 1223 799 1299 sanguinis
823 1223 873 1278 sui
892 1240 956 1278 non
982 1221 1130 1300 accedat,
1165 1239 1199 1285 ut
1223 1248 1274 1286 re-

139 1307 218 1368 velet
234 1303 461 1388 turpitudinem
484 1305 559 1363 eitts.
602 1305 761 1364 Similiter
794 1304 949 1384 scriptum
974 1312 1039 1362 est:
1070 1305 1146 1365 Cum
1174 1329 1276 1368 tinore

133 1389 281 1474 proximi
295 1388 342 1447 tui
364 1407 427 1448 non
452 1386 570 1457 coibis,
594 1407 650 1446 nec
675 1387 803 1444 seminis
827 1388 893 1444 eius
914 1385 1138 1447 commixtione
1167 1411 1276 1450 maeu-

140 1472 268 1531 laberis,
310 1470 352 1529 Et
373 1469 406 1528 in
427 1468 649 1529 Decretulihus
665 1469 771 1550 Papae
794 1466 945 1550 Gregorii
968 1467 1106 1549 legitur:
1149 1471 1278 1554 Siquis

137 1555 337 1621 Diaconum,
370 1564 424 1610 aut
451 1551 666 1622 Monachum,
689 1564 743 1610 aut
767 1563 968 1610 commatrem
991 1551 1191 1633 spiritalem,
1220 1566 1275 1615 aut

127 1636 250 1718 fratris
266 1654 399 1693 uxorem
407 1677 419 1704 ,
442 1646 496 1692 aut
521 1645 666 1713 neptam,
690 1646 743 1692 aut
761 1653 942 1702 novercam,
965 1645 1019 1692 aut
1034 1655 1145 1694 nurum
1170 1657 1271 1708 suam,

136 1729 193 1778 aut
205 1715 443 1786 consobrinam,
466 1727 520 1774 aut
536 1715 575 1774 cle
589 1717 723 1798 propria
738 1717 942 1794 cognatione,
964 1715 1019 1773 vel
1034 1736 1127 1797 quam
1159 1739 1276 1797 cogna-

138 1813 189 1858 tus
212 1799 318 1858 hahuit
327 1841 340 1868 ,
364 1796 495 1856 duxerit
512 1819 666 1869 uxorem,
696 1800 859 1856 anatliema
876 1793 936 1859 'stt
978 1795 1020 1855 Et
1041 1800 1273 1881 responderunt

137 1902 245 1941 onmes
267 1882 358 1939 tertio
367 1877 540 1939 Anatliema
555 1882 604 1944 sit.
648 1886 749 1938 item:
772 1879 809 1938 Si
821 1881 891 1961 queis
905 1877 1037 1937 uiduam
1058 1887 1200 1963 rapuerit
1220 1881 1275 1941 uel

128 1961 426 2044 furatusfueritin
445 1983 600 2034 uxorem,
625 1965 673 2021 vel
696 1965 922 2022 consentientes
944 1964 991 2034 ei,
1024 1965 1191 2023 anatliema
1223 1967 1274 2023 sit.

137 2045 184 2106 Et
202 2043 433 2126 responderunt
453 2063 559 2104 omnes
577 2047 687 2104 tertio.-
708 2045 882 2103 Anatltema
896 2053 946 2107 stt.
969 2045 1007 2102 Si
1027 2045 1096 2124 ariis
1112 2049 1274 2124 uirginem,

137 2129 202 2188 nisi
215 2126 452 2209 desponsaverit
476 2148 543 2186 eam
552 2171 564 2200 ,
588 2129 728 2210 rapuerit
742 2127 796 2186 uel
805 2125 935 2206 furatus
941 2125 1048 2206 suerit
1073 2129 1106 2186 iu
1125 2129 1272 2200 uxorem,

139 2211 187 2270 vel
214 2210 443 2270 consentientes
467 2210 519 2279 ei,
552 2210 718 2269 anatliema
746 2210 797 2272 sit.
839 2208 881 2268 Et
908 2207 1141 2292 responderunt
1168 2233 1274 2270 onmes

137 2294 252 2352 tertio.-
289 2291 464 2352 Anatliema
482 2292 532 2351 sit.
582 2293 625 2351 Et
641 2291 719 2351 ulibi
735 2291 768 2350 in
791 2288 976 2350 canonibus
996 2302 1205 2372 praeceptum
1227 2303 1275 2352 est

137 2384 174 2434 ut
195 2394 290 2434 nemo
313 2393 415 2455 nsque
437 2373 609 2434 adfinitatis
623 2374 742 2434 lineam
764 2395 803 2434 ex
818 2372 1060 2455 propinquitate
1078 2375 1127 2433 sui
1146 2376 1275 2456 sungui-

136 2457 190 2516 nis
205 2456 367 2517 connubia
382 2456 494 2534 ducat,
517 2477 622 2537 neque
638 2455 817 2538 virginibus
833 2455 902 2516 sine
915 2454 1146 2516 benedictione
1161 2459 1272 2517 Sacer-

136 2539 220 2600 dotis
236 2539 309 2619 quis
331 2537 452 2598 nubere
466 2549 663 2620 praesumat:
687 2540 805 2620 oppido
825 2538 912 2598 enim
929 2536 986 2596 ista
1002 2538 1109 2596 omniu
1129 2541 1272 2599 cavenda

135 2632 275 2683 suntne
296 2621 383 2686 fiant.
426 2623 490 2682 Sed
504 2633 673 2704 postquem
699 2622 757 2680 ista
781 2621 888 2681 omniu
912 2619 1044 2702 probatu
1066 2621 1207 2697 suerint,
1240 2630 1274 2681 et

136 2703 221 2764 nihil
243 2703 448 2787 impedierit,
470 2714 548 2765 tunc
572 2705 598 2764 si
613 2704 704 2784 virgo
720 2705 836 2781 fuerit,
860 2724 933 2784 cum
958 2701 1188 2762 benedictione
1210 2705 1271 2764 Su-

115 2787 296 2864 'cerdotis,
318 2786 402 2847 sicut
426 2787 459 2846 in
479 2785 734 2848 sacramentario
756 2787 965 2861 continetur,
988 2793 1112 2843 etcum
1133 2787 1271 2846 consilio

134 2871 313 2930 multorum
332 2869 492 2930 bonorum
508 2869 696 2944 hominum,
717 2869 849 2950 publice
867 2877 899 2928 et
915 2886 979 2926 non
993 2867 1129 2927 'occulte
1151 2869 1272 2928 dueen-

134 2953 176 3014 da
196 2963 243 3014 est
260 2975 358 3025 uxor;
382 2960 417 3012 ut
437 2951 514 3012 honi
532 2975 571 3013 ex
594 2953 639 3013 eis
661 2951 737 3029 filii,
759 2951 898 3012 Domino
924 2949 1114 3028 miserante,
1142 2973 1271 3032 proere-

133 3043 248 3112 entur,
272 3047 305 3096 et
321 3057 385 3094 non
412 3035 491 3095 tales
508 3035 591 3095 sicut
609 3034 757 3115 superius
775 3035 898 3095 dictum
917 3041 973 3093 est.

134 3118 234 3202 Quod
254 3119 520 3178 excommunicati
540 3118 559 3175 lt
581 3114 755 3176 Sacerdote
763 3163 776 3189 ,
800 3131 966 3198 antequam
987 3117 1136 3176 canonice
1158 3138 1270 3178 recon-

292 3201 458 3274 cilientur,
480 3201 688 3283 nonpossint
708 3201 844 3260 maiores
866 3211 941 3257 natu
963 3218 1120 3258 accusare.

217 3281 383 3347 CLXXX.
428 3284 468 3341 Ut
483 3280 776 3352 excommunicatus
804 3283 824 3341 it
849 3280 1034 3355 Sacerdote,
1055 3281 1200 3364 quandiu
1233 3285 1269 3344 in

133 3366 202 3448 ipsu
225 3375 272 3427 est
294 3365 644 3441 excommunicatione,
668 3363 803 3432 maiores
820 3373 897 3424 natu
911 3363 962 3422 vel
979 3361 1155 3444 Episcopus
1176 3386 1271 3426 accu-

130 3469 276 3512 sarenon
290 3458 479 3530 praesumet.
506 3449 602 3525 Quod
617 3447 642 3507 si
659 3448 917 3529 praesumpserit,
929 3465 993 3504 non
1014 3447 1198 3530 recipiatur3
1214 3450 1271 3510 sed

131 3531 305 3591 autmuiori
317 3529 642 3602 excommunicationi
656 3529 892 3608 subiaceat,uut
906 3528 944 3586 nb
958 3529 1104 3591 Ecclesia
1119 3534 1269 3612 pellatur.

131 3615 181 3678 De
204 3612 392 3686 homicidis,
417 3612 595 3697 maleficis,
630 3611 797 3696 veneficis,
828 3612 995 3682 eonoictis,
1027 3607 1186 3698 appellare
1215 3638 1271 3677 uo·

471 3698 630 3766 lentibus,
665 3713 728 3755 non
752 3693 928 3756 audiendis.

216 3776 401 3842 CLXXXI.
444 3779 481 3838 In
501 3779 651 3840 civilibus
667 3780 783 3856 causis,
801 3779 853 3838 vel
871 3775 1049 3837 levioribus
1066 3779 1268 3858 criminibus,

134 3859 259 3942 legibus
285 3862 605 3944 dilutiopraestanda
627 3869 682 3922 est.
725 3859 922 3936 Homicidae,
947 3860 1098 3934 adulteri,
1119 3861 1269 3942 malefici,

134 3945 284 4020 venefici,
309 3945 461 4022 convicti,
478 3946 504 4006 si
520 3945 681 4026 appellare
703 3943 878 4021 voluerint,
902 3963 966 4002 non
988 3941 1171 4004 audiuntur.

133 4026 232 4110 Quod
251 4029 452 4105 Presbyteri,
476 4030 613 4088 Diaconi
632 4039 662 4086 et
685 4027 800 4108 reliqui
819 4025 952 4095 Clerici,
974 4025 1041 4084 sine
1062 4027 1199 4086 iussione
1220 4031 1271 4089 sui

414 4109 584 4195 Pontificis
594 4155 607 4181 ,
630 4110 711 4168 niliil
731 4130 822 4188 agere
844 4107 987 4171 debcant.

218 4189 406 4260 CLXXXlI.
449 4196 491 4255 Ut
517 4191 703 4276 Presbyteri
725 4193 778 4253 vel
808 4189 945 4254 Diaconi
962 4187 1042 4253 ‘sine
1070 4191 1270 4258 conscientia

131 4273 369 4362 Episcoporum
387 4299 520 4342 suorum
537 4275 620 4339 nihil
643 4284 747 4360 agunt.
