2926 4984
432 356 439 373 ·
490 343 608 404 nisan
642 341 827 408 curuans.
1144 319 1214 394 541

122 488 167 546 ‚lle
181 483 352 548 latronibus
371 487 420 550 tis
439 508 499 572 per
517 485 656 548 membro
678 497 709 548 et
726 485 818 546 tertio
831 502 891 567 per
907 481 1007 543 uitam
1018 481 1197 565 puniendis.

178 589 293 655 CCVI.
334 593 382 653 De
402 592 580 654 latronibus
605 591 649 650 ita
672 587 885 672 praecipimus
904 586 1155 663 observandum,
1186 599 1222 650 ut

104 697 155 758 pro
172 676 273 757 prima
289 677 391 759 e'culpa
412 697 476 737 non
495 673 663 748 moriatur,
686 671 742 732 sed
762 692 864 730 unum
882 671 1013 730 oculum
1030 670 1158 752 perdat;
1182 672 1221 734 de
1311 681 1315 688 ’

106 759 160 816 alia
181 780 258 819 vero
278 759 372 840 culpa
394 780 488 820 nasus
504 758 602 840 ipsius
619 754 754 816 latronis
773 763 957 823 truncetur;
982 754 1021 814 de
1046 753 1141 816 tertia
1156 757 1225 815 cul-

101 862 148 922 pa,
168 839 193 900 si
212 863 245 902 se
262 863 328 900 non
350 841 580 918 emendaverit,
602 840 766 902 moriatur.
808 837 893 900 Ibid.
914 859 940 896 c.
959 839 1007 902 23.

267 947 432 1008 Decretale
450 967 579 1030 procum
594 945 790 1029 quorundam
804 943 1042 1032 Episcoporum.

176 1050 311 1118 CCVII.
352 1052 539 1134 Capitulure
556 1051 697 1130 qualiter
717 1048 897 1108 institutum
918 1057 964 1108 est
986 1049 1017 1108 in
1043 1048 1105 1111 hoc
1127 1051 1223 1134 Epis-

96 1156 247 1215 coporum
274 1145 455 1205 conventu;
488 1134 521 1194 id
543 1143 611 1208 est,
642 1142 678 1192 ut
705 1132 928 1212 unusquisque
953 1131 1130 1214 Episcopus
1158 1146 1223 1196 tres

102 1219 202 1279 Missas
222 1227 254 1276 et
281 1217 340 1276 tria
361 1216 521 1298 psalteria,
542 1237 644 1274 unum
658 1236 717 1297 pro
737 1216 864 1274 Domno
883 1216 981 1292 Rege,
1005 1223 1035 1273 et
1055 1216 1143 1276 aliud
1165 1240 1224 1298 pro
1300 1241 1306 1250 ·

103 1299 239 1376 exercitu
255 1302 466 1376 Francorum,
488 1298 620 1358 tertium
639 1319 698 1370 pro
715 1297 876 1376 praesenti
894 1297 1101 1359 tribulatione
1120 1301 1225 1366 faeiat.

101 1382 275 1464 Presbyteri
285 1381 396 1442 Missas
408 1391 482 1447 tres.
504 1379 653 1442 Monachi
668 1389 700 1439 et
713 1379 888 1440 Monachae
902 1388 934 1438 et
949 1381 1117 1458 Canonici,
1129 1404 1227 1444 unus-

103 1463 234 1546 quisque
255 1463 406 1544 psalteria
424 1465 492 1527 tria.
536 1465 578 1523 Et
602 1462 757 1522 biduanas
778 1483 886 1522 omnes
902 1461 1032 1538 faciant,
1055 1474 1118 1523 tam
1136 1466 1228 1548 Epis·

103 1545 180 1627 copi,
202 1546 366 1622 Monaclai,
388 1555 418 1606 et
438 1545 626 1621 Monachae,
648 1555 743 1625 atque
761 1544 928 1619 Canonici,
944 1553 1039 1626 atque
1053 1567 1164 1606 eorum
1181 1548 1229 1607 in·

101 1629 146 1687 Ira
163 1629 257 1688 casati
275 1627 495 1706 h0·mines,vel
510 1628 565 1708 qui
585 1638 732 1710 potentes
744 1638 827 1692 sunt.
848 1627 891 1687 Et
904 1628 1126 1709 unusquisque
1137 1630 1229 1712 Epis-

104 1733 216 1792 copus,
238 1711 356 1786 Abbas,
379 1720 411 1771 et
431 1711 608 1782 Abbatissa‚
631 1709 687 1792 qni
715 1711 821 1769 facere
843 1718 965 1791 potest,
992 1711 1105 1770 libram
1128 1712 1227 1772 donet

105 1793 140 1852 de
162 1803 293 1876 argento
317 1803 371 1852 aut
391 1815 459 1854 eam
475 1794 601 1853 valente
620 1791 653 1850 in
676 1792 928 1873 eleemosynam,
951 1793 1129 1854 mediocres
1150 1816 1227 1856 vero

106 1875 265 1934 dimidiam
279 1876 406 1951 libram,
427 1875 567 1935 minores
581 1895 658 1936 vero
677 1873 795 1934 solidos
810 1874 965 1954 quiaque.
1005 1876 1047 1935 Et
1063 1877 1227 1958 Episcopi,

104 1956 246 2034 Abbates,
259 1968 292 2018 et
307 1958 488 2018 Abbatissae
502 1976 657 2039 pauperes
669 1956 831 2016 famelicos
843 1966 982 2037 quatuor
996 1980 1055 2038 pro
1072 1958 1129 2019 ista
1140 1959 1229 2020 stric-

100 2039 194 2098 citate
214 2041 339 2100 nutrire
365 2041 503 2100 debeant
523 2061 624 2125 usque
647 2048 789 2116 tempore
811 2038 971 2103 messium.
1018 2042 1059 2101 Et
1077 2041 1133 2123 qui
1155 2052 1227 2101 tan-

101 2131 167 2179 tum
185 2144 247 2182 non
269 2132 414 2203 possunt,
429 2122 517 2182 iuxta
536 2121 622 2203 quod
639 2119 829 2200 possibilitas
846 2130 903 2198 est,
924 2130 978 2179 aut
995 2132 1060 2184 tres
1080 2125 1133 2184 vel
1149 2124 1230 2185 duos

107 2211 157 2261 aut
171 2225 282 2263 unum.
314 2204 453 2266 Comites
472 2205 621 2264 fortiores
635 2203 748 2262 libram
762 2203 799 2261 de
815 2213 946 2284 argento
961 2215 1016 2264 aut
1028 2205 1155 2267 valente
1175 2207 1230 2266 do-

106 2296 183 2345 nent
200 2286 233 2344 in
254 2287 500 2369 eleemosynam,
523 2285 700 2345 mediocres
719 2306 796 2344 vero
813 2284 977 2344 dimidiam
992 2286 1127 2358 'libram;
1153 2290 1182 2348 V
1185 2311 1231 2348 as·

108 2368 346 2428 susdominicus
364 2369 402 2428 de
415 2369 527 2428 carsatis
543 2367 690 2428 ducentis
704 2365 827 2443 libram,
844 2368 882 2427 de
902 2367 1011 2426 casatis
1031 2380 1162 2429 centum
1182 2392 1231 2430 so·

105 2447 184 2510 lidos
193 2451 356 2532 quinque,
381 2449 419 2510 de
435 2449 667 2530 quinquaginta
686 2449 813 2509 unciam
831 2470 937 2512 unam.
980 2451 1022 2509 Et
1043 2451 1162 2510 faciant
1177 2450 1230 2511 bi-

108 2530 233 2608 duanas,
257 2543 289 2591 et
305 2554 415 2592 eorum
427 2529 585 2606 homines,
605 2541 699 2612 atque
718 2552 828 2590 eorum
844 2531 950 2606 casati,
969 2533 1022 2591 vel
1036 2533 1092 2612 qui
1111 2533 1173 2592 hoc
1187 2535 1233 2593 fa-

102 2633 173 2673 cere
190 2625 332 2693 possunt.
353 2615 395 2673 Et
408 2614 462 2694 qui
481 2614 638 2675 redimere
657 2614 754 2695 ipsam
767 2613 947 2672 triduanam
959 2614 1109 2691 voluerit,
1121 2616 1232 2676 fortio-

107 2715 153 2754 res
172 2697 313 2756 Comites
337 2697 448 2756 uncias
465 2705 540 2771 tres,
557 2696 696 2757 minores
716 2699 743 2770 c)
762 2695 910 2755 denarios
931 2695 1074 2776 triginta,
1091 2699 1232 2760 mitiores

108 2776 240 2837 solidum
262 2801 374 2837 sanum.
415 2780 457 2840 Et
479 2780 520 2839 de
541 2778 733 2861 pauperibus
759 2777 916 2837 famelicis
940 2778 1023 2838 sicut
1047 2800 1142 2861 supra
1162 2781 1232 2840 dic-

107 2867 169 2917 tum
184 2869 232 2919 est
256 2860 317 2941 ipsi
336 2860 464 2924 faciant.
507 2861 591 2921 Haec
616 2860 732 2934 omnia,
763 2859 787 2918 si
814 2860 956 2919 Domino
979 2861 1148 2940 placuerit,
1172 2885 1230 2943 pro

104 2941 223 3001 Domno
246 2944 334 3021 Rege
363 2953 395 3002 et
417 2943 561 3003 exercitu
585 2945 783 3002 Francorum
797 2951 828 3000 et
841 2942 1002 3021 praesenti
1021 2943 1230 3006 tribulatione

104 3022 193 3082 Missa
215 3025 317 3084 sancti
342 3024 492 3084 lobannis
514 3026 578 3084 sint
596 3025 761 3106 completa.
784 3025 949 3082 Decretale
967 3045 1096 3106 precum
1115 3051 1143 3087 a.
1162 3048 1231 3110 779.

104 3127 196 3206 ‘Quod
210 3151 260 3189 res
288 3127 500 3188 Ecclesiarnm
523 3142 592 3189 vota
618 3131 680 3187 sint
694 3127 864 3211 fidelium,
885 3130 989 3210 pretio
1008 3148 1228 3211 peccatorum,

105 3220 133 3266 et
144 3209 335 3292 patrimonia
352 3233 538 3294 pauperum
558 3211 668 3292 quibus
690 3231 752 3269 non
773 3210 873 3271 solum
893 3212 1018 3270 conlata
1037 3233 1231 3276 conservan-

356 3294 410 3362 da,
434 3292 493 3352 sed
517 3295 609 3352 etiam
633 3294 697 3352 alin
718 3291 860 3371 erigenda
887 3305 969 3358 sunt.

183 3394 337 3464 CCVIII.
382 3399 465 3474 Quia
489 3400 577 3459 iuxta
602 3408 783 3462 sanctorum
805 3399 935 3458 Patrum
949 3400 1156 3464 traditionem
1173 3428 1233 3466 no·
1310 3449 1312 3453 ,

104 3475 202 3539 nimus
218 3501 269 3541 res
290 3481 454 3541 Ecclesiae
478 3492 550 3542 vota
572 3503 639 3542 esse
659 3481 819 3557 fidelium,
843 3483 944 3562 pretia
966 3497 1183 3566 peccatorum,
1201 3498 1235 3550 et

103 3560 290 3637 patrimonia
308 3584 497 3644 pauperum,
511 3564 562 3623 cui
582 3586 646 3624 non
668 3565 770 3624 solum
782 3563 889 3624 habita
901 3589 1103 3643 conservare,
1121 3592 1234 3631 verum

101 3640 195 3700 ‘etiam
214 3645 327 3722 multa,
349 3647 419 3704 Deo
441 3647 631 3728 opitulante,
655 3647 804 3707 conferre
827 3657 981 3725 optamus,
1005 3659 1109 3708 tamen
1136 3661 1172 3710 ut
1195 3654 1234 3711 ab

106 3725 329 3787 ecclesiasticis
355 3727 399 3786 dc'
415 3750 484 3803 non¹
507 3728 689 3789 dividendis
715 3727 811 3788 rebus
833 3729 921 3790 illius
939 3730 1103 3791 Ecclesiae
1129 3735 1234 3815 suspi-

103 3803 264 3882 picionem
285 3810 405 3868 dudum
429 3821 619 3889 conceptam
635 3811 763 3892 penitus
776 3831 1005 3887 amoveremus,
1019 3813 1185 3876 statuimus
1200 3826 1236 3876 ut

108 3904 208 3966 neque
225 3892 350 3966 nostris,
374 3914 481 3971 neque
500 3889 646 3952 filiorum
658 3902 689 3952 et
709 3895 779 3952 Deo
793 3893 998 3972 dispensante
1015 3916 1235 3957 successorum

107 3978 284 4030 nostrornm
306 3974 524 4054 temporibus,
558 3975 615 4054 qui
640 3984 780 4035 nostram
809 3975 860 4035 vel
889 3976 1132 4057 progenitorum
1159 4001 1234 4040 nos-

106 4055 224 4110 trorum
246 4058 443 4115 volirntatem
471 4056 524 4116 vel
549 4057 733 4138 exemplum
763 4055 879 4115 imitari
902 4058 1084 4132 voluerint,
1111 4060 1235 4123 nullam

106 4132 230 4208 penitus
250 4137 438 4198 divisionem
452 4149 506 4198 ertit
517 4139 671 4200 iacturam
686 4139 861 4222 patiantur.
903 4139 1008 4224 Supra
1023 4141 1092 4210 Lib.
1106 4148 1169 4216 Le.
1186 4166 1235 4228 77.

113 4239 329 4260 Ἢ

136 4281 165 4350 ¹c)
183 4287 296 4368 Legeud.
313 4291 473 4350 mediocres.
