2948 4990
195 263 269 338 668
624 287 910 350 enarraremus

192 428 266 491 talis
285 427 464 490 commatris
480 426 653 490 maximum
668 441 834 513 peccatum
853 430 912 508 sit,
934 435 967 494 et
993 428 1129 494 divortio
1160 435 1335 513 sepas-an·-

116 519 118 525 ’
192 510 288 589 dnm,
309 520 403 594 atquc
420 510 549 593 capitali
568 511 728 576 sententia
743 512 966 590 multandum,
988 513 1039 576 vel
1057 513 1328 597 peregrinatione

191 601 347 676 perpetua
365 594 549 659 delendum.
1154 601 1157 606 '

398 699 447 758 De
467 720 503 760 co
520 700 576 782 qui
590 721 729 784 paganas
750 701 984 762 observationes
992 693 1119 782 s'eccrit.

198 805 202 814 '
273 803 492 870 CCCCXXll.
535 807 760 884 Decrerimns,
787 805 870 867 sicut
897 815 930 867 et
956 817 1173 868 antecessores
1192 807 1325 890 velpa-

192 898 299 949 rentes
321 888 420 949 nostri
439 889 515 950 olim
532 889 768 969 decreverunt,
791 899 826 948 ut
841 891 898 970 qui
921 911 1057 972 paganas
1078 890 1325 952 observationes

192 972 225 1030 in
235 970 343 1052 aliqua
351 991 386 1032 re
400 971 525 1048 fecerit,
534 971 690 1032 multetur
698 981 730 1032 et
738 971 1099 1054 damneturquindecim
1109 971 1230 1032 solidis.
1248 973 1326 1038 V.3.

191 1081 376 1164 Praeceptio
405 1094 439 1140 ut
460 1082 616 1166 mancipia
645 1079 824 1220 Cisriistiana
850 1081 987 1160 Paganis
1011 1079 1066 1140 vel
1093 1077 1222 1140 Iudaeis
1255 1098 1325 1139 non

657 1177 706 1222 tra
731 1175 833 1222 antur.

275 1239 509 1331 CCCC'XXlll.
523 1265 742 1350 Praecipimas
758 1247 949 1350 generaliter
956 1266 1103 1328 omnibus
1111 1239 1151 1329 ιιῑΙ
1158 1265 1325 1348 mancipia

192 1349 373 1426 Christiana
389 1350 524 1433 Paganis
538 1351 589 1410 rel
605 1349 731 1414 ludaeis
752 1349 1007 1414 contradantur.
1051 1351 1107 1412 VI.
1131 1371 1197 1431 119.

198 1455 239 1520 Ut
255 1477 360 1516 omnes
378 1458 527 1517 noverint
541 1469 689 1538 quantum
705 1455 820 1516 malurn
838 1457 880 1514 sit
907 1456 975 1516 Deo
995 1469 1134 1515 sacratas
1153 1457 1323 1520 incestare.

276 1560 509 1628 CCCCXXIV,
551 1560 701 1620 labemus
719 1581 827 1620 omnes
843 1559 941 1636 scire,
965 1559 1175 1640 omnibusque
1202 1564 1322 1624 Sacer-

194 1641 320 1702 dotibus
337 1643 544 1722 praedicare,
575 1655 669 1724 atque
700 1642 757 1702 sub
780 1662 883 1723 poena
913 1643 1071 1726 sacrilegii
1103 1644 1319 1722 denuntiare,

192 1735 348 1804 quantum
362 1726 479 1786 malum
494 1736 523 1787 et
537 1747 632 1809 quam
652 1723 821 1789 maximum
842 1723 997 1806 flagitium
1013 1727 1053 1786 sit
1068 1747 1141 1787 cnm
1162 1728 1232 1786 Deo
1257 1726 1319 1788 (le-

192 1806 275 1867 votis
296 1808 422 1868 seminis
453 1809 577 1885 viduis,
600 1808 652 1868 vel
684 1807 878 1889 virginibus,
900 1807 965 1867 sive
992 1829 1065 1870 cnm
1084 1807 1217 1886 relatis,
1244 1807 1319 1869 sive

193 1911 266 1950 cum
286 1892 355 1948 Deo
371 1891 513 1966 devotis,
535 1892 734 1972 maximeque
756 1910 829 1950 cum
859 1889 1181 1966 Sanctimou'ialibus,
1214 1899 1246 1950 et
1264 1911 1317 1951 sa-

194 1971 287 2031 cratis
314 1973 382 2030 Deo
401 1971 578 2054 virginibus
592 1976 644 2034 vel
664 1973 786 2048 viduis,
809 1981 871 2030 tarn
897 1972 929 2030 in
950 1973 1149 2052 monasteriis
1171 1994 1267 2052 quam
1285 1979 1318 2034 et

194 2064 283 2112 extra
300 2053 506 2115 commisceri.
531 2059 609 2116 Nam
622 2055 684 2116 hoc
696 2065 861 2138 peccatum
878 2054 998 2136 duplex
1013 2076 1080 2116 esse
1101 2075 1165 2114 non
1180 2053 1317 2115 dubium

194 2143 251 2195 est.
294 2137 335 2193 Ut
353 2136 558 2219 verbigratia
578 2137 741 2214 dicamus,
771 2136 862 2197 cuins
883 2136 1044 2198 vindictae
1073 2159 1147 2196 reus
1170 2135 1211 2196 sit
1230 2155 1317 2216 puer

193 2226 267 2276 ante
288 2217 452 2280 dominum
469 2243 561 2282 suum
579 2221 636 2299 qui
654 2241 787 2281 uxorem
808 2218 928 2279 domini
954 2219 1003 2280 sui
1029 2218 1188 2280 adulterio
1210 2217 1314 2277 viola·

194 2299 295 2376 verit,
318 2311 438 2381 quanto
462 2305 559 2386 magis
576 2303 631 2364 ille
655 2303 711 2385 qui
730 2323 876 2383 sponsam
902 2299 1020 2365 Christi
1051 2299 1201 2362 creatoris
1229 2297 1315 2358 coeli

195 2393 227 2443 et
252 2391 354 2444 terrae
389 2387 561 2467 putredine
591 2406 666 2446 strae
693 2385 837 2446 libidinis
858 2381 1153 2458 commaculaverit,
1185 2381 1313 2442 dicente

193 2465 588 2550 lieatopauloApost0103
610 2469 660 2528 An
681 2469 805 2526 nescitis
822 2467 896 2547 qrtia
915 2486 1049 2548 corpora
1073 2476 1179 2524 vestra
1197 2461 1315 2544 templa

194 2549 256 2606 sint
280 2548 417 2629 Spiritus
431 2554 553 2611 sancti?
594 2552 636 2611 Et
655 2549 749 2610 alibi:
771 2549 907 2607 Nescitis
923 2549 995 2626 quia
1017 2547 1163 2626 templum
1180 2547 1242 2604 Dei
1263 2564 1315 2603 es-

196 2631 255 2700 tis,
277 2643 307 2689 et
324 2629 460 2706 Spiritus
475 2635 538 2694 Dei
557 2634 676 2698 liabitat
693 2634 726 2691 in
743 2631 857 2692 vobis?
896 2628 1017 2708 'Siquis
1038 2641 1140 2688 autem
1167 2626 1314 2710 templum

194 2713 257 2770 Dei
286 2713 474 2788 violaverit,
504 2715 665 2798 disperdet
698 2715 787 2774 illum
815 2714 916 2772 Deus:
953 2712 1113 2792 Pemplum
1139 2711 1220 2768 enim
1252 2708 1318 2766 Dei

195 2807 333 2854 satiatum
350 2809 413 2868 est,
438 2798 525 2879 qrtod
542 2801 615 2860 estis
635 2818 703 2858 vos.
744 2796 784 2857 Et
807 2795 922 2856 iterum
947 2791 1144 2854 idololatriae
1166 2788 1313 2851 servituti

196 2875 357 2937 adulteros
375 2889 407 2940 et
428 2881 637 2942 fornicatores
665 2879 698 2938 in
726 2899 871 2939 sermone
905 2885 936 2936 et
954 2897 1086 2935 numero
1110 2882 1314 2955 peccatorum

195 2957 311 3040 iungit,
334 2960 459 3023 dicens:
480 2964 531 3023 An
545 2963 670 3024 nescitis
685 2963 759 3042 quia
777 2960 879 3042 ina’qui
898 2979 1023 3036 regnum
1040 2957 1100 3016 Dei
1126 2977 1190 3016 non
1207 2954 1314 3038 possi-

196 3041 334 3103 debunt?
375 3039 479 3105 Nolite
501 3067 626 3114 errare;
647 3045 721 3121 quia
749 3063 845 3123 neque
868 3039 1059 3120 fornicarii,
1094 3058 1190 3120 neque
1218 3034 1313 3094 idolis

194 3125 384 3198 servientes,
406 3147 503 3210 neque
521 3127 677 3196 adulteri,
704 3145 800 3205 neque
824 3124 932 3184 molles
940 3167 953 3194 ,
983 3142 1079 3203 neque
1107 3119 1313 3178 masculorum

195 3201 432 3279 concubitores,
455 3229 552 3292 neque
564 3208 657 3289 sures
667 3251 679 3280 ,
703 3227 800 3287 neque
817 3206 915 3274 avari,
933 3225 1029 3284 neque
1048 3203 1185 3272 ebriosi,
1216 3217 1312 3280 neque

196 3287 360 3362 maledici,
384 3312 491 3374 neque
515 3313 664 3374 rapaces,
687 3310 811 3368 regnum
836 3287 899 3346 Dei
909 3285 1122 3370 possidebunt.

201 3393 241 3458 Ut
258 3399 332 3480 quia
345 3399 509 3458 necessitas
531 3399 682 3459 bellorum
697 3395 789 3474 cogit,
809 3415 884 3477 pars
901 3393 1050 3475 pecuniae
1064 3411 1140 3471 quae
1155 3387 1312 3447 Ecclesiae

286 3479 436 3552 debetur,
459 3481 617 3563 aliquanto
638 3493 775 3562 tempore
796 3477 851 3537 sub
875 3475 1019 3559 precario
1042 3475 1223 3534 retineatur.
1276 3477 1277 3482 ’

277 3585 489 3651 CCCCXXV.
530 3583 727 3646 Assentimus
757 3579 985 3642 cumconsilio
1010 3599 1176 3639 servorum
1197 3577 1257 3638 Dei
1281 3588 1318 3643 et.

194 3670 305 3752 populi
323 3667 514 3742 Christiani,
536 3676 666 3750 propter
685 3664 882 3725 imminentia
908 3663 992 3724 bella
1020 3671 1051 3722 et
1073 3660 1316 3743 persecutiones

196 3764 391 3813 caeterarum
405 3751 548 3834 gentium
571 3749 697 3830 quaein
720 3747 857 3808 circuitu
873 3756 980 3806 nostro
996 3753 1086 3821 sunt,
1108 3753 1145 3803 ut
1159 3743 1216 3804 sub
1238 3763 1311 3824 pre·

195 3837 281 3898 cario
297 3845 328 3896 et
344 3857 443 3895 censu
462 3832 603 3914 aliquam
618 3837 738 3914 partem
756 3829 938 3890 ecclesialis¹
953 3827 1107 3908 pecuniae
1131 3825 1164 3884 in
1185 3823 1307 3885 adiuto-

193 3920 278 3979 rium
299 3917 457 3978 exercitus
481 3916 579 3976 nostri
598 3937 672 3976 cnm
692 3911 890 3994 indulgentia
904 3909 964 3970 Dei
988 3909 1151 3989 aliquanto
1170 3918 1311 3991 tempore

193 4003 404 4075 retineamus,
428 4021 463 4060 ea
485 3999 691 4073 conditione,
721 4007 756 4055 ut
778 3993 869 4054 annis
894 3990 1028 4076 singulis
1053 3992 1093 4053 de
1120 4009 1318 4074 unaquaque.

195 4093 297 4143 casata
321 4082 459 4154 solidus,
482 4081 516 4142 id
546 4089 592 4142 est
616 4078 785 4142 duodecim
815 4073 958 4152 denarii,
992 4073 1032 4136 ad
1054 4073 1231 4136 Ecclesiam
1260 4071 1309 4134 vel

194 4165 421 4226 monasterium
435 4163 625 4234 reddantur;
649 4183 686 4223 eo
712 4159 807 4220 modo
822 4166 857 4217 ut
873 4157 900 4220 si
920 4157 1073 4218 moriatur
1094 4157 1150 4216 ille
1178 4154 1231 4216 cni
1254 4175 1310 4236 pe-

195 4248 291 4312 c'ania
306 4246 500 4309 commodata
519 4245 602 4324 fuit,
623 4243 768 4308 Ecclesia
786 4263 859 4304 cum
872 4239 1001 4325 propria
1017 4237 1155 4324 pecunia
1179 4235 1308 4301 revesti-
