2910 4984
518 283 677 388 anuinio
701 331 860 406 susara.
1110 401 1113 408 ²
1175 306 1247 416 827

125 473 242 538 incesti
261 453 418 535 maculam
436 471 572 556 operari.
593 471 713 533 'Huius
734 473 832 554 igitur
848 470 1070 554 permixtionis
1087 471 1250 533 inlecebra

4 565 26 644 {f
124 559 184 619 tali
198 557 387 617 multabitur
399 573 514 638 poena,
536 564 572 614 ut
586 555 721 636 separati
735 556 774 614 ab
789 555 950 632 invicem,
968 565 999 618 et
1015 561 1151 614 centena
1165 554 1250 634 pub·

21 649 29 699 'T
122 638 190 701 lice
210 638 367 700 decalvati
379 635 507 720 flagella
523 636 720 718 suscipiant,
742 647 774 697 ct
791 636 888 697 exilio
904 637 1029 719 religati
1043 637 1101 696 sub
1117 633 1249 717 publica

122 721 327 804 poenitentia
341 727 511 794 maneant,
534 740 709 800 eorumque
726 719 809 778 bona
826 719 864 778 ad
884 719 967 780 filios
989 739 1069 800 quos
1097 719 1143 778 de*
1158 737 1250 800 prae-

17 855 27 884 ,
124 804 257 865 cedenti
279 801 429 881 coniugio
446 801 636 876 habuerint,
657 801 826 872 recedant3
848 801 875 863 si
901 811 1006 860 tamen
1026 811 1057 861 et
1083 800 1167 882 ipsos
1194 808 1250 858 ant

124 887 163 946 in
184 885 276 945 nullo
292 885 438 944 Iudaicae
457 879 735 962 praevaricationis
755 883 965 943 maculaverit
978 905 1077 959 noxa,
1100 891 1155 941 aut
1178 882 1251 940 nul·

124 967 160 1026 la
174 966 346 1028 incestivae
360 965 496 1025 nationis
515 964 727 1040 sordidaverit
742 967 874 1026 macula.
917 965 1013 1041 Quod
1028 964 1054 1025 si
1071 972 1124 1022 aut
1140 963 1249 1024 nullos

15 1065 27 1076 ⁸·
123 1047 298 1109 habuerint
316 1049 417 1124 filios,
439 1057 493 1106 aut
505 1047 646 1122 habitos,
669 1057 704 1106 ut
723 1047 843 1108 dictum
862 1055 926 1124 est,
948 1047 1001 1107 vel
1024 1045 1181 1114 Iudaicus}
1195 1045 1249 1103 in-

125 1132 269 1194 volverit
283 1151 382 1206 error,
394 1129 445 1189 vel
462 1129 576 1190 incesti
587 1128 770 1190 'faedaverit
791 1131 889 1206 natio,
909 1139 988 1190 tunc
1000 1129 1137 1192 ,facultas
1152 1149 1249 1208 prae-

126 1213 288 1284 dictorum
305 1211 486 1284 omnimoda
503 1212 537 1270 in
555 1210 716 1294 Principis
731 1221 886 1292 potestate
903 1211 1075 1287 consistat,
1109 1204 1249 1291 qualiter

123 1295 299 1376 principali
320 1293 512 1356 discretione
536 1313 586 1354 res
606 1292 672 1375 ipsa
690 1301 745 1356 aut
762 1293 794 1352 in
817 1293 1006 1354 Christianis
1025 1313 1174 1352 eorumve
1193 1291 1249 1350 he·

121 1377 256 1438 redibus
275 1397 428 1452 concessa,
446 1384 638 1457 permaneat.
660 1377 753 1453 Quod
779 1376 807 1436 si
828 1375 962 1442 heredes
980 1374 1164 1438 huiusmodi
1183 1373 1253 1453 dig·
1273 1395 1283 1438 ss

124 1459 234 1520 nitatis
265 1457 444 1534 defuerint,
473 1457 548 1519 fisco
572 1466 679 1518 nostro
698 1459 815 1519 sociata
833 1457 1001 1519 deserviat.
1042 1457 1248 1516 Illudtamen

122 1542 228 1602 modis
262 1539 408 1600 omnibus
439 1539 671 1600 observandum
699 1542 768 1600 fore
798 1539 1029 1622 praecipimus,
1049 1547 1100 1598 'ut
1123 1537 1150 1599 si
1175 1537 1249 1617 quis

123 1623 324 1684 Christianus
347 1623 398 1682 rel
415 1619 610 1699 Christiana,
634 1633 689 1682 aut
712 1621 846 1684 Iudaeus
865 1623 917 1682 vel
948 1623 1085 1698 Iudaea,
1121 1620 1248 1682 noviter

122 1707 269 1787 nuptiale
297 1705 414 1764 festum
436 1703 597 1763 celebrare
629 1703 812 1781 voluerint,
835 1711 901 1763 non
928 1704 1022 1763 aliter
1049 1721 1145 1786 quam
1173 1723 1247 1762 cum

120 1786 296 1870 praemisso
312 1785 394 1854 dotis
407 1785 523 1861 titulo,
545 1785 658 1868 quoin
683 1786 873 1848 Christianis
899 1785 1018 1852 salubri
1041 1783 1246 1860 institutione

121 1877 331 1952 praeceptum
346 1877 402 1943 est,
420 1868 471 1927 vel
484 1868 673 1928 sacerdotali
689 1867 915 1930 benedictione
930 1868 1012 1928 intra
1029 1867 1135 1928 sinum
1152 1887 1246 1930 sanc-

120 1961 176 2012 tae
191 1946 253 2010 Dei
271 1950 433 2010 Ecclesiae
460 1960 622 2030 percepta,
653 1941 840 2034 coniugium
865 1949 1013 2031 cuiquam
1034 1971 1074 2010 ex
1093 1948 1142 2009 bis
1157 1947 1246 2010 adire

122 2032 349 2115 permittimus,
392 2031 534 2112 Quodsi
553 2031 670 2112 absque
702 2033 928 2110 benedictione
955 2031 1133 2091 Sacerdotis
1155 2031 1247 2112 quis-

122 2137 222 2196 quam
242 2113 497 2175 Cbristianorum
517 2111 568 2186 vel
586 2115 802 2175 Hebraeorum
829 2114 955 2176 noviter
978 2112 1165 2194 coniugium
1191 2113 1250 2174 du·

124 2198 230 2272 xerit,
249 2197 303 2274 yel
322 2195 553 2256 solemnitatem
568 2197 646 2276 legis
669 2219 728 2278 pro
748 2197 846 2258 dotali
872 2195 965 2258 titulo
989 2196 1022 2254 iu
1052 2195 1248 2281 quocunque

122 2279 369 2354 transcenderit,
385 2287 438 2336 aut
455 2286 583 2339 centum
598 2279 706 2340 Princi
710 2280 742 2360 pi
758 2280 875 2340 solidos
890 2287 1017 2338 coactus
1028 2278 1181 2354 exsolvat,
1193 2283 1250 2336 aut

122 2372 255 2422 centum
265 2361 393 2441 publice
405 2361 586 2422 verberatus
598 2359 722 2442 flagella
733 2361 893 2444 suscipiat.
906 2361 991 2420 Haec
1001 2359 1125 2419 scilicet
1134 2359 1250 2418 damna
1273 2404 1275 2412 s

120 2445 177 2506 vel
188 2443 320 2505 verbera
331 2442 516 2524 singillatim
530 2443 750 2526 unusquisque
768 2443 936 2526 percipiat,
947 2441 1097 2502 videlicet
1109 2449 1173 2500 tam
1189 2439 1247 2501 ille
1284 2459 1287 2466 ⁴

122 2520 184 2606 q'ui
197 2525 312 2606 nupsit,
326 2547 420 2605 quam
432 2541 559 2607 eaquae
573 2534 672 2608 nupta
687 2537 744 2604 est,
753 2525 804 2586 vel
817 2526 910 2584 etiam
920 2521 1124 2584 consentanei
1136 2544 1250 2604 paren-

123 2619 176 2670 tes
189 2629 311 2684 eorum,
330 2608 553 2690 unusquisque
567 2631 625 2691 pro
646 2631 679 2669 se
701 2608 854 2671 iacturam
874 2607 954 2687 legis
974 2605 1071 2665 buius
1088 2604 1248 2689 suscipiat.

274 2691 314 2752 In
335 2691 416 2749 libro
438 2714 498 2761 vn,
522 2691 697 2785 tripertitae
722 2692 870 2750 historiae
893 2689 1028 2771 capituto
1050 2710 1104 2747 vn.

206 2772 268 2838 Ill.
311 2771 412 2853 Igitur
436 2773 702 2851 Valentinianus,
724 2795 797 2833 cum
815 2771 857 2830 ita
872 2781 999 2852 saperet
1018 2771 1101 2830 sicut
1116 2769 1250 2840 Nicaeni

121 2858 256 2930 Patres,
277 2853 393 2916 similia
408 2855 633 2934 profitentibus
653 2856 822 2936 proderat,
845 2853 938 2914 aliter
953 2874 1029 2912 vero
1052 2851 1258 2933 sapientibus
1341 2869 1343 2874 ·

123 2959 191 2998 non
212 2945 280 2996 erat
299 2937 510 3016 importunus.
552 2937 617 3014 Qui
638 2937 716 2998 dum
727 2937 820 2998 initio
837 2933 929 3016 regni
949 2935 1082 3015 deurbe
1096 2935 1253 2996 constan-¹

123 3017 334 3099 tinopolitana
349 3037 407 3096 per
428 3018 579 3079 Thracias
598 3029 782 3100 properaret
793 3017 839 3078 *ad
853 3019 1000 3094 Romam,
1021 3027 1100 3078 tunc
1119 3015 1270 3100 Episco-·

124 3101 159 3184 pi
173 3109 260 3160 recte
277 3099 435 3178 sapientes
450 3101 591 3181 legatum
604 3101 761 3162 miserunt
776 3099 1028 3180 Hicpauc'ianum
1044 3099 1249 3181 Episcopum,

4 3171 5 3179 ¹
90 3181 279 3262 ,quatinus
303 3181 490 3261 dignaretur
508 3183 547 3244 ad
572 3181 997 3262 emendationemldogmatis
1014 3181 1178 3243 interesse.
1220 3178 1250 3242 ls

124 3284 199 3323 cum
217 3263 333 3324 adisset
351 3264 593 3344 Imperatorem,
617 3265 888 3348 etEpiscoporum
904 3263 1093 3344 legationem
1106 3264 1250 3331 intimas*

124 3355 194 3421 set,
216 3345 413 3427 respondens
434 3347 608 3428 imperator
630 3347 691 3406 ait:
715 3346 982 3426 ulllibifquidcm,
1005 3357 1078 3406 cum'
1101 3369 1185 3407 unus
1210 3347 1250 3406 de

127 3427 273 3508 »populo
289 3429 365 3504 sim,
387 3429 434 3488 fas
451 3451 516 3488 non
537 3439 585 3490 est
602 3429 685 3490 *talia
707 3428 908 3511 perscrutari.
951 3430 1072 3490 Verum
1093 3429 1250 3491 Sacerdt-

128 3519 219 3585 stes,
242 3510 357 3590 quibus
385 3509 465 3571 baec
491 3533 565 3572 cura
592 3521 658 3588 est,
693 3511 778 3592 apud
805 3510 990 3590 semetipsos
1014 3521 1251 3594 congregentur

126 3590 209 3650 aubi¹
228 3593 426 3652 voluerint«
451 3595 535 3653 Cum
551 3595 631 3654 baec
649 3593 756 3674 itaque
785 3589 1000 3672 respondisset
1021 3594 1192 3676 Princeps,
1216 3594 1249 3651 in

123 3673 332 3754 lampsacum
359 3686 583 3736 convenerunt
601 3675 772 3758 'Episcopi
814 3677 960 3755 Cumque
988 3667 1052 3755 per'
1069 3675 1148 3735 duos
1164 3696 1252 3734 men·

124 3775 177 3832 ses·
196 3764 402 3832 tractassent,
424 3757 510 3816 inter
528 3767 669 3834 erietera,
693 3758 778 3816 iuxta
799 3757 921 3838 priores
938 3777 1093 3833 canones,
1115 3757 1252 3839 Episco-

122 3857 179 3916 pos
200 3838 319 3913 eiectos
342 3847 439 3918 atque
461 3839 524 3900 suis
547 3841 643 3900 rebus
664 3838 856 3920 expoliatos,
878 3839 968 3898 sedes
998 3838 1142 3920 proprias
1165 3837 1252 3908 acci-

122 3937 224 3997 pere,
249 3931 281 3980 et
303 3920 404 4000 primo
419 3941 475 3980 sua
494 3922 599 3980 omnia
621 3921 665 3982 eis
685 3921 776 3982 reddi
797 3921 1020 3980 decreverunt.
1061 3923 1103 3980 Et
1131 3919 1161 3978 si
1179 3919 1251 3998 quis

122 4008 193 4078 post
212 4000 292 4061 haec
310 4023 363 4061 eos
381 4023 527 4062 accusare
546 4005 655 4080 vellet,
672 4023 725 4063 eos
745 4003 891 4084 periculo
911 4002 1015 4062 facere
1033 4001 1251 4078 sanciverunt,

123 4079 250 4142 Iudices
264 4105 331 4144 esse
348 4083 557 4144 decernentes
566 4084 742 4168 Ep-isccpos
758 4095 844 4144 reete
860 4083 1015 4164 sapientes
1035 4080 1252 4143 inEcclesiam

123 4164 375 4240 couvenientes,
406 4165 462 4224 ubi
493 4175 595 4231 testes
613 4171 719 4230 essent
754 4164 1040 4250 singulorum'qui
1063 4162 1253 4230 dicebantur

123 4244 284 4327 oppressi.
322 4248 363 4311 Et
386 4247 523 4332 reliqua.
