2910 4986
552 321 667 380 troes
701 317 865 382 tamtus·
1190 311 1262 386 451

1185 427 1188 450 l

131 467 187 544 41.
205 461 253 528 De
262 463 364 548 salsis
385 462 522 531 testibus.
721 463 772 526 6².
794 465 844 526 De
862 489 941 553 paee
956 468 1042 550 infra
1057 470 1205 556 patriam.

135 551 183 626 42.
203 549 251 610 De
270 553 335 609 non
350 547 484 610 iurando
495 566 556 632 per
579 549 673 610 vitam
720 547 772 608 65.
794 549 843 608 De
881 553 1056 614 iunioribus
1086 555 1119 614 iu
1145 555 1263 638 populo

213 631 318 711 Regis.
773 669 775 676 ‹
803 631 930 714 vialgari
942 634 1182 716 distinguendis.

130 716 179 792 45.
202 714 254 774 De
268 736 304 774 eo
321 714 377 795 qui
389 734 448 796 per
466 710 605 772 chartam
621 713 672 771 in·
720 711 771 788 64.
793 716 842 774 De
868 721 924 777 boe
953 720 982 776 si
1005 739 1099 802 super
1129 720 1263 779 Missum

210 818 329 877 genuus
345 809 409 866 est,
443 797 471 854 si
482 792 527 854 ad
541 795 670 853 serviti·
805 797 995 860 dominicum
1032 823 1101 862 cum
1131 802 1264 863 collecta

212 901 265 938 um
283 879 498 960 interpellatus
509 874 623 955 fuerit.
805 891 836 937 et
852 885 948 940 armis
962 883 1030 963 quis
1048 886 1180 948 venerit.

129 964 179 1039 bb.
201 959 673 1046 Deservoquidamnumquod-
720 958 770 1025 65.
792 961 840 1022 De
860 985 895 1023 eo
916 965 970 1042 qui
982 964 1109 1029 domum
1127 966 1263 1026 alienam

155 1071 158 1074 ·
212 1043 288 1105 libet
302 1056 474 1127 perpetrat.
804 1047 967 1106 cuiuslibet
988 1047 1162 1128 infregerit.

129 1130 179 1206 45.
201 1126 251 1186 De
278 1129 469 1186 mannitione
501 1123 671 1184 seeundum
719 1126 769 1193 66.
794 1128 842 1186 De
857 1129 1005 1188 messibus
1019 1132 1066 1190 vel
1079 1132 1212 1191 annonis
1227 1131 1262 1192 in

212 1209 311 1288 legem
333 1207 376 1268 ad
388 1207 525 1268 mollum.
801 1211 888 1270 boste
908 1213 1007 1292 raptis
1025 1212 1073 1272 ael
1076 1211 1206 1291 furatis.

127 1295 177 1370 46,
199 1291 249 1350 De
268 1306 374 1352 actore
391 1290 447 1352 rei.
718 1290 767 1372 67.
790 1292 839 1350 De
849 1294 947 1353 libero
960 1295 1082 1356 bomine
1098 1297 1131 1354 in
1140 1295 1261 1356 bostem

127 1378 177 1460 47.
198 1374 248 1433 De
272 1373 447 1434 bominibus
470 1370 515 1432 ad
541 1382 671 1430 mortem
802 1373 940 1439 bannito.

211 1453 409 1526 diiudicatis,
441 1468 471 1514 et
490 1466 602 1537 postea
625 1454 670 1512 eis
717 1455 766 1519 68.
786 1455 834 1514 De
844 1457 1014 1518 lieribanno
1030 1458 1217 1522 exactando.

208 1539 279 1598 uita
299 1559 455 1614 concessa,
474 1538 503 1595 si
518 1535 670 1596 iustitiam
716 1538 766 1622 69.
788 1538 837 1596 De
854 1541 902 1597 bis
916 1540 971 1619 qui
997 1539 1117 1617 regales
1145 1544 1259 1604 babent

211 1621 412 1696 quaesierint.
800 1621 962 1692 bonores,
999 1635 1028 1682 et
1060 1622 1094 1678 in
1140 1622 1259 1685 bostem

126 1697 177 1772 48.
198 1702 246 1762 De
265 1705 390 1763 bomine
419 1705 471 1762 eui
489 1709 562 1782 post
582 1696 669 1756 iudi-
797 1701 918 1762 banniti
936 1703 980 1763 ad
994 1700 1173 1766 condictum
1183 1709 1258 1790 pla-

209 1786 289 1844 cium
310 1788 379 1844 vita
397 1802 541 1845 concessa
563 1791 620 1851 est,
641 1781 670 1839 si
698 1787 700 1794 ’
799 1785 895 1844 eitum
913 1787 1143 1851 nonuenerint.

208 1865 359 1926 iustitiam
374 1867 507 1926 reddere
521 1863 667 1926 noluerit.
716 1886 765 1948 7⁰·
786 1865 836 1924 De
859 1869 907 1926 bis
922 1871 1054 1949 quisine
1074 1868 1202 1929 lieentia
1216 1867 1256 1930 de

122 1947 174 2028 49.
197 1947 246 2007 De
278 1950 400 2010 latrone
427 1945 616 2030 forbannito
648 1944 667 2002 b
797 1949 884 2007 boste
900 1961 1108 2011 reuertuntur.

205 2029 305 2092 libero
323 2034 446 2092 bomine
462 2041 613 2108 suscepto.
715 2052 763 2111 71.
785 2028 833 2089 De
858 2032 905 2089 bis
926 2036 980 2116 qui
995 2031 1148 2114 beneficia
1159 2037 1256 2094 Prin-

121 2109 171 2172 50.
195 2113 244 2172 De
256 2112 375 2175 Comite
386 2116 539 2176 latronem
555 2109 678 2191 t'nsor·-
795 2111 897 2195 cipum
917 2117 1040 2180 babent.

204 2195 340 2254 bannum
359 2200 508 2257 mittente.
714 2217 762 2278 72.
785 2193 834 2253 De
852 2217 914 2255 non
932 2197 1070 2277 cogendo
1099 2199 1204 2261 bibere
1220 2201 1255 2261 in

121 2273 172 2338 51.
194 2277 243 2336 De
277 2279 384 2339 liberis
411 2277 588 2341 bominibus
610 2276 666 2360 qzti
798 2277 895 2337 boste.

198 2358 250 2418 'ad
259 2361 388 2420 mallum
405 2363 514 2422 uenire
532 2360 665 2437 cogendi
713 2361 762 2442 73.
782 2359 830 2418 De
844 2363 945 2420 bassis
962 2360 1065 2440 adbuc
1088 2367 1120 2422 in
1132 2366 1252 2446 palatio

204 2456 286 2506 sunt.
795 2443 1017 2515 servientibus,
1040 2457 1185 2505 ettamen
1204 2448 1254 2506 bs·

120 2519 170 2584 52.
193 2525 243 2584 De
267 2526 395 2586 testibus
420 2525 465 2586 ad
488 2523 662 2588 testimoni·
795 2521 910 2605 nefieia
926 2527 1118 2587 habentibus.

203 2629 255 2665 um
269 2607 447 2684 dicendum.
458 2608 594 2693 qualiter
608 2606 663 2668 ad·
712 2605 759 2690 74.
781 2606 830 2664 De
834 2609 1074 2688 praeparatione
1083 2608 1127 2668 ad
1133 2610 1252 2670 bostem

202 2689 376 2756 hibebatur,
793 2688 963 2746 secundum
995 2692 1155 2772 antiquam
1179 2703 1252 2752 'eon-

120 2770 170 2834 55.
193 2771 243 2830 De
259 2773 380 2832 iustitia
391 2773 555 2833 cuiuslibet
567 2772 586 2832 it
596 2773 664 2839 nul-
794 2769 998 2830 suetudinem.

204 2853 235 2912 lo
252 2855 390 2937 quolibet
406 2853 578 2914 dilatanda.
711 2856 761 2940 75,
782 2852 831 2910 De
849 2853 906 2912 boc
924 2865 1036 2914 utnon
1050 2853 1114 2913 nisi
1119 2857 1251 2936 permis·
1327 2879 1330 2887 “

120 2937 171 3015 54·
194 2933 242 2994 De
268 2959 329 2996 non
354 2929 492 3018 cogendo
520 2935 565 2997 ad
580 2935 683 3021 pon?
792 2934 879 2992 sione
914 2937 1014 3016 regali
1054 2937 1166 2996 brunia
1197 2938 1271 2997 vel·

202 3031 263 3076 tem
276 3022 323 3078 ire
340 3042 434 3080 causa
457 3020 579 3085 telonei,
791 3015 916 3094 gladius
952 3020 1073 3079 bomini
1094 3031 1247 3080 'extraneo

121 3099 170 3165 55.
193 3101 243 3161 De
260 3104 319 3162 boe
337 3106 365 3161 si
382 3103 551 3179 Presbyter
570 3123 661 3163 sane·
703 3112 707 3118 '
791 3099 967 3176 bquolibet
986 3100 1080 3161 detur
1100 3113 1156 3161 aut
1174 3123 1249 3162 uer.-

202 3195 267 3243 tum
292 3187 429 3244 chrisma
464 3184 589 3245 dederit
618 3183 663 3245 ad
790 3178 894 3245 datur.

203 3265 355 3330 iudicium
375 3267 628 3328 subvertendum.
708 3255 756 3337 76·
778 3261 827 3321 De
845 3284 1008 3326 causarum
1022 3277 1052 3326 et
1070 3265 1171 3326 litium
1185 3279 1247 3327 ter·

122 3347 169 3412 56.
193 3349 242 3408 De
274 3349 448 3427 Iudieibus,
474 3349 659 3426 Advocato,
790 3341 893 3405 minis.

203 3433 434 3512 Praepositis.
460 3444 491 3490 et
529 3433 658 3514 reliquis
707 3445 755 3506 77·
777 3427 826 3486 De
856 3429 1033 3513 Episcopis,
1062 3430 1243 3508 comitibus,

202 3513 373 3584 Ministris‚
395 3514 502 3595 quales
521 3516 593 3574 sint.
788 3515 1065 3592 etpotentioribus,
1077 3515 1105 3572 si
1119 3509 1245 3574 causam

121 3597 167 3678 57.
190 3594 240 3654 De
255 3595 350 3653 nzollo
369 3596 506 3680 publico,
789 3595 872 3652 inter
886 3617 917 3652 se
936 3596 1108 3656 habuerint.

119 3681 167 3744 58.
188 3678 238 3736 De
259 3680 460 3736 sacramentis
480 3675 524 3737 ad
547 3677 660 3761 palati·
707 3672 755 3754 78.
776 3676 825 3734 De
846 3679 975 3738 testibus
995 3678 1039 3736 ad
1056 3700 1122 3738 rem
1138 3698 1244 3760 quarn-
1331 3712 1348 3722 —

201 3757 464 3824 umacllzramitis,
788 3757 864 3818 libet
874 3758 1100 3820 discutiendam
1110 3758 1243 3838 eligend.
1302 3813 1307 3822 .

118 3846 165 3929 59.
188 3842 238 3900 De
261 3841 482 3924 impedimento
506 3843 659 3904 clamato*
705 3860 754 3922 79·
776 3840 824 3898 De
835 3842 953 3923 placito
973 3841 1160 3909 Centenarii.

198 3945 277 3987 rum.
391 3969 393 3974 ,
593 3923 596 3936 '
705 3923 756 3985 80.
777 3923 826 3981 De
840 3925 1042 4004 inquisitione
1059 3936 1089 3983 et
1105 3923 1244 4006 descrip-

119 4010 167 4072 60·
189 4006 238 4065 De
237 4004 659 4090 fugitiuiseontrapraeeep-
789 4007 872 4064 tione
893 4007 1132 4087 uniuscuiusque
1149 4007 1244 4065 Missi

200 4100 265 4146 tum
277 4088 468 4147 dominicum
484 4090 658 4150 occultatis.
705 4119 707 4124 ·
786 4087 821 4144 in
844 4109 899 4148 suo
922 4088 1090 4147 missatico.

118 4172 166 4242 61.
187 4168 236 4232 De
251 4171 381 4230 nimium
408 4171 593 4256 blasphemis
612 4172 659 4232 la'·
671 4205 679 4218 ··
702 4168 754 4236 81.
775 4169 825 4231 De
842 4161 1012 4254 beneflciis,
1025 4169 1160 4253 qualiter
1172 4183 1246 4230 con-

200 4254 350 4320 tronibus.
398 4297 401 4306 .
579 4309 594 4324 ,,
735 4277 737 4280 ·
787 4249 979 4312 drietasint.
1228 4273 1238 4300 w
