2926 4986
201 305 275 384 m
643 296 934 410 cammanuu

223 457 376 524 racbeant
397 445 636 525 obedientiam,
666 464 771 526 neque
795 433 873 502 ullo*
893 433 1063 499 iactantiae
1085 429 1193 495 studio
1217 437 1341 492 semet-

202 565 289 629 ipsos
310 537 469 600 attollant.
510 534 676 594 Postremo
693 527 726 588 in
739 524 897 598 doctrina,
919 521 952 580 in
973 516 1188 592 lectionibus,
1196 513 1342 594 psalmis,

200 627 347 712 hymnis,
378 615 511 679 canticis
536 611 749 696 spiritalibus,
772 603 929 668 exercitio
956 602 1024 683 iugi
1050 597 1169 660 divinis
1198 595 1343 657 cultibus

201 731 271 774 sese
297 698 527 781 mancipandos
548 694 718 764 studeant3
742 690 869 751 scilicet
885 696 921 746 ut
940 685 1018 745 dnm
1034 679 1189 744 scientiae
1201 695 1345 760 ‚operam

203 793 291 867 daut,
314 783 480 848 doctrinae
502 777 635 862 gratiam
657 773 785 858 populis
807 767 1041 831 administrent.

202 898 252 959 De
262 889 406 973 neganda
421 895 636 947 accusatorum
652 879 782 940 licentia
799 871 992 938 criminandi
1001 871 1188 954 priusquam
1204 889 1238 928 se
1255 868 1344 953 ipsos

419 965 623 1053 purgaverint
637 962 676 1022 de
694 963 741 1021 uis
761 980 839 1043 quae
861 959 907 1017 eis
930 956 1120 1016 obiciuntur.

285 1069 495 1144 CCCCLlll.
544 1068 697 1152 Neganda
727 1075 774 1128 est
804 1059 956 1124 accusatis
984 1057 1118 1120 licentia
1144 1053 1345 1119 criminandi

200 1164 390 1256 priusquam
416 1177 450 1218 se
479 1152 615 1214 crimine
640 1172 705 1234 quo
729 1154 923 1232 premuntur
941 1140 1100 1204 exuerint.

313 1268 363 1328 De
384 1260 483 1344 salsis
512 1258 642 1320 testibus
668 1269 699 1315 et
714 1252 873 1337 periuris,
895 1247 975 1330 quid
994 1245 1151 1326 agendum
1173 1246 1224 1312 sit.

286 1363 493 1436 CCCCLlV.
535 1363 570 1424 Si
590 1363 664 1445 quis
687 1357 856 1423 convictus
880 1354 981 1415 fuerit
1002 1352 1130 1434 aliquos
1155 1353 1196 1414 ad
1223 1349 1344 1412 falsum

201 1453 421 1550 testimonium
439 1449 491 1511 vel
513 1445 697 1590 periurium¹
718 1439 918 1534 adtraxisse,
945 1445 1002 1497 ant
1025 1456 1084 1516 per
1110 1455 1343 1528 quamcunque

203 1545 446 1629 corruptionem
468 1531 668 1604 solicitasse,
688 1545 756 1607 ipse
777 1521 911 1606 quidem
931 1539 1034 1601 usque
1058 1517 1098 1578 ad
1120 1529 1246 1580 exitum
1275 1536 1342 1578 non

205 1624 435 1691 communicet.

461 1719 511 1781 De
537 1714 688 1802 qualitate
709 1709 842 1789 uirginis
871 1703 905 1768 in
925 1707 1081 1788 coniugio.

288 1823 477 1892 ccchV.
519 1817 755 1883 sciscitandum
780 1824 827 1876 est
845 1813 871 1876 si
900 1813 971 1876 vult
989 1822 1082 1894 pater
1101 1810 1246 1895 virginis,
1265 1809 1345 1908 quie

204 1921 300 1999 eaput
320 1907 466 1972 mulieris
490 1904 553 1970 vir.
594 1897 804 1984 Requirenda
831 1905 879 1957 est
902 1896 920 1955 l
946 1903 1035 1977 patre
1061 1895 1212 1957 voluntas
1239 1895 1346 1978 virgi-

205 2018 295 2073 num,
323 1994 402 2054 dum
424 1991 513 2050 Deus
534 1985 700 2066 relinquat
720 1979 886 2042 bominem
906 1977 941 2037 in
967 1976 1114 2038 manibus
1131 1977 1262 2039 consilii
1282 1976 1344 2038 sui.

252 2099 292 2162 Ut
313 2094 429 2161 Clerici
447 2092 503 2153 uel
526 2089 618 2151 Laici
636 2091 670 2148 in
691 2087 795 2148 alieno
820 2082 965 2146 Ecclesia
988 2103 1052 2144 non
1071 2085 1300 2145 communicent

548 2174 615 2230 sine
640 2171 754 2230 litteris
771 2167 924 2250 Episcopi
944 2167 1002 2226 sui.

290 2278 498 2350 CCCCLVI.
540 2277 700 2338 statutum
729 2282 776 2333 est
807 2281 844 2331 ut
867 2268 1088 2351 unnsquisque
1117 2267 1264 2330 Clericus
1290 2268 1348 2330 vel

205 2371 323 2468 Laicus
343 2386 416 2465 ,non
442 2359 660 2428 communicet
691 2355 724 2415 in
756 2355 862 2415 aliena
884 2353 980 2436 plebe
1006 2352 1076 2413 sine
1102 2352 1221 2414 litteris
1248 2351 1349 2435 Epis·

207 2476 281 2536 copi
301 2473 362 2513 sur.

234 2561 275 2624 Ut
296 2556 388 2619 Laici
409 2560 638 2633 contemptores
662 2535 822 2604 Canonum
843 2536 1175 2614 excommunicentur,
1206 2538 1325 2600 Clerici

574 2648 646 2690 vero
668 2628 785 2686 bonore
805 2625 990 2708 priventur..
1115 2639 1118 2644 ·

294 2736 508 2808 CCCCLVll.
551 2723 591 2796 si'
606 2731 678 2814 quis
693 2739 809 2789 statuta
831 2747 1057 2808 supergressus
1083 2726 1269 2810 corruperit
1294 2728 1351 2790 vel

212 2853 272 2916 pro
292 2826 398 2889 nihilo
421 2817 570 2882 habenda
593 2812 775 2896 putaverit,
799 2811 824 2870 si
848 2809 961 2869 Laicns
981 2818 1040 2888 cst,
1063 2810 1302 2888 communione,
1323 2808 1352 2870 si

214 2903 377 2985 Clericus,¹
393 2907 519 2967 bonore
542 2896 696 2980 privetur.
742 2891 799 2958 VI.
821 2893 892 2952 505.

230 2994 235 3080 J
261 3018 302 3082 Ut
320 3015 377 3100 qui
398 3009 554 3072 clericum
573 3001 710 3063 alienum
730 2995 905 3095 defendere
926 2995 1059 3076 nititur,
1087 3001 1305 3062 communione

707 3093 860 3166 privetur.

232 3229 234 3234 ·
300 3195 529 3266 CCCCLVHI.
573 3187 607 3252 si
637 3188 722 3248 forte
745 3185 863 3268 aliquis
886 3183 1087 3246 clericorum
1115 3185 1263 3269 regulam
1288 3181 1358 3248 dis-

119 3321 121 3324 ·
217 3289 360 3372 eiplinae
384 3273 619 3344 ecclesiasticae
643 3267 884 3348 subterfugiens
908 3267 1009 3328 suerit
1027 3275 1188 3351 evagatus,
1210 3269 1359 3350 quicun-

217 3393 281 3456 qne
304 3389 379 3430 eum
402 3356 598 3442 susceperit,
627 3362 659 3414 et
682 3351 775 3410 illum
802 3348 952 3412 Pontifici
980 3371 1039 3411 suo
1071 3371 1136 3410 non
1166 3352 1360 3412 reconcilia.

218 3455 314 3528 verit,
337 3448 394 3509 sed
421 3441 521 3524 magis
537 3439 708 3502 defensare
729 3432 998 3516 praesumpserit,
1020 3432 1185 3494 Ecclesiae
1210 3454 1360 3497 commu-

221 3537 321 3598 nione
344 3529 497 3614 privetur.

221 3645 269 3706 Dc
288 3632 538 3699 accusationibus
558 3627 591 3684 in
618 3621 811 3682 Clericorum
836 3622 938 3680 cerasis
962 3642 1025 3682 non
1050 3619 1261 3705 suscipiendis
1279 3641 1359 3704 quae

222 3722 340 3786 caecidi
366 3715 500 3795 Legibus
523 3706 739 3794 probibentur.
785 3701 835 3780 Et
851 3701 890 3762 de
914 3704 1045 3764 Clericis
1062 3704 1230 3780 damnatis,
1254 3704 1276 3763 ὰ
1301 3725 1360 3764 ηρ.

233 3805 234 3810 ¹
627 3787 709 3844 mine
730 3781 953 3864 defendendis.
1187 3787 1189 3794 ’

228 3979 232 3986 ,
290 3901 507 3971 ἘΟΟΟΙᾸΧ
550 3897 711 3956 Statutum
736 3899 842 3950 estut
870 3886 984 3950 nullae
1005 3889 1227 3951 accusationes
1254 3889 1274 3952 is
1303 3891 1364 3952 Iu.

225 3994 351 4060 dicibns
373 3986 545 4050 audiantur
565 3972 788 4038 ecclesiasticis
810 3993 892 4054 qnae
913 3973 1037 4054 legibus
1058 3973 1160 4034 seculi
1179 3973 1363 4054 prohibes.

224 4089 287 4141 tur.
329 4075 370 4132 'Et
395 4079 431 4138 ut
452 4067 478 4126 si
501 4061 578 4142 quis¹
596 4055 771 4124 cuiuslibet
790 4055 924 4116 honoris
948 4056 1093 4116 Clericus
1118 4055 1240 4116 iudicio
1264 4059 1366 4140 Epis-

225 4176 382 4239 copornm
399 4163 595 4232 quocunque
620 4137 755 4201 crimine
774 4137 874 4196 fuerit
894 4137 1071 4214 damnatus,
1092 4160 1156 4198 non
1174 4137 1276 4200 liceat
1290 4162 1368 4200 eum

226 4242 295 4304 sive
326 4237 365 4296 ab
389 4224 545 4302 Ecclesiis
568 4221 686 4308 quibus
712 4219 873 4303 praefuit,
907 4219 976 4284 sire
1004 4221 1021 4282 ia
1046 4219 1193 4304 quolibet
1227 4220 1369 4287 humine
