2926 4986
232 311 307 390 740
642 327 942 390 csenuaanun
983 325 988 357 1

229 481 338 549 tatem,
353 467 659 533 substantiemsunm
671 478 726 532 aut
740 477 858 534 statam
874 467 1082 553 ingenuitatis
1097 437 1275 552 perdidisse
1290 487 1365 529 nos·

231 561 366 624 cantum
387 559 444 613 aut
460 551 486 613 si
502 553 559 636 qai
576 575 635 636 pro
657 553 844 616 necessitate
864 555 980 634 longae
1001 550 1272 636 peregrinationis
1303 549 1362 610 ab·

229 634 438 782 seffitptpupel
452 636 660 698 restauranda
673 655 711 699 ea
726 657 808 720 qaae
824 635 859 699 in
875 633 1000 704 damnis
1011 634 1174 700 minorum
1193 641 1280 716 gesta
1293 650 1363 696 esse

229 739 271 805 1³²
410 757 419 778 ⁰

231 825 283 891 De
304 823 452 908 hisquae
473 820 587 884 iniuste
607 821 711 885 ιὺὶιιι
731 835 822 921 sunt,
844 836 879 884 ut
898 823 977 886 iuste
994 821 1127 904 chidus
1156 819 1191 884 in
1210 817 1364 900 integrum

687 918 900 966 restituantur.

318 1005 561 1074 ccnxXth.
603 1007 760 1086 Quotiens
782 1010 821 1072 de
846 1011 1025 1074 revocanda
1042 1031 1079 1072 rc
1096 1008 1149 1072 vel
1170 1029 1264 1071 cansa
1283 1007 1366 1069 inte·

233 1113 312 1177 gree
328 1089 539 1152 restitutionis
553 1091 746 1152 heneficium
766 1091 897 1177 petitur,
918 1103 972 1153 aut
987 1092 1020 1152 in
1038 1113 1107 1154 rem
1129 1101 1184 1152 aut
1200 1092 1233 1150 in
1253 1111 1368 1172 perso-

232 1196 307 1236 nam
324 1174 483 1256 egendum
502 1181 559 1250 est,
582 1180 683 1235 utres
701 1174 766 1256 ipsa
789 1195 871 1258 quae
886 1175 1009 1236 sublata
1033 1184 1090 1251 est,
1111 1173 1297 1255 recipiatur.
1323 1173 1367 1232 Et

231 1279 306 1320 cum
331 1257 519 1340 in‘persona
533 1254 615 1316 actio
631 1256 774 1339 coeperit
788 1257 927 1335 intendi,
945 1257 972 1320 is
994 1258 1051 1338 qai
1067 1277 1137 1319 rem
1155 1255 1299 1316 indebite
1312 1253 1365 1312 ab·

233 1339 362 1402 stalisse
385 1335 601 1412 convincitur,
624 1337 659 1398 id
684 1340 772 1420 qnod
791 1339 951 1400 sublatum
976 1349 1026 1401 est
1054 1339 1139 1399 intra
1170 1357 1302 1413 annam,
1328 1336 1363 1395 in

230 1419 451 1568 {aadruplam
471 1420 643 1493 reformate
664 1430 735 1503 post
754 1441 877 1483 annum
897 1419 987 1502 vero,
1010 1421 1045 1482 in
1061 1419 1200 1504 duplum
1219 1419 1365 1482 redden·

259 1523 316 1564 nm
338 1510 394 1562 est.

200 1669 203 1673 ,
302 1607 348 1672 Ut
366 1605 581 1674 Ecclesiarrem
600 1603 655 1668 uei
675 1605 867 1670 Clericorum
887 1629 997 1676 seruos
1017 1608 1038 1671 ὰ
1059 1605 1223 1670 lodicibus
1243 1628 1307 1670 ιιοιι

683 1689 778 1752 liceat
796 1693 922 1753 uexari.

315 1768 443 1838 CCXC.
483 1769 701 1832 Ecclesiarmn
714 1794 822 1836 servos
838 1783 870 1834 et
884 1773 1119 1870 Episcoporam
1139 1770 1190 1834 vel
1217 1768 1363 1832 omnium

231 1851 434 1921 Clericoram
448 1851 642 1915 d'ludicibus
661 1854 715 1918 vel
727 1855 899 1917 dctoribus
924 1855 1064 1938 publicis
1079 1855 1112 1916 in
1138 1854 1276 1918 diversis
1298 1873 1364 1914 au-

230 1934 327 2022 gariis
345 1956 412 1996 non
431 1933 559 2017 fatigari
576 1935 686 1997 divina
707 1937 920 2020 praecipimus
933 1937 1134 2000 auctoritate.
1156 1936 1249 1998 Unde
1267 1955 1363 1996 omne

235 2015 458 2082 Conciliumd
480 2017 598 2098 pietate
625 2017 843 2099 gloriosissimi
871 2019 1003 2082 Domini
1030 2018 1131 2082 nostri
1155 2016 1301 2102 poposcit
1325 2025 1365 2076 ut

232 2101 313 2165 tales
327 2096 481 2182 deinceps
502 2119 596 2159 ausus
615 2099 770 2178 inhibeat,
785 2102 841 2164 sed
860 2101 944 2164 servi
957 2101 1245 2186 suprascriptorum
1260 2099 1365 2162 affici-

235 2201 329 2246 oram
341 2177 375 2239 iu
391 2201 503 2242 eorum
519 2180 627 2241 auibus
644 2181 697 2243 vel
713 2183 876 2246 Ecclesiae
890 2184 1047 2244 laborent.
1089 2183 1122 2244 Si
1139 2182 1212 2264 qais
1225 2182 1364 2244 vesola·
1387 2205 1389 2210 ·

236 2263 346 2329 dicum
362 2271 417 2324 aut
429 2263 583 2325 Actorum
602 2262 766 2324 Clericum
785 2275 840 2326 eat
856 2288 984 2328 servam
1001 2264 1121 2328 Clerici
1134 2267 1187 2327 vel
1197 2263 1362 2326 Ecclesiae

235 2344 272 2409 in
292 2342 482 2429 publicisne
504 2327 638 2427 privatis
655 2345 791 2427 negotiis
814 2368 971 2431 occupare
995 2347 1146 2424 noluerit,
1178 2347 1195 2406 i
1219 2367 1366 2408 commu-

236 2426 336 2492 nione
354 2425 579 2506 ecclesiastica,
602 2426 657 2488 cui
672 2425 936 2510 impedimentum
963 2429 1051 2510 facit,
1082 2427 1237 2490 efficiatur
1256 2435 1368 2489 extra-

239 2531 330 2576 ηοω.
373 2509 508 2594 capitul.
527 2533 557 2570 ιι.
573 2509 644 2592 744„
664 2527 690 2570 c.
706 2531 735 2591 7.

284 2615 328 2702 Ut
347 2614 389 2678 de
408 2614 591 2677 criminibus
611 2611 754 2700 definitis
778 2634 841 2678 non
870 2613 964 2679 liceat
980 2589 1183 2706 posmodum
1202 2585 1324 2677 movere
1366 2601 1368 2606 ⁵

322 2777 469 2846 CCXCI.
509 2779 559 2842 De
578 2777 629 2841 his
643 2711 892 2841 crimiriiliiiiliii
906 2780 1024 2864 quibas
1044 2737 1118 2864 quis¹
1130 2743 1293 2844 absolutas
1305 2784 1369 2855 est,

241 2863 283 2928 ab
302 2883 342 2927 eo
358 2861 417 2946 qui
426 2861 588 2924 accusavit
597 2860 742 2924 refricari
754 2862 913 2924 accusatio
926 2882 992 2924 non
1006 2872 1121 2946 potest.
1142 2863 1286 2948 Suprac.
1300 2861 1369 2926 163.

247 2969 290 3037 Ut
311 2968 401 3032 detes
421 2965 635 3038 Ecclesiarum
664 2968 759 3028 simul
786 2989 857 3030 cum
887 2969 965 3052 ipsis
998 2969 1149 3030 Ecclesiis
1177 2986 1299 3052 semper
1326 2965 1375 3027 ad

419 3051 546 3134 proprii
560 3047 717 3133 'Episcopi
734 3051 915 3135 pertineant
935 3051 1185 3138 dispositionem.

327 3151 490 3219 ccxctl.
541 3152 647 3231 Multi,
678 3163 790 3215 contm
817 3157 985 3217 Canonum
1008 3155 1191 3232 constituta,
1210 3154 1375 3218 Ecclesiae

243 3259 323 3326 qaas
339 3233 579 3299 aedificaverint
597 3235 761 3317 postulant
787 3238 976 3316 consecrari,
1002 3238 1046 3299 ita
1075 3247 1112 3312 ut
1142 3237 1249 3300 dotem
1275 3259 1376 3319 qaam

245 3322 352 3386 eidem
366 3317 531 3412 Ecclesiae
548 3317 757 3395 contulerint,
778 3339 843 3378 non
871 3329 1023 3416 censeant
1048 3319 1088 3382 ad
1107 3319 1260 3416 Episcopi
1283 3320 1375 3416 ordi-

223 3401 410 3467 'nationem
426 3408 602 3484 pertenere.
644 3400 741 3478 Quod
759 3400 877 3462 facturn
897 3411 930 3462 et
953 3424 986 3462 ru
1007 3411 1181 3485 praeterito
1211 3403 1374 3483 displicet,

247 3495 281 3549 et
297 3484 332 3544 in
354 3483 464 3544 fatuae
479 3479 677 3564 prohibetur.
698 3481 763 3543 Sed
780 3482 898 3560 omnia,
914 3485 1092 3548 secandam
1110 3483 1377 3546 constitutionem

246 3566 423 3648 nunquam,
442 3563 483 3626 ad
495 3563 651 3650 Episcopi
672 3561 909 3626 ordinationem
924 3576 956 3628 et
974 3575 1164 3650 potestatem
1179 3565 1377 3650 pertineant.

254 3672 298 3738 Ut
316 3669 470 3758 Episcopi
489 3686 611 3752 semper
627 3667 838 3753 praevideant
857 3671 993 3750 qualiter
1017 3669 1143 3754 Iudices
1158 3683 1245 3750 [tcum
1272 3676 1378 3734 omni-

563 3762 567 3796 ?
583 3751 721 3812 bats-sibi
741 3753 912 3812 commissis
933 3765 1036 3832 agant.
1160 3751 1165 3762 i

247 3877 250 3888 -
322 3831 514 3900 CCXCIH.
555 3833 693 3913 Oportet
707 3841 744 3893 ut
761 3833 825 3904 sint
838 3832 988 3917 Episcopi
1006 3856 1131 3918 semper
1144 3847 1378 3919 perspectores,

250 3919 429 3986 secundam
450 3913 555 3997 (Regis
576 3920 616 3992 m)
632 3913 895 3994 admonitionem,
916 3916 1055 3998 qualiter
1069 3918 1194 3980 Iudices
1216 3940 1293 3980 cum
1317 3943 1379 4002 po-

245 4001 338 4088 pulis
363 4007 469 4082 agant,
492 4006 524 4058 et
544 4005 599 4056 eat
617 3997 701 4078 ipsos
722 3998 935 4080 praemonitos
957 4000 1131 4082 corrigant,
1155 4010 1211 4062 aut
1230 3999 1380 4064 insolen-

235 4085 445 4176 tias-eorum
461 4077 602 4158 (auribus
613 4081 648 4170 p)
661 4076 851 4164 Principum
874 4079 1096 4166 innotescant.-
1115 4081 1226 4168 anod
1251 4081 1279 4145 si
1304 4105 1382 4146 cor-

286 4259 328 4324 at)
341 4253 380 4310 al.
396 4269 458 4308 ιιιιι.
474 4249 622 4323 Μείιιιίι
648 4250 743 4324 magis.
850 4257 884 4318 n)
904 4251 942 4313 al.
958 4265 1019 4309 mss.
1037 4250 1195 4322 cadmina·
1226 4247 1384 4309 iudicibus.
