2910 4986
530 344 644 399 menn
674 341 846 427 rentum.
1163 319 1240 390 465

107 487 159 546 De
180 482 368 569 Episcopis,
402 484 652 628 Contr'tt‘brts,letb
668 483 905 546 I'otrntioribus
923 487 951 544 si
965 500 1089 542 rastrum
1110 481 1239 540 intense

603 591 633 626 aa
655 571 768 628 uerius.

190 671 354 734 LXXVII.
396 671 439 732 Ut
453 671 625 754 Episcopi,
646 662 795 752 Abbates‚
818 667 971 748 Comites,
991 677 1024 730 ot
1038 668 1240 732 Potentiores

108 756 252 840 quique,
274 753 301 814 si
313 769 437 814 causam
456 749 543 816 inter
567 773 599 816 se
620 754 808 833 habuerint,
831 777 868 816 nc
887 773 921 815 se
942 751 1110 836 pacificare
1130 753 1242 812 nolue-
1292 811 1295 818 ,

110 840 178 900 rint
190 884 201 916 ,
224 836 262 896 ad
286 847 425 898 nostram
446 837 620 898 iubeantur
640 837 752 898 venire
773 833 1006 920 praesentiam
1030 855 1136 915 neque
1165 833 1242 895 illo-

110 943 183 982 rum
202 918 367 980 contentio
384 918 483 979 aliubi
499 919 713 997 diiudicetur,
736 943 776 982 ne
793 930 926 1004 propter
943 916 1004 977 hoc
1019 937 1197 998 pauperum
1212 924 1245 976 et

112 1004 219 1063 minus
233 1002 414 1084 potentium
428 1002 569 1064 iustitiae
585 1011 779 1063 remaneant.
820 1003 933 1082 Neque
955 1001 1042 1059 ullus
1055 1001 1170 1059 Comes
1189 1019 1243 1080 pe·⁴

112 1085 180 1145 latii
198 1083 299 1145 nostri
318 1084 538 1165 potentiorum
548 1107 655 1146 causas
671 1083 739 1144 sine
756 1095 860 1145 nostre
882 1083 1021 1162 iussione
1039 1079 1132 1140 finire
1147 1101 1243 1162 prae-

113 1178 239 1240 sumat,
265 1167 321 1228 sed
337 1176 462 1226 tantum
482 1167 520 1227 ad
536 1187 712 1250 pauperum
731 1177 763 1227 et
782 1166 888 1226 minus
906 1164 1088 1248 potentium
1105 1161 1243 1224 iustitias

113 1251 278 1310 faciendas
298 1247 359 1310 sibi
386 1249 465 1311 sciet
486 1270 553 1311 esse
578 1249 764 1311 vacandum.
806 1248 890 1310 Itid.
911 1269 937 1314 c.
959 1267 988 1306 2.

195 1356 246 1415 De
269 1353 398 1415 testibus
419 1353 544 1415 adrem
561 1350 731 1438 quamlibet
750 1347 980 1414 discutiendam
998 1347 1161 1432 eligendis.

195 1460 374 1521 LXXVIII.
415 1463 459 1521 Ut
486 1460 747 1542 quandocunque
779 1469 875 1522 testes
903 1459 944 1519 ad
973 1479 1043 1520 reru
1069 1457 1247 1540 quamlibet
1314 1457 1317 1464 ’

114 1537 351 1606 discutiendam
369 1541 547 1623 quaerendi
577 1551 674 1623 utque
700 1543 842 1625 eligendi
863 1549 950 1619 sunt,
976 1541 1111 1602 bMisso
1136 1551 1246 1603 nostro

114 1639 148 1687 et
167 1621 292 1686 Comitle
307 1624 341 1684 in
359 1623 449 1684 ouius
463 1624 641 1688 ministerio
661 1623 701 1686 de
719 1647 754 1686 re
771 1625 990 1706 qualicunque
1008 1621 1169 1704 agendum
1187 1632 1245 1701 est,

114 1710 196 1768 tales
213 1706 377 1787 eligantur
403 1707 515 1788 quales
537 1706 649 1790 optimi
675 1707 709 1767 in
735 1708 908 1790 ipsopago
931 1706 1080 1766 invenire
1103 1713 1248 1786 possunt.

115 1791 162 1850 Et
183 1811 245 1849 non
267 1788 364 1849 liceat
382 1787 595 1870 litigatoribus
615 1809 675 1872 per
692 1790 832 1872 praemla
852 1790 946 1850 falsos
963 1794 1060 1848 testes
1073 1787 1247 1865 adducere,⁸

118 1877 204 1938 siout
222 1871 376 1932 hactenus
398 1870 469 1932 fieri
490 1872 622 1935 solebat.
644 1924 646 1930 ,
666 1865 753 1936 Ibid.
774 1893 800 1931 c.
825 1874 853 1934 5.
957 1873 959 1878 ’

479 1976 527 2038 De
546 1980 665 2063 placito
688 1959 879 2043 Centenarii.

197 2083 341 2144 LXXIX.
383 2083 426 2144 Ut
442 2082 551 2145 nullus
567 2083 663 2146 homo
681 2083 714 2143 in
737 2082 856 2166 placito
872 2081 1058 2145 Centenarii
1082 2099 1190 2165 neque
1209 2081 1250 2144 ed

117 2175 265 2241 mortem,
287 2184 396 2248 neque
419 2164 460 2225 ad
481 2166 661 2228 libertatem
691 2187 778 2228 suam
809 2166 1034 2244 amittendam,
1058 2175 1112 2225 aut
1136 2167 1249 2226 adres
1292 2219 1295 2224 .

118 2247 300 2309 reddendas
319 2249 372 2307 vel
389 2247 557 2330 mancipia,
576 2251 755 2320 iudicetur3
784 2249 841 2310 sed
867 2248 926 2309 ista
942 2250 1044 2309 autin
1067 2247 1249 2330 praesentia

118 2330 255 2392 Comitis
273 2330 324 2389 vel
341 2329 511 2391 Missorum
533 2339 715 2394 nostrorum
736 2331 932 2392 iudicentur.
994 2330 1078 2392 Ibid.
1097 2331 1167 2405 eq.
1261 2379 1265 2384 .

190 2437 240 2496 De
264 2435 465 2518 inquisitione
484 2447 516 2496 et
535 2435 745 2519 descriptione
769 2435 1007 2519 uniuscuiusque
1027 2429 1123 2496 Missi
1145 2433 1178 2494 in

568 2541 623 2580 suo
646 2520 813 2581 missatico.

202 2617 333 2682 LXXX.
374 2622 417 2684 Ut
439 2621 527 2684 Missi
547 2623 647 2685 nostri
664 2623 838 2706 diligenter
856 2621 1025 2704 inquirant
1038 2631 1070 2682 et
1091 2622 1251 2684 describe-

120 2723 157 2766 re
180 2704 302 2766 faciant
324 2705 546 2788 unusquisque
568 2707 602 2766 in
623 2728 679 2767 suo
696 2707 854 2782 missatico
873 2705 952 2787 quid
969 2705 1191 2788 unusquisque
1210 2701 1250 2786 cle

121 2786 426 2933 bgryliqizhabent,
449 2788 501 2848 rel
524 2799 604 2870 quot
630 2788 774 2850 homines
796 2797 915 2850 casatos
936 2787 971 2848 in
990 2786 1060 2869 ipso
1080 2787 1249 2858 beneficio.

121 2875 209 2933 It.
250 2913 258 2929 .
301 2912 309 2930 .

350 2974 400 3036 De
420 2967 595 3059 beneficiis,
620 2974 756 3058 qualiter
774 2974 939 3036 condricta
952 2977 1023 3040 sint.

208 3079 352 3140 LXXXI.
393 3080 563 3158 Quomodo
581 3081 692 3140 eadem
705 3080 860 3142 beneficia
879 3081 1043 3142 condricta
1059 3081 1181 3159 slsint3
1196 3093 1251 3145 aut

125 3160 199 3244 quis
214 3162 253 3222 de
275 3161 433 3230 beneficio
455 3183 513 3222 suo
532 3163 658 3223 alodem
674 3163 869 3244 comparavit
889 3165 941 3224 vel
958 3167 1085 3226 struxit.
1118 3168 1165 3250 Il.
1180 3187 1206 3228 c.
1220 3168 1249 3226 6.

166 3267 217 3326 De
234 3257 396 3350 beneficiis
414 3265 654 3351 Episcopornm‚
672 3267 838 3346 Albulam,
855 3281 883 3327 et
902 3269 1108 3350 reliquorum,
1125 3285 1154 3332 et
1170 3273 1210 3334 de

430 3347 528 3433 fiscis
545 3351 699 3429 regalibus
712 3349 936 3412 describendis.

209 3455 367 3514 LXXXII.
408 3456 452 3515 Ut
472 3475 535 3514 uon
561 3455 665 3514 solum
684 3454 841 3515 beneficia
855 3456 1099 3540 Episcoporum,
1121 3462 1172 3522 rel
1190 3463 1253 3524 Ab·

126 3536 247 3611 batum,
259 3535 502 3613 Abbatissarum,
515 3538 787 3620 atqueComitum,
802 3538 868 3598 sive
883 3559 1045 3601 vassorum
1060 3555 1252 3624 nostrorum,

127 3620 184 3680 sed
206 3619 302 3680 etiam
324 3619 391 3681 fisci
414 3618 513 3680 nostri
533 3618 756 3679 describantur
779 3620 812 3678 in
837 3619 933 3680 breve
942 3647 950 3693 ;
981 3635 1017 3684 ut
1043 3626 1125 3688 scire
1158 3631 1255 3710 possi-

128 3723 198 3761 mus
219 3711 375 3782 quantum
394 3701 489 3760 etiam
506 3699 545 3760 de
568 3710 675 3759 nostro
692 3701 725 3759 in
746 3702 998 3786 uniuscuiusque
1015 3706 1175 3790 legatione
1195 3711 1254 3768 ha-

128 3783 273 3843 beamus.
355 3779 438 3845 ibid.
460 3804 485 3846 c.
508 3799 536 3862 7.

150 3889 206 3966 De¹
222 3887 430 3968 legationibus
453 3890 762 3972 propterinstitias,
785 3912 845 3972 qno
860 3899 998 3976 tempore
1020 3911 1235 3963 exerceantur.

211 3995 386 4062 LXXXIII.
427 3994 585 4066 Volumus
600 4005 638 4056 ut
650 4007 781 4079 propter
793 3998 927 4058 iustitias
937 4022 1018 4081 quae
1037 4023 1139 4082 usque
1162 4007 1256 4065 modo

134 4075 172 4136 de
185 4088 274 4158 parte
293 4077 455 4136 Comitum
472 4089 712 4157 remanserunt,
730 4090 868 4161 quatuor
890 4091 1015 4144 uantum
1037 4086 1198 4146 mensibus
1222 4088 1255 4146 in

135 4217 429 4236 un——u-d—-n—

169 4275 200 4342 e)
215 4275 252 4330 nl.
270 4291 329 4326 mss.
349 4287 513 4330 eameram.

1019 4382 1074 4455 30
