2926 4984
572 325 687 390 rnna
722 335 899 403 eunius.
1212 287 1285 402 sss

162 455 352 552 omnimodis
369 461 546 548 Episcopus
565 467 630 530 loci
658 468 747 535 illius
761 475 858 536 faciat
880 482 1065 559 emendari,
1088 483 1132 544 ita
1148 492 1183 543 ut
1203 504 1285 546 con-

158 539 503 636 drgnamprofessioni
538 571 650 612 corum
682 558 859 618 custodiam
881 561 1022 622 habeant
1042 566 1198 626 Canonici
1229 566 1284 626 rel

155 621 307 683 Monachr
334 635 428 707 atquc
444 631 637 713 Nonnaues,
659 657 700 697 ne
719 638 813 701 detur
834 643 880 704 cis
904 646 1028 708 occasio
1055 646 1287 725 maleficiendi,

154 703 243 782 quod
267 705 359 768 absit.

178 808 220 870 Ut
247 811 402 896 Episcopi
423 820 524 881 sciant
542 825 678 968 qualiter
699 829 851 927 Cononici
875 835 931 914 qui
957 848 1028 896 sunt
1048 807 1116 897 cum
1136 835 1263 896 Abbati·

172 1053 180 1068 ·
237 973 382 1045 CXLIV.
403 981 619 1067 Praecipimus
632 927 917 1078 liit,uiliiidiiisque
933 998 1109 1078 Episcopus
1127 998 1205 1060 sciat
1224 1019 1284 1079 per

154 1058 283 1154 singula
300 1067 490 1126 monasteria
506 1082 641 1150 quantos
664 1077 800 1159 quisquc
827 1080 916 1140 Abba
944 1081 1123 1141 Canoni'oos
1152 1080 1185 1139 in
1211 1101 1283 1138 mo-

156 1149 297 1201 nasterio
312 1165 369 1204 suo
386 1145 508 1215 babeat.
549 1154 591 1214 Et
610 1154 672 1218 boc
689 1159 820 1221 omnino
837 1162 928 1221 ambo
945 1163 1063 1243 pariter
1078 1162 1281 1245 provideant,

154 1230 192 1279 ut
205 1221 231 1282 si
251 1225 401 1321 Monacbi
423 1230 492 1290 fieri
508 1235 685 1317 voluerint,
706 1244 899 1326 regulariter
914 1245 1035 1310 vivant.
1083 1245 1279 1320 sinautem,

154 1321 309 1368 canonice
327 1321 439 1372 vivant
455 1317 596 1380 omnino.

324 1413 365 1474 Ut
391 1419 726 1498 Prcsdyteri'cdrismu
744 1428 911 1511 diligenter
928 1431 1115 1493 custodiens
1212 1417 1216 1427 ,

239 1515 371 1586 CXLV.
412 1525 595 1610 Presbyteri
621 1532 679 1592 sub
710 1533 817 1616 sigillo
841 1537 1022 1600 custodiant
1054 1536 1208 1608 chrisma,
1247 1547 1280 1598 et

153 1598 238 1659 nulli
251 1600 309 1661 sub
325 1613 495 1682 praetextu
515 1613 692 1676 medicinae
713 1618 764 1678 vel
786 1618 934 1680 maleficii
960 1620 1079 1680 donare
1098 1619 1174 1678 inde
1191 1641 1281 1700 prae-

152 1693 290 1748 sumant.
301 1686 395 1762 Quod
406 1688 586 1773 sifeeerint,
596 1695 719 1758 honore
731 1699 911 1780 prirentur.
928 1702 1063 1786 Capitl.
1077 1726 1104 1761 a.
1116 1701 1219 1788 8154
1235 1722 1280 1780 17.

375 1797 417 1858 Ut
443 1797 624 1876 Presbyteri
642 1815 771 1864 utanmr
789 1805 915 1865 assidue
938 1808 1061 1872 orariis,

234 1901 384 1966 CXLVI.
426 1906 612 1989 Presbyteri
640 1907 709 1968 sine
742 1908 978 1973 intermissione
1009 1920 1142 1974 utantur
1165 1909 1279 1974 orariis

148 1995 284 2068 propter
305 1986 517 2048 differentiam
536 1990 706 2050 sacerdotii
729 1991 904 2074 dignitatis.
1059 2005 1061 2012 ⁴

346 2093 393 2152 Ne
410 2094 487 2153 laici
506 2095 710 2170 Presbyteros
726 2098 842 2157 eiciunt
857 2097 896 2157 de
913 2097 1073 2160 Ecclesiis.

233 2193 398 2258 CXLVII.
441 2203 482 2259 Ut
503 2200 577 2258 laici
601 2201 806 2283 Presbyteros
827 2223 891 2262 non
912 2204 1029 2264 eiciant
1051 2206 1090 2265 de
1110 2205 1277 2283 EcclesiiS‚

149 2298 258 2359 neque
287 2282 481 2365 constituant
497 2282 566 2342 sine
583 2305 742 2344 consensu
751 2285 985 2367 Episcoporum
1001 2307 1140 2352 suorum.
1152 2289 1199 2352 lb.
1214 2309 1278 2354 c.2.

353 2387 401 2446 Ne
426 2389 502 2446 Iazbi
521 2389 541 2447 ὰ
563 2389 762 2464 Presbyteris
783 2413 912 2451 munera
933 2394 1071 2471 exr'gant.

232 2489 419 2553 CXLVIII.
462 2495 504 2552 Ut
527 2491 600 2552 laici
619 2494 751 2554 omnino
771 2517 904 2555 munera
927 2497 1043 2558 iniuste
1062 2520 1125 2557 non
1151 2500 1279 2581 exigant

148 2571 380 2654 dPresbyteris
407 2583 538 2654 propter
558 2576 867 2638 commendationem
886 2579 1057 2658 ¹Ecclesiae
1091 2579 1279 2663 cuiquamst

147 2653 350 2738 Presbytero.
395 2657 480 2721 Ibid.
496 2678 521 2720 c.
533 2657 562 2716 3.

524 2762 572 2821 De
587 2759 738 2842 fugitivis
759 2762 900 2829 Clericis,

234 2863 385 2927 CXLIX.
426 2869 470 2927 Ut
486 2867 707 2947 unusquisque
720 2868 896 2950 Episcopus
916 2868 949 2927 in
970 2891 1028 2929 sna¹
1049 2873 1200 2952 parocbia
1226 2875 1277 2934 di-

152 2947 295 3030 ligenter
318 2947 524 3031 Presbyteros
545 2951 596 3010 vel
628 2949 771 3011 Clericos
800 2950 942 3030 inquirat
967 2952 1053 3012 unde
1080 2954 1152 3014 sint.
1196 2957 1279 3017 Etsi

151 3031 294 3113 aliquem
315 3031 485 3113 fugitivum
500 3031 723 3108 invenerit,ad
739 3054 830 3091 suum
840 3033 1036 3116 Episcopum
1050 3037 1156 3097 redire
1176 3038 1281 3104 saciat.

554 3138 603 3195 De
625 3136 740 3195 letania
754 3139 880 3201 maiore.

236 3215 302 3276 CL.
343 3215 470 3277 Placuit
486 3217 577 3278 nobis
595 3228 632 3277 ut
649 3216 767 3278 letania
781 3218 882 3279 maior
896 3221 1091 3282 observanda
1106 3223 1146 3284 sit
1159 3225 1281 3287 deunc-

152 3297 194 3359 tis
215 3297 406 3358 Christianis
430 3299 541 3362 diebus
556 3300 668 3360 tribus

385 3407 433 3463 De
451 3418 585 3486 quatuor
609 3405 811 3489 Temporibus
833 3407 1052 3475 observandis.

238 3507 322 3569 CLI.
365 3510 596 3572 Constituimus
619 3520 654 3570 ut
670 3519 807 3590 quatuor
825 3520 966 3594 tempora
986 3517 1062 3576 anni
1085 3519 1123 3578 ab
1137 3523 1284 3583 omnibus

73 3632 74 3635 =
154 3613 229 3652 cum
247 3591 370 3650 ieiunio
389 3592 607 3658 observentur.
638 3592 757 3668 idest,
780 3593 812 3652 in
830 3596 945 3655 Martio
959 3619 1086 3676 mense,
1109 3601 1284 3663 bebdoma-

154 3675 193 3734 da
212 3673 337 3752 prima,
360 3675 439 3733 feria
461 3685 583 3754 quarta,
600 3683 632 3734 et
650 3675 797 3750 sabbato,
819 3677 951 3738 veniant
974 3701 1084 3742 omnes
1108 3685 1147 3742 ad
1169 3685 1285 3745 Eccle-

153 3755 233 3815 siam
247 3753 325 3814 bora
348 3778 431 3814 nona
450 3778 523 3816 cum
539 3757 666 3817 letaniis
681 3756 721 3816 ad
736 3757 903 3818 Missurum
921 3760 1085 3820 solemnia.
1128 3766 1285 3826 Similiter

154 3835 188 3895 in
212 3857 320 3897 mense
346 3838 458 3915 lunio,
478 3838 676 3899 bebdomada
702 3841 859 3916 secunda,
883 3842 962 3900 feria
989 3854 1101 3922 quartu
1124 3852 1287 3924 etsexta,

140 3918 284 3980 sabbato
307 3919 471 3980 ieiunetur
486 3942 587 4001 usque
606 3921 645 3981 ad
667 3920 777 3978 horam
800 3943 939 3999 nonam,
963 3934 995 3983 et
1012 3927 1027 3984 d
1043 3948 1139 3987 carne
1159 3929 1197 3988 ab
1220 3952 1284 3988 om-

155 4001 251 4060 nibus
271 4001 476 4062 abstineatur.
519 4003 675 4063 Similiter
689 4003 720 4060 in
744 4023 851 4062 mense
873 4004 1094 4085 Septembris,
1117 4009 1289 4070 hebdoma-

155 4081 194 4141 da
218 4083 322 4147 tertia.
364 4084 405 4142 Et
422 4083 454 4142 iu
480 4106 589 4146 mense
617 4083 826 4160 Decembrio,
858 4083 1056 4149 bebdomada
1083 4093 1285 4170 qnae'l'uerit

153 4163 251 4244 plena
278 4175 350 4224 ante
370 4165 511 4247 vigiliam
529 4166 649 4228 Natalis
666 4165 817 4244 Domini,
839 4166 923 4229 sicat
947 4172 1043 4232 estin
1062 4173 1202 4234 Romana
1221 4177 1287 4236 Ec-

159 4245 258 4307 clesia
277 4246 439 4310 traditum.
