2910 4984
344 339 361 405 4
433 319 615 379 enutrio
648 321 841 382 sacrans.
1152 297 1232 376 rot-

106 467 157 534 cio
179 459 421 532 convenientia;
448 461 690 544 superquibus
704 458 896 546 colligendis
917 466 1155 532 restrasoncta
1177 458 1232 524 de⁴
1333 477 1336 484 ‘

105 547 193 613 rotio
221 545 339 618 idcirco
368 566 518 625 magnum
545 546 642 610 nobis
667 545 785 608 ademit
810 542 970 620 laborem,
999 565 1037 604 eo
1068 545 1155 626 quod
1178 543 1230 603 di·
1262 611 1264 616 y

106 632 188 694 rina
207 628 305 711 gratia
322 626 403 687 adeo
424 635 470 686 tot
492 627 654 689 virtutum·
667 625 896 710 praerogativis
916 636 1058 688 vestrum
1080 627 1232 710 repleve-

106 715 150 776 rit
175 713 335 792 animnm,
353 718 385 769 et
406 711 609 771 exornaverit
630 709 840 792 dignitatem,
871 719 906 768 nt
931 709 1068 780 nonsit
1100 729 1231 770 necesse

107 793 335 858 Sacerdotibus
356 790 488 851 Domini
509 792 743 874 copiosioribus
764 792 920 874 exemplis
946 791 1092 872 qualibet
1115 811 1235 873 exage-

107 877 235 940 ratione
263 881 408 936 vestrum.
426 873 567 933 animum
591 896 736 941 onerare.
788 876 896 950 Quare
921 875 990 935 Deo
1018 873 1234 956 omnipotenti

109 959 223 1042 gratias
243 953 414 1016 uberrimas
432 977 467 1016 ac
487 957 681 1040 multiplices
696 956 877 1032 referimus,
899 957 956 1037 qui
975 958 1020 1017 ita
1037 978 1093 1018 vos
1112 957 1165 1038 pia
1179 977 1234 1014 re·

108 1041 244 1123 ligione,
266 1046 369 1100 sancta
391 1037 585 1114 devotione,
612 1038 754 1122 benigna
776 1037 959 1099 humilitate
967 1085 977 1116 ,
1004 1059 1109 1099 amore
1137 1037 1233 1098 iusti-

80 1181 82 1193 ,
108 1124 192 1199 tiae,
219 1119 369 1203 operibus
384 1120 640 1198 misericordiae,
666 1130 929 1201 caeterarumque
960 1131 1141 1182 sanctarum
1169 1119 1236 1202 vir·¹

108 1214 216 1267 tutum
236 1200 432 1286 perfectione
460 1225 517 1266 sua
533 1204 679 1284 ,gratuita
705 1201 822 1287 pietate
843 1202 975 1281 ditavit,
998 1215 1035 1264 ut
1055 1203 1172 1282 merito
1193 1202 1232 1263 ab

110 1287 258 1348 omnihus
282 1284 402 1344 amanti
428 1295 461 1345 et
481 1285 626 1354 imitandi
648 1286 726 1348 sitis.
769 1285 892 1346 Verum
916 1285 1049 1367 quodsi
1072 1285 1151 1346 haec
1173 1306 1234 1346 vo-

109 1370 159 1430 bis
183 1365 319 1428 coelitus
342 1367 495 1427 adtributa
521 1389 585 1427 non
613 1369 770 1446 luissent,
801 1389 875 1428 cum
894 1369 1064 1451 temporali
1086 1367 1233 1451 periculo

109 1461 243 1533 propter
263 1447 480 1510 auctoriritem
496 1449 779 1528 ministeriinostri
794 1473 851 1526 yos
873 1451 913 1510 ad
926 1472 961 1512 ea
977 1449 1161 1534 peragenda
1180 1449 1234 1510 ad·

112 1553 255 1608 monere,
277 1531 373 1590 immo
395 1533 590 1594 admonendo
616 1533 744 1614 exigere
767 1534 787 1592 ir-
807 1523 898 1594 vobis
920 1553 1052 1614 quoquo
1070 1531 1164 1592 modo
1179 1531 1234 1592 de-

110 1616 293 1690 bueramus,
317 1635 374 1690 ros
397 1624 563 1690 econtra,
585 1626 718 1698 propter
743 1615 890 1674 divinum
918 1637 1058 1676 amorem
1079 1622 1111 1674 et
1132 1613 1234 1674 hono·
1318 1683 1320 1690 Ι

112 1721 193 1775 rem,
221 1706 253 1757 et
274 1695 469 1756 admonendo
495 1718 552 1757 nos
576 1697 615 1769 ad
639 1699 763 1778 potiora
783 1697 982 1779 provocatis,
1000 1705 1040 1758 et
1064 1696 1153 1778 pium
1173 1716 1233 1778 op-

113 1790 354 1863 portunumque
375 1777 562 1858 adiutorium
576 1779 767 1858 nobislferre
787 1781 990 1844 devotissime
1010 1779 1136 1840 curatis.
1156 1781 1234 1848 Pro·

113 1863 190 1928 inde
212 1859 402 1921 humillimis
426 1861 568 1941 precihus
597 1863 779 1945 specialiter
798 1863 919 1948 pietati,
938 1872 1061 1924 vestrae
1087 1861 1234 1942 suggeri-

115 1966 186 2006 mus
207 1952 243 2003 ut
268 1944 388 2002 bonum
409 1943 487 2024 quod
515 1945 683 2027 coepistis,
711 1947 781 2018 Deo
803 1945 981 2026 opitulante
1012 1943 1234 2017 indesinenter

112 2021 270 2110 xperlicere
295 2046 360 2086 non
379 2025 558 2105 gravemini,
575 2037 608 2087 et
631 2027 664 2087 in
683 2026 896 2109 adimplendis
919 2025 1068 2104 operibus
1092 2025 1233 2086 iustitiae

116 2119 148 2170 et
169 2106 297 2188 pietatis
313 2129 350 2167 ac
362 2107 593 2170 misercordiae
610 2109 794 2170 nullatenus
809 2109 961 2186 deficiatis
971 2133 979 2178 ς
997 2108 1149 2189 quoniam
1166 2127 1233 2166 non

114 2189 361 2266 inchoantibus·
373 2189 430 2250 sed
453 2191 695 2271 perficientibus,
717 2191 893 2274 praemium
911 2201 1059 2252 aeternae
1082 2188 1166 2250 vitae
1182 2188 1235 2248 da-

48 2325 49 2328 ,
116 2283 179 2333 tur.
220 2274 261 2332 Et
282 2271 374 2332 iuxta
393 2271 538 2336 vertatis
557 2296 685 2346 vocem:
719 2275 781 2360 Qui
801 2275 1056 2357 perseveraverit
1080 2291 1175 2354 usque
1198 2272 1233 2330 in

106 2355 227 2440 finem,
249 2355 299 2414 tic
320 2355 428 2414 salvus
453 2358 514 2425 erit.

118 2469 215 2555 Quod
227 2471 260 2530 in
277 2468 428 2550 eligendis
449 2483 480 2530 et
490 2458 715 2544 constituendis
731 2473 891 2536 Ecclesiae
912 2471 1114 2545 Rectoribus,¹
1123 2471 1235 2551 Regem

323 2574 466 2632 magnum
487 2559 678 2636 ¹n'gilantiam
696 2557 845 2619 adbibere
870 2569 1021 2641 oportent.
1122 2577 1127 2584 ’

197 2661 322 2733 XXVI.
365 2670 487 2729 Iterum
504 2673 665 2752 monendo
686 2672 901 2755 magnitudini
932 2681 1054 2732 vestrae
1077 2665 1234 2750 supplici·

116 2763 167 2815 ter
189 2753 409 2834 suggerimus,
440 2763 477 2813 ut
497 2756 644 2838 deinceps
664 2756 695 2815 in
714 2755 808 2816 bonis
825 2755 1009 2817 Pastoribus
1031 2751 1236 2816 Rectoribus-

116 2835 239 2919 quein
273 2834 427 2896 Ecclesiis
454 2838 505 2895 De'
540 2839 770 2899 constituendis
792 2837 942 2918 magnum
965 2834 1105 2897 studium
1137 2842 1233 2912 atque

115 2917 354 2978 solertissimam
372 2915 538 2981 adhibea‘is
553 2942 676 2981 euram:
694 2921 776 3001 quia
788 2921 813 2980 si
828 2920 922 2980 aliter
940 2920 1060 2980 factum
1076 2915 1186 2989 fuerit,
1203 2921 1236 2972 et

117 3000 197 3058 ordo
220 2999 451 3060 ecclesiasticus
477 3021 556 3061 surm
582 3024 647 3062 non
672 3002 803 3063 habebit
830 3002 1034 3084 dignitatem,
1064 3009 1096 3059 et
1117 2995 1234 3077 religio

118 3079 300 3139 Christiana
327 3080 360 3137 in
380 3081 488 3142 multis
509 3082 718 3156 labefactando
741 3085 854 3154 damna
875 3080 1061 3145 detrimenti
1076 3075 1235 3161 suipatief

115 3170 181 3238 tur,
195 3172 235 3304 lgt
265 3161 389 3222 animae
411 3173 544 3234 restrae,
565 3168 653 3252 quod
674 3188 740 3228 uon
763 3176 931 3250 optamus,
965 3163 1147 3251 periculum
1176 3181 1233 3243 ge·

117 3265 195 3304 nera
219 3253 293 3311 rtur,

417 3331 478 3420 'De
498 3351 661 3416 Abtntz'ssis
685 3352 919 3418 constituendis.

198 3429 343 3519 XXVll.
385 3457 542 3521 Similiter
564 3463 758 3546 leposcimus
787 3473 823 3523 ut
849 3463 882 3522 in
905 3453 1082 3523 Abbatissis
1111 3457 1238 3521 consti-t

115 3538 244 3600 tuendis
271 3549 414 3602 vestrum
443 3541 618 3625 specialler
642 3545 780 3609 caveatis
806 3545 1007 3628 perieulum,
1036 3544 1119 3604 sicut
1144 3541 1243 3603 vohis

115 3643 220 3763 sempef
242 3633 289 3683 est
315 3625 534 3701 admonitum,
562 3645 582 3686 e·
604 3652 663 3714 per
688 3629 830 3694 divinam
848 3627 1069 3690 auctoritatem
1089 3624 1233 3687 crebrius

115 3723 201 3763 mam
218 3715 361 3766 estatum.
1203 3723 1206 3731 .

230 3813 280 3871 De
301 3813 498 3874 adiutoribus
519 3813 697 3896 reipublicae
719 3831 750 3880 et
777 3819 930 3879 ministris
957 3815 1121 3896 eligendis,
1146 3825 1149 3832 ’

195 3914 358 3984 XXVlll.
400 3919 464 3998 Sed
486 3928 518 3980 et
543 3918 834 4002 hoeohsecramus,
857 3923 943 3984 utin
966 3923 1124 4004 eligendis
1141 3921 1235 3983 ediu-

116 3997 239 4058 toribus
259 4002 371 4062 vestris
389 4011 422 4062 et
438 4001 624 4083 reipublice·
645 4007 808 4084 ministris,
830 4007 887 4088 qui
908 4007 978 4067 vice
1008 4015 1113 4067 vestra
1129 4028 1236 4089 popu-

116 4079 186 4140 lum
206 4082 269 4142 Dei
296 4105 408 4165 regere
433 4085 660 4166 etiguhernae
684 4100 778 4172 atque
805 4089 949 4150 iudicare
972 4088 1108 4165 debent„
1131 4089 1236 4150 soler·
1283 4097 1287 4101 '

116 4162 267 4222 tissimum
286 4167 519 4244 providentiam
535 4166 676 4247 habeats,
691 4193 817 4255 semper
831 4172 914 4232 illud
930 4171 1237 4252 attendentes-quod

116 4244 151 4306 in
172 4245 257 4307 libro
276 4247 381 4309 Exodi
405 4249 446 4310 ad
462 4251 605 4334 Moysem
628 4250 753 4318 deiters
795 4253 951 4332 Brouide,
973 4252 1094 4338 inquit,
1110 4253 1155 4316 de
1172 4276 1237 4338 op«
